3350 5442
330 322 392 387 194
449 297 460 319 '
897 324 1052 389 romnn

353 433 477 485 pen-ce
491 431 514 473 c.
1205 470 1209 477 .

325 513 471 590 iugerum.
502 531 571 573 uam
593 531 653 573 non
675 521 774 592 potest
795 513 826 572 in
844 512 969 574 ablativo
991 512 1134 591 singulari
1156 532 1174 572 o
1196 512 1295 574 littera
1317 513 1470 575 terminari
1491 514 1524 574 in
1545 530 1622 573 neu·

326 621 371 674 tro
394 632 505 693 genere
526 616 584 676 nisi
606 634 621 675 a
644 616 825 677 nominativo
847 634 897 675 nm
919 616 1091 685 terminato,
1115 614 1172 675 boc
1193 612 1336 695 tempium
1359 614 1395 676 ab
1418 614 1475 682 hoc
1497 612 1622 695 templo,

326 714 382 776 hoc
411 722 521 777 tectum
550 716 587 778 ab
615 716 673 778 hoc
699 726 787 779 tecto.
832 718 857 778 si
885 718 928 777 sic
956 717 1082 789 dixeris,
1112 717 1149 779 ab
1171 716 1368 795 beringero,
1393 717 1621 795 eritiugerum.

324 817 376 878 sed
404 820 513 880 iterum
540 819 647 881 ialsum
676 826 734 888 est,
763 821 847 899 quia,
876 822 902 881 si
931 817 1041 880 dixeris
1063 820 1215 899 iugerum,
1238 836 1342 881 omnes
1363 836 1451 879 casus
1472 818 1623 879 secundae

325 928 412 980 erunt
440 920 655 983 declinationis,
700 940 789 1001 quem
816 921 853 983 ad
882 921 1003 983 modum
1031 921 1088 982 hoc
1116 939 1270 983 scamnum
1298 920 1388 982 buius
1414 922 1529 982 scamni
1549 920 1646 981 buics

324 1038 445 1082 scamno
474 1022 531 1084 boc
559 1040 727 1093 scamnum,
756 1023 798 1085 sic
826 1021 919 1084 babes
947 1032 977 1084 et
1003 1022 1062 1084 boe
1089 1022 1257 1093 declinare,
1286 1022 1344 1085 hoc
1371 1018 1508 1103 iugerum
1535 1021 1624 1083 buius

322 1124 434 1202 iugeri;
459 1144 518 1185 non
540 1124 628 1186 huius
650 1126 776 1203 ingeris,
800 1124 853 1185 scd
876 1125 967 1185 huius
988 1125 1093 1203 iugeri.
1139 1125 1271 1187 sednon
1293 1124 1351 1186 hoc
1373 1126 1543 1203 sequimur,
1568 1123 1623 1185 sed

324 1244 504 1306 usurpamus
526 1245 628 1289 casum
650 1225 810 1288 ablativum
826 1226 1021 1306 singularem:
1045 1226 1153 1307 reliqui
1175 1246 1280 1289 omnes
1301 1245 1389 1289 casus
1410 1238 1625 1289 remanserunt

323 1330 353 1389 in
378 1330 463 1390 tertia
486 1328 691 1391 declinatione.
1059 1380 1064 1387 ,

407 1432 431 1491 V
454 1432 629 1493 terminatus
651 1431 796 1493 ablativus
818 1432 988 1509 genetivum
1017 1429 1162 1511 pluralem
1187 1429 1191 1513 Ι
1214 1432 1246 1491 in
1268 1451 1341 1493 uum
1361 1433 1466 1500 mittit,
1488 1430 1620 1491 dativum
1635 1448 1654 1486 u

323 1540 352 1592 et
375 1522 534 1594 ablativum
556 1534 586 1593 in
611 1532 679 1604 bus,
710 1541 742 1595 ut
764 1532 801 1595 ab
823 1532 881 1594 boc
906 1552 993 1594 versu
1015 1533 1123 1594 horum
1144 1552 1284 1595 versuum
1307 1534 1353 1594 bis
1375 1542 1405 1595 et
1426 1532 1464 1594 ab
1485 1533 1533 1594 bis
1555 1552 1623 1593 ver·

207 1646 267 1709 434,
282 1634 417 1707 assibus
455 1636 626 1715 quaeritur,
649 1643 749 1697 utrum
773 1635 936 1697 debeamus
958 1635 1058 1698 dicere
1081 1634 1239 1705 versubus,
1264 1635 1410 1716 quemad
1433 1635 1555 1697 modum
1577 1634 1624 1695 di·

322 1739 418 1799 cimus
440 1736 585 1808 arcubus,
610 1738 758 1817 quemad
782 1737 902 1798 modum
926 1737 1051 1799 dicimus
1073 1736 1206 1799 artubus.
1251 1740 1293 1797 ait
1313 1739 1370 1807 sic,
1395 1738 1474 1797 ‘non
1497 1755 1622 1798 necesse

322 1844 391 1901 cst'.
437 1858 494 1919 qua
521 1841 638 1900 ratione
667 1858 727 1901 non
749 1857 872 1901 necesse
895 1840 956 1901 esti
985 1840 1125 1919 quoniam
1146 1838 1197 1899 ille
1219 1838 1333 1903 dativus
1355 1838 1478 1919 pluralis
1499 1838 1546 1899 vel
1568 1838 1622 1898 ab·

321 1940 441 2010 lativus,
465 1942 583 2022 quando
606 1948 716 2005 exeunt
736 1942 769 2003 in
791 1941 881 2010 ubus,
912 1943 1087 2002 necessitate
1110 1948 1235 2011 exeunt,
1259 1959 1320 2001 non
1342 1940 1506 2002 secundum
1527 1955 1656 2019 regu-1⁵

320 2040 393 2113 lam:
424 2044 476 2105 sed
499 2043 630 2106 volentes
653 2045 751 2105 iacere
774 2043 971 2106 differentiam
993 2043 1211 2123 interponimus
1233 2044 1320 2104 istam
1343 2041 1471 2104 litteram
1494 2050 1525 2103 et
1546 2060 1620 2103 con·

319 2147 473 2207 vertimus,
517 2155 550 2207 ut
571 2153 641 2227 puta
663 2144 701 2205 ab
724 2144 781 2206 boc
803 2163 874 2206 arcu
897 2152 927 2207 ct
948 2144 985 2205 ab
1007 2143 1063 2205 bac
1085 2163 1154 2207 arce
1177 2145 1299 2207 iacimus
1327 2142 1501 2205 ablativum:
1532 2141 1616 2205 aliud

320 2255 365 2309 cst
387 2267 454 2320 arx,
479 2247 559 2309 aliud
583 2256 627 2309 est
648 2265 750 2316 arcus,
773 2246 830 2307 alia
852 2247 1028 2325 significatio
1051 2255 1109 2316 est;
1132 2248 1158 2307 si
1172 2247 1254 2309 dicas
1268 2246 1400 2316 arcibus,
1420 2261 1510 2307 'arces
1525 2248 1620 2325 signi·
1671 2311 1672 2314 ,

319 2351 404 2420 dcam
427 2352 452 2411 si
475 2350 557 2411 dicas
579 2348 721 2419 arcubus,
746 2367 833 2410 arcus
856 2350 1013 2428 significas.
1056 2356 1089 2410 ut
1109 2350 1204 2429 possit
1225 2351 1357 2420 secerni,
1381 2366 1505 2410 necesse
1526 2347 1623 2409 babes

318 2455 328 2512 i
350 2454 382 2514 in
404 2472 425 2515 u
447 2460 578 2523 mutare,
602 2460 635 2513 ut
657 2450 737 2512 aliud
762 2451 799 2511 sit
822 2468 923 2525 arcus,
948 2448 1028 2511 aliud
1051 2469 1135 2511 arces
1157 2457 1187 2511 et
1207 2450 1324 2512 similia.
1362 2457 1497 2512 ceterum
1519 2456 1553 2512 ut
1573 2449 1621 2509 di·
1634 2466 1658 2505 eo

318 2572 421 2616 camus
443 2552 590 2615 versubus
612 2560 663 2614 aut
685 2552 836 2624 versibus,
860 2571 936 2631 quae
959 2555 1016 2614 erit
1038 2552 1222 2613 differentia?
1244 2552 1385 2632 numquid
1409 2550 1529 2632 quando
1552 2551 1622 2613 dico

317 2657 477 2727 versubus,
501 2655 582 2718 aliud
606 2656 679 2725 erit,
704 2661 734 2715 et
755 2654 873 2736 quando
896 2655 963 2716 dico
985 2652 1128 2725 versibus,
1152 2652 1230 2715 aliud
1254 2655 1328 2715 erit?
1357 2673 1428 2715 non.
1461 2654 1545 2714 unde
1567 2673 1623 2735 ap·

317 2768 402 2839 paret
424 2761 491 2841 quia
515 2776 575 2820 oon
598 2757 789 2819 retinendum
812 2764 866 2818 est.
896 2755 998 2835 regula
1015 2758 1093 2817 enim
1108 2757 1173 2836 ipsa
1195 2757 1240 2817 sio
1261 2755 1368 2817 tradita
1390 2764 1449 2825 est,
1472 2755 1621 2817 ablativus

317 2860 475 2938 singularis
497 2880 517 2921 u
538 2859 634 2921 littera
657 2861 835 2921 terminatus
859 2858 988 2919 dativum
1010 2865 1041 2919 et
1062 2857 1221 2919 ablativum
1236 2856 1381 2939 pluralem
1397 2860 1429 2919 in
1444 2857 1499 2919 bus
1515 2860 1617 2929 mittit,

316 2963 388 3022 uin
411 2963 421 3021 i
442 2970 554 3023 mutata
582 2980 709 3041 semper.
754 2960 791 3022 ab
820 2962 876 3021 hoc
904 2978 1006 3030 versu,
1039 2968 1121 3021 muta
1149 2978 1169 3020 u
1195 2960 1226 3019 in
1248 2960 1273 3029 i,
1297 2958 1373 3020 adde
1396 2958 1466 3029 bus,
1492 2968 1524 3020 et
1547 2960 1656 3021 tacitas

317 3063 465 3133 versibus;
489 3061 527 3123 ab
549 3062 604 3124 hac
626 3082 715 3126 manu
737 3062 808 3124 lacit
826 3060 828 3142 l
846 3062 997 3131 manibus;
1021 3061 1058 3122 ab
1071 3062 1127 3124 hac
1142 3062 1272 3141 porticu,
1296 3079 1315 3121 u
1337 3064 1368 3122 in
1390 3063 1400 3120 i
1423 3068 1514 3129 muta,
1539 3062 1616 3124 adde

318 3164 389 3234 bus,
419 3172 449 3227 et
474 3165 546 3225 iacit
574 3166 702 3227 dativum
730 3171 760 3226 et
788 3162 948 3226 ablativum
977 3163 1137 3245 pluralem,
1166 3162 1213 3223 his
1241 3170 1271 3224 ct
1298 3162 1336 3223 ab
1363 3162 1409 3224 bis
1438 3164 1616 3242 porticibus.

318 3268 435 3347 quando
468 3273 568 3329 autem
600 3275 735 3329 remanet
768 3285 801 3337 u,
836 3284 957 3328 necesse
985 3265 1075 3326 habet
1103 3282 1259 3327 remanere
1289 3283 1379 3326 causa
1406 3265 1615 3335 discretionis;

317 3368 434 3449 quando
457 3368 582 3431 dicimus
604 3368 731 3431 arcubus
755 3378 784 3431 et
806 3368 940 3439 arcibus,
963 3386 1002 3428 ne
1024 3369 1063 3429 sit
1084 3366 1182 3448 aliqua
1204 3367 1353 3437 conlusio,
1377 3385 1501 3428 necesse
1524 3367 1617 3429 babe-

316 3490 383 3533 mus
410 3472 467 3533 hoc
497 3470 664 3533 observare.
711 3479 740 3533 et
767 3473 840 3532 item
869 3488 907 3531 ne
934 3470 1070 3531 conlusio
1092 3471 1131 3530 sit
1151 3470 1230 3530 inter
1251 3475 1332 3530 artus
1355 3476 1384 3529 et
1405 3476 1501 3539 artes,
1525 3487 1656 3531 causaeo

316 3573 503 3635 discretionis
530 3574 587 3635 hoe
616 3592 741 3635 necesse
770 3572 914 3634 babemus
940 3572 1053 3642 lacere,
1086 3578 1121 3632 ut
1152 3591 1171 3632 u
1204 3578 1365 3633 remaneat.
1408 3571 1466 3632 hoc
1493 3572 1618 3652 quidem

317 3675 402 3737 bone.
449 3684 479 3738 et
500 3694 592 3755 quare
615 3674 672 3737 sibi
694 3676 779 3736 istam
802 3674 932 3737 litteram
954 3673 1132 3754 adsumpsit,
1157 3674 1193 3734 ul
1220 3691 1313 3753 quare
1336 3691 1395 3733 non
1417 3673 1547 3735 dicimus
1570 3693 1618 3734 ar·

316 3778 423 3849 cobus,
448 3778 501 3838 sed
524 3777 671 3840 arcubus?
695 3776 830 3859 [quando
852 3776 988 3839 conlusio
1012 3784 1070 3846 est,
1092 3794 1153 3836 non
1177 3781 1280 3837 vacant
1300 3776 1374 3836 istae
1396 3792 1501 3835 omnes
1522 3778 1618 3836 ratio·

315 3878 382 3961 nes]
411 3881 550 3960 quoniam
579 3880 757 3941 antistichon
786 3887 838 3939 est.
884 3878 1062 3940 antistichon
1091 3877 1212 3948 dicitur,
1247 3876 1365 3957 quando
1393 3875 1484 3937 altera
1513 3875 1619 3939 littera

315 4002 369 4063 pro
397 3981 488 4043 altera
516 3984 645 4062 ponitur.
692 3982 747 4042 hae
774 3988 873 4042 autem
902 3978 983 4042 solae
1011 3982 1074 4041 eius
1102 3980 1183 4041 modi
1204 3986 1286 4049 suot,
1310 3996 1387 4059 quae
1407 3996 1464 4058 pro
1485 3997 1519 4041 se
1541 3982 1656 4059 ponias

314 4090 452 4165 possunt,
476 4103 497 4146 u
519 4092 549 4145 et
568 4086 580 4144 i
602 4083 714 4153 littera;
737 4084 809 4144 istas
835 4079 950 4144 litteras
977 4100 1136 4163 possumus
1158 4083 1236 4142 inter
1258 4098 1291 4142 se
1312 4088 1435 4165 mutare.
1466 4082 1511 4143 vis
1534 4084 1618 4143 scire

384 4258 417 4307 12
436 4256 559 4305 debemus
577 4254 634 4305 AB
707 4252 740 4306 13
757 4253 865 4304 arcubus
881 4260 907 4303 et
923 4254 1030 4304 artubus
1048 4253 1073 4301 A
1143 4252 1177 4303 14
1194 4266 1245 4314 qne
1262 4252 1360 4302 ratione
1378 4266 1429 4301 nou
1447 4266 1555 4303 necesse
1576 4262 1618 4303 est

313 4326 517 4385 om.AB,cdd.
536 4325 573 4375 ab
628 4325 659 4376 15
675 4324 702 4373 in
718 4324 860 4374 ubusain
878 4324 926 4374 bus
944 4323 1028 4374 ABG
1080 4321 1113 4372 17
1131 4321 1202 4371 aliud
1221 4329 1260 4371 est
1276 4336 1323 4372 arx
1341 4321 1411 4372 eliud
1431 4322 1543 4373 arose
1562 4324 1619 4374 alia

314 4404 352 4448 est
372 4410 419 4445 arx
443 4396 514 4447 aliud
537 4404 576 4445 est
594 4393 646 4459 (est
663 4410 708 4449 om.
726 4392 788 4458 Ba)
804 4408 878 4443 arcus
896 4392 953 4442 AB
1025 4392 1177 4443 etcaduca
1195 4400 1221 4441 et
1239 4391 1367 4443 oblatiuos
1385 4390 1500 4458 plurales
1514 4394 1541 4442 A

314 4466 485 4517 mittuntAG
554 4466 587 4516 25
610 4480 686 4516 uersu
712 4471 816 4514 mutau
835 4462 884 4513 Ba
906 4478 983 4514 uersu
1007 4469 1105 4513 mututa
1126 4462 1218 4513 uAG
1285 4462 1544 4514 26uinimutate
1560 4462 1620 4515 BG

372 4536 415 4592 ,vu
433 4537 534 4587 arcibus
552 4536 603 4585 nisi
620 4536 654 4585 sit
670 4534 753 4585 ABG
802 4531 837 4585 30
855 4533 904 4584 boc
919 4533 1058 4583 obseruare
1075 4532 1130 4584 AO
1144 4530 1311 4582 boceemare
1325 4532 1368 4582 Ba
1420 4530 1453 4583 31
1478 4544 1617 4585 remaneat

314 4606 345 4655 ab
369 4606 418 4655 hoc
434 4607 460 4656 A
485 4614 614 4656 remaneat
636 4605 668 4655 ob
693 4604 742 4656 hoc
759 4603 784 4654 B
854 4603 888 4655 32
911 4600 1032 4670 litteram]
1052 4603 1168 4669 regulam
1186 4602 1214 4653 B
1283 4601 1318 4654 33
1336 4601 1508 4653 conionumc
1579 4603 1617 4655 34

313 4676 431 4739 quoniam
451 4675 603 4726 orruistichon
621 4676 715 4737 (littero
735 4674 796 4724 add.
813 4672 841 4737 c)
857 4683 895 4723 est
914 4672 1068 4724 antistichon
1088 4671 1216 4722 diciturb'
1233 4674 1352 4736 quonism
1370 4673 1508 4723 entistieon
1528 4674 1613 4733 (enti-

312 4744 410 4795 stbieon
424 4744 463 4809 A)
475 4745 560 4795 littere
578 4754 616 4796 est
635 4746 770 4794 orruisticon
787 4742 919 4805 (antlricon
935 4744 959 4794 A
977 4742 1131 4793 euthistieon
1143 4740 1173 4806 a)
1190 4742 1284 4792 dicitur
1296 4743 1352 4794 AB
1403 4743 1506 4806 quondo
1525 4744 1611 4794 altere

234 4880 236 4887 Ι
312 4816 394 4865 littera
413 4832 429 4864 a
447 4816 548 4877 quando
567 4830 582 4864 a
598 4815 679 4865 littera
699 4816 722 4865 A
741 4814 842 4877 quando
860 4814 911 4864 alic
924 4814 1008 4863 littera
1023 4813 1049 4863 B
1065 4813 1168 4875 qucndo
1186 4812 1267 4863 ultera
1286 4813 1308 4863 C
