3350 5442
324 371 388 443 468
876 378 1059 442 evarcflts

350 498 371 538 p.
387 485 430 526 us.
444 487 468 526 rc
483 483 503 525 c.
1415 501 1435 540 p.
1449 488 1558 529 are-ao
1571 487 1590 526 r.

324 565 452 646 aliquem
474 567 603 628 inveniri
625 570 829 646 cognovimus
858 569 918 629 nisi
936 569 1116 630 infinitivum
1140 566 1153 649 ll
1177 570 1300 631 scabere
1323 569 1400 648 apud
1423 569 1609 648 Menippeum

324 667 487 730 Varronem
508 671 539 729 in
562 669 722 740 Catamito;
745 670 823 750 quod
847 673 950 732 venire
972 691 989 732 a
1011 673 1159 751 positione
1175 672 1258 733 verbi
1279 673 1359 752 quod
1381 679 1428 732 est
1449 670 1559 732 seabio
1572 671 1609 730 rel

324 769 428 842 scabo,
452 770 530 832 unde
554 771 669 832 scabies
691 789 798 833 nomen
821 781 867 834 est
888 774 1069 844 derivatum,
1093 774 1300 858 etpverisimile
1322 781 1419 854 potest
1434 775 1609 834 existimari.

324 874 426 935 ivero
449 873 642 936 antecedente
665 873 738 936 baec
760 882 874 937 tantum
897 885 967 938 suat
992 879 1100 938 tertiae
1122 878 1354 954 coniugationis,
1383 875 1470 936 brevi
1492 875 1609 956 quidem

324 982 355 1035 ut
378 973 450 1035 bibo
472 974 566 1045 bibis,
591 975 678 1054 longa
700 995 771 1038 vero
792 985 825 1038 ut
847 977 947 1039 scribo
968 977 1088 1040 scribis.
1132 981 1204 1040 item
1227 997 1247 1038 u
1269 979 1362 1040 vocali
1383 978 1473 1055 longa
1494 986 1626 1038 comeo-s

323 1075 410 1137 dente
433 1095 525 1138 unum
548 1085 593 1138 est
615 1081 720 1140 tertiae
742 1083 974 1159 coniugatiouis,
998 1088 1031 1140 ut
1052 1079 1132 1141 nubo
1153 1080 1259 1151 nubis;
1287 1101 1316 1142 m
1337 1099 1408 1141 vero
1430 1090 1608 1141 consonante

323 1178 516 1240 antecedente
539 1179 597 1241 duo
619 1188 704 1251 sunt,
727 1188 760 1241 ut
781 1182 880 1244 lambo
902 1181 1024 1254 lambis,
1047 1183 1125 1244 unde
1148 1183 1291 1260 Virgilius
1312 1183 1339 1244 11
1362 1182 1441 1244 libro
1464 1182 1608 1242 Aeneidos

323 1279 399 1340 dixit
421 1280 604 1344 ‘lambere
627 1283 776 1346 flamma
798 1286 947 1355 comas',
977 1293 1007 1346 et
1028 1303 1044 1345 a
1068 1284 1160 1345 verbo
1181 1284 1305 1354 cumbe,
1328 1285 1406 1365 quod
1429 1284 1561 1363 simplex
1581 1287 1606 1344 in

296 1437 298 1445 .
324 1401 378 1444 usu
412 1401 471 1444 non
506 1393 566 1455 est,
597 1388 776 1466 composita,
814 1386 955 1448 incumbo
987 1386 1149 1458 incumbis,
1179 1386 1341 1467 procumbo
1379 1385 1571 1465 procumbis,

321 1486 464 1548 accumbo
497 1485 661 1558 accumbis,
696 1489 858 1550 succumbo
890 1487 1076 1559 succumbis,
1115 1507 1242 1569 quorum
1269 1490 1456 1568 primitivum
1489 1491 1557 1548 sine
1581 1507 1632 1548 mas

315 1591 495 1650 enuntiatur
528 1596 647 1670 tamque
680 1591 805 1670 simplex
842 1610 932 1670 quarn
959 1593 1155 1670 compositum
1185 1593 1250 1653 sine
1272 1610 1303 1652 m
1324 1589 1475 1670 prolatum
1497 1591 1605 1669 primae

321 1692 540 1768 coniugationis
563 1698 623 1761 est,
646 1699 680 1753 ut
701 1691 777 1754 cubo
799 1691 906 1763 cubas,
929 1692 1039 1753 incubo
1061 1684 1200 1763 incubas,
1223 1691 1357 1772 procubo
1377 1691 1539 1771 procubas,
1562 1711 1605 1752 aa·

321 1792 397 1854 cubo
420 1792 558 1854 excubas.

405 1893 439 1956 lu
467 1913 502 1956 co
529 1896 698 1956 desinentia
726 1895 815 1958 verba
842 1899 994 1977 primitiva
1012 1915 1074 1981 ¹seu
1108 1897 1271 1960 derivativa
1302 1913 1490 1976 quacumque
1520 1897 1605 1957 vocali

321 1997 514 2057 antecedente
537 1999 651 2077 primae
674 2004 744 2059 sunt
766 2001 999 2077 coniugationis,
1023 2008 1054 2062 ut
1076 1999 1162 2079 placo
1183 2000 1294 2078 placas,
1317 2017 1394 2060 vaco
1411 2017 1513 2070 vacas,
1538 2019 1631 2060 necor

322 2116 425 2168 necas,
450 2117 518 2159 seco
540 2098 619 2179 plico
641 2101 717 2159 mico
740 2099 849 2160 dimico
871 2102 967 2160 emico
989 2102 1067 2162 lrico
1089 2101 1156 2161 dico
1186 2101 1367 2181 paenultima
1396 2100 1497 2170 brevi,
1526 2104 1604 2161 cuius

322 2201 454 2262 luturum
476 2203 507 2262 in
529 2201 543 2261 1
564 2200 641 2262 libro
664 2201 810 2262 Aeneidos
832 2203 974 2280 Virgilius
996 2205 1111 2282 posuit,

472 2303 632 2363 conubio
654 2305 801 2381 iungam
824 2304 960 2368 stabili
981 2307 1251 2385 propriamque
1273 2304 1423 2374 dicabo,

224 2401 232 2412 ’
322 2405 398 2465 uude
427 2405 532 2466 dedico
561 2406 659 2466 indico
689 2405 794 2467 abdico
824 2414 1055 2486 componuntur:
1091 2407 1187 2468 albico
1215 2410 1286 2468 item
1313 2407 1440 2476 albicaS,
1471 2407 1603 2469 Horatius

320 2509 483 2568 carminum
504 2506 583 2568 libro
604 2508 617 2568 1

471 2629 537 2671 nec
560 2617 665 2690 prata
689 2613 792 2670 canis
815 2609 983 2672 albicant
1004 2613 1168 2691 pruinis:

322 2711 427 2772 vellico
454 2713 589 2782 vellicas‚
617 2712 697 2774 idem
725 2731 897 2774 sermonum
923 2713 1002 2776 libro
1029 2714 1240 2775 l‘vollicat
1260 2713 1458 2774 absentem
1480 2713 1600 2774 liemc-

320 2816 454 2875 trius’:
483 2815 617 2896 claudico
644 2815 808 2884 claudicas,
837 2815 956 2877 vindico
983 2815 1131 2885 vindicas,
1165 2816 1285 2895 duplico
1311 2797 1462 2895 duplicas,
1490 2816 1601 2877 eradico

321 2915 469 2986 eradicas,
494 2914 653 2978 Terentius
675 2917 706 2978 in
730 2915 841 2978 Andria

471 3017 508 3078 dl
529 3025 565 3078 te
589 3019 804 3094 eradicent,
828 3021 880 3079 ita
901 3038 954 3080 me
977 3021 1152 3080 miseram
1174 3022 1348 3080 territas:

321 3118 459 3181 rnendico
483 3120 647 3190 mendicas,
671 3121 783 3182 sulioco
798 3121 941 3190 suffocas,
965 3121 1029 3182 loco
1051 3122 1143 3192 locas,
1167 3140 1239 3182 voco
1260 3139 1361 3190 vocas,
1384 3123 1463 3200 quod
1485 3121 1598 3201 praend-

321 3223 422 3284 timam
445 3223 574 3282 nominis
596 3221 713 3300 longam
736 3224 766 3282 in
788 3222 881 3283 verbo
902 3224 1057 3302 corripuit.
1102 3231 1241 3285 notantur
1262 3225 1370 3284 tertiae
1391 3225 1599 3301 coniugationis

320 3341 391 3384 coeo
426 3326 505 3386 cocis
538 3331 568 3386 et
600 3342 674 3404 quae
704 3323 741 3384 ab
770 3342 805 3384 eo
833 3333 1066 3404 componuntur,
1100 3325 1209 3386 decoco
1241 3343 1368 3405 percoco
1402 3328 1513 3386 incoeo.
1554 3328 1597 3384 coi

320 3425 411 3487 verbo
433 3426 504 3488 licet
526 3445 632 3488 nomen
655 3425 797 3488 adhaeret
818 3444 921 3497 cocus,
944 3434 1123 3488 tamennon
1146 3427 1183 3488 ab
1205 3446 1240 3487 eo
1255 3425 1393 3496 verbum,
1417 3427 1470 3488 sed
1484 3447 1501 3488 a
1515 3425 1597 3486 verbo

319 3547 426 3594 nomen
450 3528 557 3591 deduci
579 3535 778 3590 monstratum
800 3531 832 3589 in
854 3546 945 3607 supra
959 3529 1048 3589 dictis
1069 3531 1252 3590 sullicienter
1274 3529 1424 3590 existimo.
1453 3531 1624 3609 excipior-o

256 3701 260 3708 ¹
320 3638 368 3692 tur
383 3649 475 3710 pauca
491 3633 590 3701 etiam,
618 3649 693 3710 quiae
716 3633 822 3691 tertiae
845 3638 916 3692 sunt
936 3632 1154 3708 coniugationis
1175 3631 1362 3693 differentiae
1384 3649 1486 3691 causa:
1508 3633 1517 3690 i
1537 3631 1595 3709 qui·

320 3733 386 3794 dem
409 3733 503 3794 vocali
526 3733 613 3810 longa
637 3732 845 3804 antecedente,
868 3732 935 3793 dico
958 3732 1048 3803 dicis,
1072 3732 1102 3793 id
1125 3740 1171 3793 est
1191 3751 1297 3801 narro,
1321 3741 1354 3793 ut
1375 3733 1467 3794 distet
1480 3728 1494 3812 ll
1509 3731 1543 3792 ab
1562 3749 1594 3790 eo

319 3836 367 3895 cui
390 3834 488 3894 brevis
509 3837 520 3895 i
543 3834 692 3895 antecedit
714 3843 743 3895 et
765 3853 855 3896 sensu
878 3843 907 3895 et
929 3835 1136 3912 coniugatione
1159 3841 1189 3895 et
1210 3843 1355 3914 tempore.
1399 3834 1477 3896 unde
1497 3835 1593 3894 merito

318 3938 381 3998 suis
404 3936 586 4016 respondent
607 3937 768 4015 primitivis
790 3935 826 3998 ab
849 3944 976 4014 utroque
999 3938 1177 4016 composita,
1206 3943 1240 3998 ut
1262 3934 1364 4016 [edico
1386 3934 1493 4014 edicis]
1516 3952 1590 4014 prae·

318 4039 387 4102 dico
412 4037 562 4118 praedicis
588 4037 805 4116 longitudinem
837 4039 982 4118 primitivi
1015 4056 1139 4100 servans
1170 4040 1279 4100 tertiae
1305 4045 1351 4100 est
1377 4037 1620 4116 coniurationes

389 4313 401 4362 l
422 4310 530 4360 inueniri
550 4319 560 4361 t
577 4311 676 4361 interim
694 4309 750 4360 BP
767 4309 867 4360 interim
882 4310 992 4360 inueniri
1008 4311 1026 4373 s
1072 4305 1243 4377 menippeum]
1264 4308 1410 4376 memphnm
1426 4317 1438 4359 t
1452 4305 1587 4374 mempbium

316 4383 334 4442 s
381 4379 629 4442 2ineamitoBts
676 4380 876 4447 iuirg.lib.V
897 4380 1151 4434 aeneidothden.
1175 4379 1265 4432 11684
1316 4377 1452 4446 iteumbo]
1472 4378 1585 4441 cfii’riac.

318 4453 335 4504 i.
352 4450 375 4500 X
394 4467 421 4516 p.
440 4451 501 4514 507,
519 4451 536 4501 3
606 4450 635 4502 11
657 4450 799 4502 enuntiatur
817 4459 918 4512 tamque
934 4450 1043 4515 simplex
1057 4451 1082 4500 B
1095 4450 1252 4501 concutiatum
1263 4457 1364 4511 umque
1380 4449 1486 4514 simplex
1502 4450 1586 4498 Paua·

318 4521 398 4571 ciatur
417 4529 467 4570 tam
485 4521 623 4584 sirnplext
693 4519 725 4571 13
746 4519 844 4570 exorabo
862 4520 973 4569 excubas
991 4535 1036 4571 om.
1056 4523 1081 4572 P
1133 4521 1166 4573 15
1185 4535 1248 4570 uoco
1267 4534 1345 4571 uocas
1362 4522 1388 4570 P
1454 4516 1585 4572 lbbrenis

320 4591 472 4640 breuisBP
525 4592 556 4642 17
576 4599 603 4642 ut
621 4591 728 4641 conubio
742 4592 780 4641 P.-
803 4593 882 4656 Verp.
900 4589 1045 4642 Aeetae
1114 4589 1149 4641 20
1167 4605 1244 4642 carm
1265 4588 1331 4640 libro
1349 4587 1371 4657 l]
1387 4591 1414 4650 4,
1429 4589 1505 4651 ins.
1517 4587 1583 4636 aas.

318 4659 703 4726 1.V1up.397‚1e.432,1
758 4662 790 4712 21
811 4658 868 4725 nec]
888 4658 1025 4723 baeths
1072 4661 1107 4714 22
1122 4657 1201 4726 idem]
1220 4661 1279 4710 item
1293 4659 1350 4710 BP
1408 4674 1481 4710 serm.
1499 4649 1581 4718 iibrei]

320 4728 489 4794 11187179)
542 4731 756 4793 demetriasPtt'
804 4725 1171 4796 coronatidominam
1229 4731 1263 4779 25
1281 4728 1308 4778 (11
1326 4739 1351 4778 te
1367 4729 1501 4780 eradieanti
1514 4735 1581 4776 umet

319 4799 435 4849 miseram
455 4801 565 4850 territam
586 4801 609 4850 Ρ
625 4809 650 4850 te
664 4801 786 4850 eridioaot
801 4801 836 4850 ita
850 4815 890 4849 me
908 4800 1049 4851 miseritam
1063 4800 1176 4850 territam
1188 4807 1199 4849 t
1213 4800 1342 4851 eradicent
1360 4815 1401 4850 me
1418 4807 1467 4848 mm
1483 4797 1581 4847 minum

318 4869 512 4934 territamqnas
576 4870 695 4920 miserum
711 4869 736 4919 B
804 4871 838 4920 27
857 4876 974 4920 notantur
992 4870 1026 4934 tf
1041 4877 1140 4921 notatur
1157 4868 1213 4919 BP
1279 4867 1523 4933 diabolicaque?
