<?xml version="1.0" encoding="UTF-8"?>
<!DOCTYPE html PUBLIC "-//W3C//DTD XHTML 1.0 Transitional//EN"
    "http://www.w3.org/TR/xhtml1/DTD/xhtml1-transitional.dtd">
<html xmlns="http://www.w3.org/1999/xhtml" xml:lang="en" lang="en">
 <head>
  <title>
</title>
<meta http-equiv="Content-Type" content="text/html;charset=utf-8" />
  <meta name='ocr-system' content='tesseract 3.04.00' />
  <meta name='ocr-capabilities' content='ocr_page ocr_carea ocr_par ocr_line ocrx_word'/>
</head>
<body>
  <div class='ocr_page' id='page_1' title='image "./grammaticilatin02hagagoog_0476.png"; bbox 0 0 3350 5442; ppageno 0'>
   <div class='ocr_carea' id='block_1_1' title="bbox 518 399 1364 464">
    <p class='ocr_par' dir='ltr' id='par_1_1' title="bbox 518 399 1364 464">
     <span class='ocr_line' id='line_1_1' title="bbox 518 399 1364 464; baseline 0.002 -2"><span class='ocrx_word' id='word_1_1' title='bbox 518 400 589 462; x_wconf 79' lang='lat' dir='ltr'><strong>lus</strong></span> <span class='ocrx_word' id='word_1_2' title='bbox 619 401 656 462; x_wconf 90' lang='lat' dir='ltr'><strong>lV</strong></span> <span class='ocrx_word' id='word_1_3' title='bbox 679 400 835 463; x_wconf 73' lang='lat' dir='ltr'><strong>2-Lttt.</strong></span> <span class='ocrx_word' id='word_1_4' title='bbox 859 402 925 462; x_wconf 94' lang='lat' dir='ltr'><strong>lll</strong></span> <span class='ocrx_word' id='word_1_5' title='bbox 1301 399 1364 464; x_wconf 75' lang='lat'><strong>467</strong></span> 
     </span>
    </p>
   </div>
   <div class='ocr_carea' id='block_1_2' title="bbox 32 507 1370 2099">
    <p class='ocr_par' dir='ltr' id='par_1_2' title="bbox 74 507 1366 978">
     <span class='ocr_line' id='line_1_2' title="bbox 104 507 1340 564; baseline -0.003 -12"><span class='ocrx_word' id='word_1_6' title='bbox 104 525 126 564; x_wconf 91' lang='lat' dir='ltr'><strong>p.</strong></span> <span class='ocrx_word' id='word_1_7' title='bbox 141 513 200 552; x_wconf 80' lang='lat' dir='ltr'><strong>atet.</strong></span> <span class='ocrx_word' id='word_1_8' title='bbox 214 511 239 552; x_wconf 72' lang='grc'><strong>68</strong></span> <span class='ocrx_word' id='word_1_9' title='bbox 251 510 275 550; x_wconf 82' lang='grc' dir='ltr'><strong>Ρ.</strong></span> <span class='ocrx_word' id='word_1_10' title='bbox 1185 522 1206 562; x_wconf 91' lang='lat' dir='ltr'><strong>p.</strong></span> <span class='ocrx_word' id='word_1_11' title='bbox 1220 510 1265 550; x_wconf 76' lang='lat' dir='ltr'><strong>tte.</strong></span> <span class='ocrx_word' id='word_1_12' title='bbox 1278 510 1303 549; x_wconf 86' lang='grc'><strong>’15</strong></span> <span class='ocrx_word' id='word_1_13' title='bbox 1317 507 1340 548; x_wconf 92' lang='lat' dir='ltr'><strong>L.</strong></span> 
     </span>
     <span class='ocr_line' id='line_1_3' title="bbox 75 589 1366 672; baseline -0.002 -20"><span class='ocrx_word' id='word_1_14' title='bbox 75 599 137 653; x_wconf 90' lang='lat' dir='ltr'><strong>tur.</strong></span> <span class='ocrx_word' id='word_1_15' title='bbox 168 593 219 653; x_wconf 92' lang='lat' dir='ltr'><strong>sed</strong></span> <span class='ocrx_word' id='word_1_16' title='bbox 242 594 311 672; x_wconf 87' lang='lat' dir='ltr'><strong>quia</strong></span> <span class='ocrx_word' id='word_1_17' title='bbox 334 594 365 651; x_wconf 93' lang='lat' dir='ltr'><strong>in</strong></span> <span class='ocrx_word' id='word_1_18' title='bbox 388 589 526 652; x_wconf 91' lang='lat' dir='ltr'><strong>omnibus</strong></span> <span class='ocrx_word' id='word_1_19' title='bbox 548 593 607 651; x_wconf 92' lang='lat' dir='ltr'><strong>iam</strong></span> <span class='ocrx_word' id='word_1_20' title='bbox 630 596 697 652; x_wconf 85' lang='lat' dir='ltr'><strong>arrtc</strong></span> <span class='ocrx_word' id='word_1_21' title='bbox 721 591 810 651; x_wconf 90' lang='lat' dir='ltr'><strong>dictis</strong></span> <span class='ocrx_word' id='word_1_22' title='bbox 832 597 901 651; x_wconf 90' lang='lat' dir='ltr'><strong>sunt</strong></span> <span class='ocrx_word' id='word_1_23' title='bbox 923 598 983 651; x_wconf 89' lang='lat' dir='ltr'><strong>tam</strong></span> <span class='ocrx_word' id='word_1_24' title='bbox 1005 593 1173 671; x_wconf 87' lang='lat' dir='ltr'><strong>primitiva,</strong></span> <span class='ocrx_word' id='word_1_25' title='bbox 1197 589 1233 649; x_wconf 91' lang='lat' dir='ltr'><strong>de</strong></span> <span class='ocrx_word' id='word_1_26' title='bbox 1256 589 1366 670; x_wconf 91' lang='lat' dir='ltr'><strong>quibus</strong></span> 
     </span>
     <span class='ocr_line' id='line_1_4' title="bbox 75 693 1365 775; baseline -0.003 -21"><span class='ocrx_word' id='word_1_27' title='bbox 75 695 190 775; x_wconf 84' lang='lat' dir='ltr'><strong>aliquid</strong></span> <span class='ocrx_word' id='word_1_28' title='bbox 206 699 302 775; x_wconf 91' lang='lat' dir='ltr'><strong>potest</strong></span> <span class='ocrx_word' id='word_1_29' title='bbox 317 694 462 772; x_wconf 82' lang='lat' dir='ltr'><strong>ignorari,</strong></span> <span class='ocrx_word' id='word_1_30' title='bbox 486 711 573 773; x_wconf 90' lang='lat' dir='ltr'><strong>quam</strong></span> <span class='ocrx_word' id='word_1_31' title='bbox 596 693 770 763; x_wconf 82' lang='lat' dir='ltr'><strong>derivativa,</strong></span> <span class='ocrx_word' id='word_1_32' title='bbox 794 712 921 772; x_wconf 90' lang='lat' dir='ltr'><strong>quoram</strong></span> <span class='ocrx_word' id='word_1_33' title='bbox 943 693 1032 754; x_wconf 86' lang='lat' dir='ltr'><strong>dubia</strong></span> <span class='ocrx_word' id='word_1_34' title='bbox 1055 703 1101 753; x_wconf 89' lang='lat' dir='ltr'><strong>est</strong></span> <span class='ocrx_word' id='word_1_35' title='bbox 1123 693 1290 770; x_wconf 81' lang='lat' dir='ltr'><strong>originalia,</strong></span> <span class='ocrx_word' id='word_1_36' title='bbox 1314 711 1365 750; x_wconf 90' lang='lat' dir='ltr'><strong>ne-</strong></span> 
     </span>
     <span class='ocr_line' id='line_1_5' title="bbox 74 792 1365 881; baseline -0.002 -25"><span class='ocrx_word' id='word_1_37' title='bbox 74 797 149 876; x_wconf 91' lang='lat' dir='ltr'><strong>quid</strong></span> <span class='ocrx_word' id='word_1_38' title='bbox 172 803 264 857; x_wconf 87' lang='lat' dir='ltr'><strong>restet</strong></span> <span class='ocrx_word' id='word_1_39' title='bbox 285 795 432 881; x_wconf 59' lang='lat' dir='ltr'><strong>ambigui,</strong></span> <span class='ocrx_word' id='word_1_40' title='bbox 456 794 553 874; x_wconf 92' lang='lat' dir='ltr'><strong>placet</strong></span> <span class='ocrx_word' id='word_1_41' title='bbox 575 797 664 856; x_wconf 89' lang='lat' dir='ltr'><strong>etiam</strong></span> <span class='ocrx_word' id='word_1_42' title='bbox 688 794 859 873; x_wconf 78' lang='lat' dir='ltr'><strong>specialiter</strong></span> <span class='ocrx_word' id='word_1_43' title='bbox 875 792 887 874; x_wconf 78' lang='grc'><strong>11</strong></span> <span class='ocrx_word' id='word_1_44' title='bbox 905 795 1037 872; x_wconf 82' lang='lat' dir='ltr'><strong>singulas</strong></span> <span class='ocrx_word' id='word_1_45' title='bbox 1059 796 1286 855; x_wconf 80' lang='lat' dir='ltr'><strong>terminationes</strong></span> <span class='ocrx_word' id='word_1_46' title='bbox 1301 811 1365 853; x_wconf 90' lang='lat' dir='ltr'><strong>ver-</strong></span> 
     </span>
     <span class='ocr_line' id='line_1_6' title="bbox 76 884 1365 978; baseline -0.002 -20"><span class='ocrx_word' id='word_1_47' title='bbox 76 899 186 960; x_wconf 92' lang='lat' dir='ltr'><strong>borum</strong></span> <span class='ocrx_word' id='word_1_48' title='bbox 208 900 345 960; x_wconf 87' lang='lat' dir='ltr'><strong>scrutari.</strong></span> <span class='ocrx_word' id='word_1_49' title='bbox 375 884 514 978; x_wconf 74' lang='lat' dir='ltr'><strong>quoniam</strong></span> <span class='ocrx_word' id='word_1_50' title='bbox 537 905 636 957; x_wconf 91' lang='lat' dir='ltr'><strong>autem</strong></span> <span class='ocrx_word' id='word_1_51' title='bbox 657 897 693 956; x_wconf 90' lang='lat' dir='ltr'><strong>de</strong></span> <span class='ocrx_word' id='word_1_52' title='bbox 716 896 817 956; x_wconf 87' lang='lat' dir='ltr'><strong>verbis</strong></span> <span class='ocrx_word' id='word_1_53' title='bbox 838 899 870 956; x_wconf 91' lang='lat' dir='ltr'><strong>in</strong></span> <span class='ocrx_word' id='word_1_54' title='bbox 892 916 928 957; x_wconf 91' lang='lat' dir='ltr'><strong>eo</strong></span> <span class='ocrx_word' id='word_1_55' title='bbox 949 895 995 956; x_wconf 87' lang='lat' dir='ltr'><strong>vel</strong></span> <span class='ocrx_word' id='word_1_56' title='bbox 1017 898 1049 956; x_wconf 91' lang='lat' dir='ltr'><strong>in</strong></span> <span class='ocrx_word' id='word_1_57' title='bbox 1071 915 1123 956; x_wconf 90' lang='lat' dir='ltr'><strong>eor</strong></span> <span class='ocrx_word' id='word_1_58' title='bbox 1145 896 1192 957; x_wconf 78' lang='lat' dir='ltr'><strong>rel</strong></span> <span class='ocrx_word' id='word_1_59' title='bbox 1214 899 1246 957; x_wconf 91' lang='lat' dir='ltr'><strong>in</strong></span> <span class='ocrx_word' id='word_1_60' title='bbox 1268 898 1298 956; x_wconf 93' lang='lat' dir='ltr'><strong>io</strong></span> <span class='ocrx_word' id='word_1_61' title='bbox 1320 895 1365 956; x_wconf 86' lang='lat' dir='ltr'><strong>vel</strong></span> 
     </span>
    </p>

    <p class='ocr_par' dir='ltr' id='par_1_3' title="bbox 42 991 1367 1486">
     <span class='ocr_line' id='line_1_7' title="bbox 42 991 1365 1078; baseline -0.004 -16"><span class='ocrx_word' id='word_1_62' title='bbox 42 1005 109 1062; x_wconf 77' lang='lat' dir='ltr'><strong>sin</strong></span> <span class='ocrx_word' id='word_1_63' title='bbox 133 1005 180 1061; x_wconf 91' lang='lat' dir='ltr'><strong>ior</strong></span> <span class='ocrx_word' id='word_1_64' title='bbox 202 991 248 1061; x_wconf 85' lang='lat' dir='ltr'><strong>¹rel</strong></span> <span class='ocrx_word' id='word_1_65' title='bbox 270 1003 301 1060; x_wconf 92' lang='lat' dir='ltr'><strong>in</strong></span> <span class='ocrx_word' id='word_1_66' title='bbox 324 1019 362 1061; x_wconf 91' lang='lat' dir='ltr'><strong>uo</strong></span> <span class='ocrx_word' id='word_1_67' title='bbox 384 1001 429 1060; x_wconf 87' lang='lat' dir='ltr'><strong>rel</strong></span> <span class='ocrx_word' id='word_1_68' title='bbox 451 1002 483 1060; x_wconf 91' lang='lat' dir='ltr'><strong>in</strong></span> <span class='ocrx_word' id='word_1_69' title='bbox 506 1018 561 1060; x_wconf 91' lang='lat' dir='ltr'><strong>uor</strong></span> <span class='ocrx_word' id='word_1_70' title='bbox 583 998 787 1060; x_wconf 78' lang='lat' dir='ltr'><strong>desinentibus</strong></span> <span class='ocrx_word' id='word_1_71' title='bbox 809 1001 869 1059; x_wconf 92' lang='lat' dir='ltr'><strong>iam</strong></span> <span class='ocrx_word' id='word_1_72' title='bbox 891 998 1062 1059; x_wconf 88' lang='lat' dir='ltr'><strong>antedictis</strong></span> <span class='ocrx_word' id='word_1_73' title='bbox 1083 998 1172 1068; x_wconf 91' lang='lat' dir='ltr'><strong>nibil,</strong></span> <span class='ocrx_word' id='word_1_74' title='bbox 1195 1005 1229 1058; x_wconf 88' lang='lat' dir='ltr'><strong>nt</strong></span> <span class='ocrx_word' id='word_1_75' title='bbox 1250 999 1365 1078; x_wconf 91' lang='lat' dir='ltr'><strong>opinor,</strong></span> 
     </span>
     <span class='ocr_line' id='line_1_8' title="bbox 75 1100 1366 1183; baseline -0.004 -20"><span class='ocrx_word' id='word_1_76' title='bbox 75 1103 148 1163; x_wconf 90' lang='lat' dir='ltr'><strong>addi</strong></span> <span class='ocrx_word' id='word_1_77' title='bbox 170 1110 282 1183; x_wconf 91' lang='lat' dir='ltr'><strong>potest,</strong></span> <span class='ocrx_word' id='word_1_78' title='bbox 305 1103 362 1162; x_wconf 90' lang='lat' dir='ltr'><strong>nisi</strong></span> <span class='ocrx_word' id='word_1_79' title='bbox 385 1102 454 1172; x_wconf 88' lang='lat' dir='ltr'><strong>boc,</strong></span> <span class='ocrx_word' id='word_1_80' title='bbox 478 1101 555 1181; x_wconf 92' lang='lat' dir='ltr'><strong>quod</strong></span> <span class='ocrx_word' id='word_1_81' title='bbox 579 1118 634 1160; x_wconf 90' lang='lat' dir='ltr'><strong>nee</strong></span> <span class='ocrx_word' id='word_1_82' title='bbox 657 1101 800 1171; x_wconf 88' lang='lat' dir='ltr'><strong>secunda,</strong></span> <span class='ocrx_word' id='word_1_83' title='bbox 824 1118 899 1179; x_wconf 90' lang='lat' dir='ltr'><strong>quae</strong></span> <span class='ocrx_word' id='word_1_84' title='bbox 915 1119 1033 1180; x_wconf 83' lang='lat' dir='ltr'><strong>semper</strong></span> <span class='ocrx_word' id='word_1_85' title='bbox 1048 1103 1080 1161; x_wconf 93' lang='lat' dir='ltr'><strong>in</strong></span> <span class='ocrx_word' id='word_1_86' title='bbox 1102 1118 1137 1160; x_wconf 91' lang='lat' dir='ltr'><strong>eo</strong></span> <span class='ocrx_word' id='word_1_87' title='bbox 1153 1100 1276 1169; x_wconf 82' lang='lat' dir='ltr'><strong>desinit,</strong></span> <span class='ocrx_word' id='word_1_88' title='bbox 1300 1119 1366 1159; x_wconf 84' lang='lat' dir='ltr'><strong>ver-</strong></span> 
     </span>
     <span class='ocr_line' id='line_1_9' title="bbox 76 1201 1367 1283; baseline -0.003 -18"><span class='ocrx_word' id='word_1_89' title='bbox 76 1205 151 1265; x_wconf 91' lang='lat' dir='ltr'><strong>bum</strong></span> <span class='ocrx_word' id='word_1_90' title='bbox 174 1211 272 1283; x_wconf 89' lang='lat' dir='ltr'><strong>potest</strong></span> <span class='ocrx_word' id='word_1_91' title='bbox 294 1203 404 1264; x_wconf 89' lang='lat' dir='ltr'><strong>babere</strong></span> <span class='ocrx_word' id='word_1_92' title='bbox 427 1202 606 1283; x_wconf 82' lang='lat' dir='ltr'><strong>disyllabum</strong></span> <span class='ocrx_word' id='word_1_93' title='bbox 630 1202 740 1283; x_wconf 81' lang='lat' dir='ltr'><strong>absque</strong></span> <span class='ocrx_word' id='word_1_94' title='bbox 757 1220 813 1263; x_wconf 91' lang='lat' dir='ltr'><strong>neo</strong></span> <span class='ocrx_word' id='word_1_95' title='bbox 829 1220 882 1263; x_wconf 92' lang='lat' dir='ltr'><strong>nes</strong></span> <span class='ocrx_word' id='word_1_96' title='bbox 904 1209 956 1262; x_wconf 89' lang='lat' dir='ltr'><strong>net</strong></span> <span class='ocrx_word' id='word_1_97' title='bbox 977 1201 1081 1273; x_wconf 89' lang='lat' dir='ltr'><strong>verbo,</strong></span> <span class='ocrx_word' id='word_1_98' title='bbox 1105 1203 1183 1281; x_wconf 89' lang='lat' dir='ltr'><strong>quod</strong></span> <span class='ocrx_word' id='word_1_99' title='bbox 1206 1204 1274 1262; x_wconf 90' lang='lat' dir='ltr'><strong>nevi</strong></span> <span class='ocrx_word' id='word_1_100' title='bbox 1296 1202 1367 1262; x_wconf 87' lang='lat' dir='ltr'><strong>lacit</strong></span> 
     </span>
     <span class='ocr_line' id='line_1_10' title="bbox 75 1301 1367 1386; baseline -0.003 -20"><span class='ocrx_word' id='word_1_101' title='bbox 75 1309 111 1367; x_wconf 90' lang='lat' dir='ltr'><strong>in</strong></span> <span class='ocrx_word' id='word_1_102' title='bbox 133 1307 310 1386; x_wconf 90' lang='lat' dir='ltr'><strong>praeterito,</strong></span> <span class='ocrx_word' id='word_1_103' title='bbox 340 1312 369 1365; x_wconf 93' lang='lat' dir='ltr'><strong>et</strong></span> <span class='ocrx_word' id='word_1_104' title='bbox 398 1305 455 1365; x_wconf 89' lang='lat' dir='ltr'><strong>lleo</strong></span> <span class='ocrx_word' id='word_1_105' title='bbox 482 1305 537 1366; x_wconf 89' lang='lat' dir='ltr'><strong>lles</strong></span> <span class='ocrx_word' id='word_1_106' title='bbox 566 1306 618 1365; x_wconf 92' lang='lat' dir='ltr'><strong>llet</strong></span> <span class='ocrx_word' id='word_1_107' title='bbox 640 1301 728 1384; x_wconf 86' lang='lat' dir='ltr'><strong>(unde</strong></span> <span class='ocrx_word' id='word_1_108' title='bbox 754 1314 782 1365; x_wconf 90' lang='lat' dir='ltr'><strong>et</strong></span> <span class='ocrx_word' id='word_1_109' title='bbox 805 1304 861 1365; x_wconf 93' lang='lat' dir='ltr'><strong>beo</strong></span> <span class='ocrx_word' id='word_1_110' title='bbox 883 1323 952 1364; x_wconf 90' lang='lat' dir='ltr'><strong>creo</strong></span> <span class='ocrx_word' id='word_1_111' title='bbox 974 1323 1059 1365; x_wconf 88' lang='lat' dir='ltr'><strong>sereo</strong></span> <span class='ocrx_word' id='word_1_112' title='bbox 1080 1323 1161 1374; x_wconf 90' lang='lat' dir='ltr'><strong>meo,</strong></span> <span class='ocrx_word' id='word_1_113' title='bbox 1185 1305 1256 1366; x_wconf 91' lang='lat' dir='ltr'><strong>licet</strong></span> <span class='ocrx_word' id='word_1_114' title='bbox 1278 1307 1309 1364; x_wconf 94' lang='lat' dir='ltr'><strong>in</strong></span> <span class='ocrx_word' id='word_1_115' title='bbox 1332 1322 1367 1363; x_wconf 90' lang='lat' dir='ltr'><strong>eo</strong></span> 
     </span>
     <span class='ocr_line' id='line_1_11' title="bbox 76 1406 1367 1486; baseline -0.002 -18"><span class='ocrx_word' id='word_1_116' title='bbox 76 1410 247 1469; x_wconf 88' lang='lat' dir='ltr'><strong>desinentia</strong></span> <span class='ocrx_word' id='word_1_117' title='bbox 270 1407 417 1469; x_wconf 88' lang='lat' dir='ltr'><strong>secundae</strong></span> <span class='ocrx_word' id='word_1_118' title='bbox 440 1406 586 1467; x_wconf 90' lang='lat' dir='ltr'><strong>deberent</strong></span> <span class='ocrx_word' id='word_1_119' title='bbox 608 1425 687 1476; x_wconf 89' lang='lat' dir='ltr'><strong>esse,</strong></span> <span class='ocrx_word' id='word_1_120' title='bbox 711 1415 809 1468; x_wconf 89' lang='lat' dir='ltr'><strong>tamen</strong></span> <span class='ocrx_word' id='word_1_121' title='bbox 825 1408 939 1486; x_wconf 80' lang='lat' dir='ltr'><strong>primae</strong></span> <span class='ocrx_word' id='word_1_122' title='bbox 955 1412 1039 1477; x_wconf 88' lang='lat' dir='ltr'><strong>sunt;</strong></span> <span class='ocrx_word' id='word_1_123' title='bbox 1063 1424 1098 1465; x_wconf 92' lang='lat' dir='ltr'><strong>eo</strong></span> <span class='ocrx_word' id='word_1_124' title='bbox 1113 1425 1230 1486; x_wconf 90' lang='lat' dir='ltr'><strong>quoque</strong></span> <span class='ocrx_word' id='word_1_125' title='bbox 1247 1412 1277 1466; x_wconf 89' lang='lat' dir='ltr'><strong>et</strong></span> <span class='ocrx_word' id='word_1_126' title='bbox 1290 1424 1367 1486; x_wconf 91' lang='lat' dir='ltr'><strong>queo</strong></span> 
     </span>
    </p>

    <p class='ocr_par' dir='ltr' id='par_1_4' title="bbox 32 1507 1370 1997">
     <span class='ocr_line' id='line_1_12' title="bbox 32 1507 1367 1590; baseline -0.002 -20"><span class='ocrx_word' id='word_1_127' title='bbox 32 1535 59 1571; x_wconf 82' lang='lat' dir='ltr'><strong>ro</strong></span> <span class='ocrx_word' id='word_1_128' title='bbox 75 1519 202 1590; x_wconf 83' lang='lat' dir='ltr'><strong>quartae</strong></span> <span class='ocrx_word' id='word_1_129' title='bbox 225 1517 294 1570; x_wconf 91' lang='lat' dir='ltr'><strong>sunt</strong></span> <span class='ocrx_word' id='word_1_130' title='bbox 322 1507 566 1589; x_wconf 87' lang='lat' dir='ltr'><strong>coniugationis)‚</strong></span> <span class='ocrx_word' id='word_1_131' title='bbox 590 1511 699 1569; x_wconf 90' lang='lat' dir='ltr'><strong>necin</strong></span> <span class='ocrx_word' id='word_1_132' title='bbox 722 1512 750 1570; x_wconf 93' lang='lat' dir='ltr'><strong>io</strong></span> <span class='ocrx_word' id='word_1_133' title='bbox 776 1510 958 1578; x_wconf 84' lang='lat' dir='ltr'><strong>desinentia,</strong></span> <span class='ocrx_word' id='word_1_134' title='bbox 982 1510 1193 1588; x_wconf 88' lang='lat' dir='ltr'><strong>cuiuscumque</strong></span> <span class='ocrx_word' id='word_1_135' title='bbox 1216 1511 1277 1568; x_wconf 86' lang='lat' dir='ltr'><strong>s&#39;rnt</strong></span> <span class='ocrx_word' id='word_1_136' title='bbox 1297 1526 1367 1567; x_wconf 89' lang='lat' dir='ltr'><strong>con-</strong></span> 
     </span>
     <span class='ocr_line' id='line_1_13' title="bbox 78 1609 1369 1692; baseline -0.004 -19"><span class='ocrx_word' id='word_1_137' title='bbox 78 1615 256 1690; x_wconf 72' lang='lat' dir='ltr'><strong>legationis,</strong></span> <span class='ocrx_word' id='word_1_138' title='bbox 279 1613 378 1672; x_wconf 93' lang='lat' dir='ltr'><strong>minus</strong></span> <span class='ocrx_word' id='word_1_139' title='bbox 399 1611 496 1672; x_wconf 88' lang='lat' dir='ltr'><strong>tribus</strong></span> <span class='ocrx_word' id='word_1_140' title='bbox 519 1629 584 1672; x_wconf 89' lang='lat' dir='ltr'><strong>esse</strong></span> <span class='ocrx_word' id='word_1_141' title='bbox 607 1610 727 1692; x_wconf 86' lang='lat' dir='ltr'><strong>syllabis</strong></span> <span class='ocrx_word' id='word_1_142' title='bbox 748 1619 886 1691; x_wconf 89' lang='lat' dir='ltr'><strong>possunt,</strong></span> <span class='ocrx_word' id='word_1_143' title='bbox 909 1612 1018 1674; x_wconf 90' lang='lat' dir='ltr'><strong>notatis</strong></span> <span class='ocrx_word' id='word_1_144' title='bbox 1039 1613 1154 1691; x_wconf 87' lang='lat' dir='ltr'><strong>primae</strong></span> <span class='ocrx_word' id='word_1_145' title='bbox 1176 1609 1297 1689; x_wconf 89' lang='lat' dir='ltr'><strong>quidem</strong></span> <span class='ocrx_word' id='word_1_146' title='bbox 1318 1610 1369 1671; x_wconf 90' lang='lat' dir='ltr'><strong>hio</strong></span> 
     </span>
     <span class='ocr_line' id='line_1_14' title="bbox 77 1704 1367 1794; baseline -0.004 -18"><span class='ocrx_word' id='word_1_147' title='bbox 77 1717 146 1776; x_wconf 88' lang='lat' dir='ltr'><strong>hias</strong></span> <span class='ocrx_word' id='word_1_148' title='bbox 168 1720 198 1774; x_wconf 92' lang='lat' dir='ltr'><strong>et</strong></span> <span class='ocrx_word' id='word_1_149' title='bbox 219 1704 370 1794; x_wconf 44' lang='lat' dir='ltr'><strong>pio&#39;piaS,</strong></span> <span class='ocrx_word' id='word_1_150' title='bbox 394 1723 516 1793; x_wconf 88' lang='lat' dir='ltr'><strong>quartae</strong></span> <span class='ocrx_word' id='word_1_151' title='bbox 539 1732 609 1773; x_wconf 88' lang='lat' dir='ltr'><strong>vero</strong></span> <span class='ocrx_word' id='word_1_152' title='bbox 632 1714 670 1774; x_wconf 89' lang='lat' dir='ltr'><strong>lio</strong></span> <span class='ocrx_word' id='word_1_153' title='bbox 692 1714 741 1782; x_wconf 85' lang='lat' dir='ltr'><strong>bs,</strong></span> <span class='ocrx_word' id='word_1_154' title='bbox 766 1715 828 1774; x_wconf 92' lang='lat' dir='ltr'><strong>scio</strong></span> <span class='ocrx_word' id='word_1_155' title='bbox 844 1715 917 1784; x_wconf 88' lang='lat' dir='ltr'><strong>seis,</strong></span> <span class='ocrx_word' id='word_1_156' title='bbox 942 1721 971 1773; x_wconf 89' lang='lat' dir='ltr'><strong>et</strong></span> <span class='ocrx_word' id='word_1_157' title='bbox 985 1713 1137 1773; x_wconf 88' lang='lat' dir='ltr'><strong>interdum</strong></span> <span class='ocrx_word' id='word_1_158' title='bbox 1151 1715 1199 1773; x_wconf 91' lang='lat' dir='ltr'><strong>cio</strong></span> <span class='ocrx_word' id='word_1_159' title='bbox 1214 1714 1266 1783; x_wconf 92' lang='lat' dir='ltr'><strong>cis,</strong></span> <span class='ocrx_word' id='word_1_160' title='bbox 1289 1711 1367 1772; x_wconf 88' lang='lat' dir='ltr'><strong>undo</strong></span> 
     </span>
     <span class='ocr_line' id='line_1_15' title="bbox 78 1814 1368 1897; baseline -0.003 -21"><span class='ocrx_word' id='word_1_161' title='bbox 78 1819 270 1897; x_wconf 85' lang='lat' dir='ltr'><strong>rornponitnr</strong></span> <span class='ocrx_word' id='word_1_162' title='bbox 293 1818 378 1876; x_wconf 88' lang='lat' dir='ltr'><strong>excio</strong></span> <span class='ocrx_word' id='word_1_163' title='bbox 401 1818 482 1876; x_wconf 89' lang='lat' dir='ltr'><strong>exeis</strong></span> <span class='ocrx_word' id='word_1_164' title='bbox 504 1819 614 1885; x_wconf 89' lang='lat' dir='ltr'><strong>excire,</strong></span> <span class='ocrx_word' id='word_1_165' title='bbox 638 1814 717 1895; x_wconf 90' lang='lat' dir='ltr'><strong>quod</strong></span> <span class='ocrx_word' id='word_1_166' title='bbox 740 1822 771 1874; x_wconf 88' lang='lat' dir='ltr'><strong>et</strong></span> <span class='ocrx_word' id='word_1_167' title='bbox 791 1816 856 1875; x_wconf 87' lang='lat' dir='ltr'><strong>cieo</strong></span> <span class='ocrx_word' id='word_1_168' title='bbox 878 1814 1024 1875; x_wconf 87' lang='lat' dir='ltr'><strong>secundae</strong></span> <span class='ocrx_word' id='word_1_169' title='bbox 1047 1816 1264 1894; x_wconf 85' lang='lat' dir='ltr'><strong>coniugationis</strong></span> <span class='ocrx_word' id='word_1_170' title='bbox 1286 1816 1368 1873; x_wconf 89' lang='lat' dir='ltr'><strong>inve·</strong></span> 
     </span>
     <span class='ocr_line' id='line_1_16' title="bbox 79 1915 1370 1997; baseline -0.003 -19"><span class='ocrx_word' id='word_1_171' title='bbox 79 1921 181 1988; x_wconf 91' lang='lat' dir='ltr'><strong>nitur;</strong></span> <span class='ocrx_word' id='word_1_172' title='bbox 205 1918 338 1997; x_wconf 87' lang='lat' dir='ltr'><strong>reliquas</strong></span> <span class='ocrx_word' id='word_1_173' title='bbox 360 1919 586 1978; x_wconf 86' lang='lat' dir='ltr'><strong>terminationes</strong></span> <span class='ocrx_word' id='word_1_174' title='bbox 608 1916 768 1978; x_wconf 88' lang='lat' dir='ltr'><strong>verborum</strong></span> <span class='ocrx_word' id='word_1_175' title='bbox 791 1916 1024 1978; x_wconf 83' lang='lat' dir='ltr'><strong>consonantibus</strong></span> <span class='ocrx_word' id='word_1_176' title='bbox 1045 1915 1294 1996; x_wconf 85' lang='lat' dir='ltr'><strong>praecedentibus</strong></span> <span class='ocrx_word' id='word_1_177' title='bbox 1314 1933 1370 1994; x_wconf 90' lang='lat' dir='ltr'><strong>per</strong></span> 
     </span>
    </p>

    <p class='ocr_par' dir='ltr' id='par_1_5' title="bbox 36 2016 1004 2099">
     <span class='ocr_line' id='line_1_17' title="bbox 36 2016 1004 2099; baseline -0.003 -17"><span class='ocrx_word' id='word_1_178' title='bbox 36 2045 62 2084; x_wconf 84' lang='lat'><strong>15</strong></span> <span class='ocrx_word' id='word_1_179' title='bbox 78 2021 217 2081; x_wconf 90' lang='lat' dir='ltr'><strong>ordinem</strong></span> <span class='ocrx_word' id='word_1_180' title='bbox 238 2022 271 2080; x_wconf 90' lang='lat' dir='ltr'><strong>in</strong></span> <span class='ocrx_word' id='word_1_181' title='bbox 293 2021 429 2099; x_wconf 69' lang='lat' dir='ltr'><strong>sequenti</strong></span> <span class='ocrx_word' id='word_1_182' title='bbox 452 2026 550 2081; x_wconf 88' lang='lat' dir='ltr'><strong>tamen</strong></span> <span class='ocrx_word' id='word_1_183' title='bbox 573 2019 676 2082; x_wconf 89' lang='lat' dir='ltr'><strong>libello</strong></span> <span class='ocrx_word' id='word_1_184' title='bbox 698 2018 975 2099; x_wconf 87' lang='lat' dir='ltr'><strong>contemplabimur.</strong></span> <span class='ocrx_word' id='word_1_185' title='bbox 1000 2016 1004 2096; x_wconf 86' lang='grc' dir='ltr'>Ι</span> 
     </span>
    </p>
   </div>
   <div class='ocr_carea' id='block_1_3' title="bbox 508 2354 945 2558">
    <p class='ocr_par' dir='ltr' id='par_1_6' title="bbox 508 2354 945 2558">
     <span class='ocr_line' id='line_1_18' title="bbox 604 2354 851 2432; baseline 0 0"><span class='ocrx_word' id='word_1_186' title='bbox 604 2354 781 2432; x_wconf 82' lang='lat' dir='ltr'>LIBER</span> <span class='ocrx_word' id='word_1_187' title='bbox 813 2357 851 2432; x_wconf 85' lang='lat'><strong>11</strong></span> 
     </span>
     <span class='ocr_line' id='line_1_19' title="bbox 508 2495 945 2558; baseline 0 -2"><span class='ocrx_word' id='word_1_188' title='bbox 508 2496 563 2557; x_wconf 85' lang='lat' dir='ltr'><strong>nn</strong></span> <span class='ocrx_word' id='word_1_189' title='bbox 591 2495 945 2558; x_wconf 79' lang='lat' dir='ltr'><strong>riulmrxrmvs</strong></span> 
     </span>
    </p>
   </div>
   <div class='ocr_carea' id='block_1_4' title="bbox 37 2631 1374 4140">
    <p class='ocr_par' dir='ltr' id='par_1_7' title="bbox 37 2631 1374 4140">
     <span class='ocr_line' id='line_1_20' title="bbox 168 2631 1369 2712; baseline -0.001 -18"><span class='ocrx_word' id='word_1_190' title='bbox 168 2633 273 2694; x_wconf 88' lang='lat' dir='ltr'><strong>Omnia</strong></span> <span class='ocrx_word' id='word_1_191' title='bbox 297 2635 327 2692; x_wconf 92' lang='lat' dir='ltr'><strong>in</strong></span> <span class='ocrx_word' id='word_1_192' title='bbox 351 2632 389 2692; x_wconf 94' lang='lat' dir='ltr'><strong>bo</strong></span> <span class='ocrx_word' id='word_1_193' title='bbox 412 2632 455 2692; x_wconf 85' lang='lat' dir='ltr'><strong>rel</strong></span> <span class='ocrx_word' id='word_1_194' title='bbox 479 2635 510 2693; x_wconf 93' lang='lat' dir='ltr'><strong>in</strong></span> <span class='ocrx_word' id='word_1_195' title='bbox 532 2631 589 2692; x_wconf 90' lang='lat' dir='ltr'><strong>bor</strong></span> <span class='ocrx_word' id='word_1_196' title='bbox 605 2631 770 2693; x_wconf 88' lang='lat' dir='ltr'><strong>desinentia</strong></span> <span class='ocrx_word' id='word_1_197' title='bbox 787 2632 878 2692; x_wconf 88' lang='lat' dir='ltr'><strong>verba</strong></span> <span class='ocrx_word' id='word_1_198' title='bbox 897 2651 1085 2712; x_wconf 87' lang='lat' dir='ltr'><strong>quacumque</strong></span> <span class='ocrx_word' id='word_1_199' title='bbox 1107 2632 1201 2694; x_wconf 89' lang='lat' dir='ltr'><strong>vocali</strong></span> <span class='ocrx_word' id='word_1_200' title='bbox 1224 2649 1277 2693; x_wconf 90' lang='lat' dir='ltr'><strong>seu</strong></span> <span class='ocrx_word' id='word_1_201' title='bbox 1300 2651 1369 2693; x_wconf 88' lang='lat' dir='ltr'><strong>con·</strong></span> 
     </span>
     <span class='ocr_line' id='line_1_21' title="bbox 79 2733 1370 2814; baseline -0.003 -17"><span class='ocrx_word' id='word_1_202' title='bbox 79 2743 208 2797; x_wconf 91' lang='lat' dir='ltr'><strong>sonante</strong></span> <span class='ocrx_word' id='word_1_203' title='bbox 231 2735 427 2814; x_wconf 87' lang='lat' dir='ltr'><strong>praecedente</strong></span> <span class='ocrx_word' id='word_1_204' title='bbox 451 2737 564 2812; x_wconf 85' lang='lat' dir='ltr'><strong>primae</strong></span> <span class='ocrx_word' id='word_1_205' title='bbox 587 2743 656 2794; x_wconf 91' lang='lat' dir='ltr'><strong>sunt</strong></span> <span class='ocrx_word' id='word_1_206' title='bbox 677 2737 908 2812; x_wconf 84' lang='lat' dir='ltr'><strong>coniugationis,</strong></span> <span class='ocrx_word' id='word_1_207' title='bbox 932 2744 965 2796; x_wconf 93' lang='lat' dir='ltr'><strong>ut</strong></span> <span class='ocrx_word' id='word_1_208' title='bbox 987 2734 1048 2794; x_wconf 92' lang='lat' dir='ltr'><strong>libo</strong></span> <span class='ocrx_word' id='word_1_209' title='bbox 1072 2734 1162 2804; x_wconf 89' lang='lat' dir='ltr'><strong>libas,</strong></span> <span class='ocrx_word' id='word_1_210' title='bbox 1185 2733 1280 2814; x_wconf 93' lang='lat' dir='ltr'><strong>probo</strong></span> <span class='ocrx_word' id='word_1_211' title='bbox 1302 2753 1370 2814; x_wconf 92' lang='lat' dir='ltr'><strong>pro·</strong></span> 
     </span>
     <span class='ocr_line' id='line_1_22' title="bbox 37 2835 1370 2908; baseline 0.002 -13"><span class='ocrx_word' id='word_1_212' title='bbox 37 2839 150 2908; x_wconf 76' lang='lat' dir='ltr'><strong>miras,</strong></span> <span class='ocrx_word' id='word_1_213' title='bbox 175 2837 248 2897; x_wconf 89' lang='lat' dir='ltr'><strong>orbo</strong></span> <span class='ocrx_word' id='word_1_214' title='bbox 272 2835 375 2906; x_wconf 88' lang='lat' dir='ltr'><strong>orbas,</strong></span> <span class='ocrx_word' id='word_1_215' title='bbox 400 2836 496 2897; x_wconf 90' lang='lat' dir='ltr'><strong>titubo</strong></span> <span class='ocrx_word' id='word_1_216' title='bbox 510 2835 635 2906; x_wconf 90' lang='lat' dir='ltr'><strong>titubas,</strong></span> <span class='ocrx_word' id='word_1_217' title='bbox 660 2836 737 2897; x_wconf 93' lang='lat' dir='ltr'><strong>cubo</strong></span> <span class='ocrx_word' id='word_1_218' title='bbox 752 2836 858 2906; x_wconf 77' lang='lat' dir='ltr'><strong>cubam,</strong></span> <span class='ocrx_word' id='word_1_219' title='bbox 884 2837 998 2897; x_wconf 84' lang='lat' dir='ltr'><strong>excubo</strong></span> <span class='ocrx_word' id='word_1_220' title='bbox 1013 2836 1157 2907; x_wconf 86' lang='lat' dir='ltr'><strong>excubas,</strong></span> <span class='ocrx_word' id='word_1_221' title='bbox 1182 2836 1257 2896; x_wconf 94' lang='lat' dir='ltr'><strong>subo</strong></span> <span class='ocrx_word' id='word_1_222' title='bbox 1272 2836 1370 2905; x_wconf 79' lang='lat' dir='ltr'><strong>subus,</strong></span> 
     </span>
     <span class='ocr_line' id='line_1_23' title="bbox 80 2938 1371 3019; baseline -0.002 -19"><span class='ocrx_word' id='word_1_223' title='bbox 80 2941 225 3000; x_wconf 83' lang='lat' dir='ltr'><strong>Horatius</strong></span> <span class='ocrx_word' id='word_1_224' title='bbox 245 2941 277 2998; x_wconf 95' lang='lat' dir='ltr'><strong>in</strong></span> <span class='ocrx_word' id='word_1_225' title='bbox 300 2938 395 3017; x_wconf 90' lang='lat' dir='ltr'><strong>epodo</strong></span> <span class='ocrx_word' id='word_1_226' title='bbox 419 2941 580 3018; x_wconf 76' lang='lat' dir='ltr'><strong>‘iamque</strong></span> <span class='ocrx_word' id='word_1_227' title='bbox 604 2938 800 2999; x_wconf 86' lang='lat' dir='ltr'><strong>subando&#39;.</strong></span> <span class='ocrx_word' id='word_1_228' title='bbox 831 2941 1021 3018; x_wconf 89' lang='lat' dir='ltr'><strong>excipiuntur</strong></span> <span class='ocrx_word' id='word_1_229' title='bbox 1042 2958 1136 3019; x_wconf 89' lang='lat' dir='ltr'><strong>pauca</strong></span> <span class='ocrx_word' id='word_1_230' title='bbox 1151 2957 1227 3019; x_wconf 87' lang='lat' dir='ltr'><strong>quae</strong></span> <span class='ocrx_word' id='word_1_231' title='bbox 1250 2938 1286 2998; x_wconf 89' lang='lat' dir='ltr'><strong>ad</strong></span> <span class='ocrx_word' id='word_1_232' title='bbox 1309 2945 1371 2998; x_wconf 90' lang='lat' dir='ltr'><strong>ter-</strong></span> 
     </span>
     <span class='ocr_line' id='line_1_24' title="bbox 80 3041 1372 3121; baseline -0.002 -18"><span class='ocrx_word' id='word_1_233' title='bbox 80 3045 157 3103; x_wconf 92' lang='lat' dir='ltr'><strong>tiam</strong></span> <span class='ocrx_word' id='word_1_234' title='bbox 185 3047 352 3120; x_wconf 91' lang='lat' dir='ltr'><strong>correptam</strong></span> <span class='ocrx_word' id='word_1_235' title='bbox 380 3041 557 3119; x_wconf 88' lang='lat' dir='ltr'><strong>perveniunt</strong></span> <span class='ocrx_word' id='word_1_236' title='bbox 583 3043 831 3119; x_wconf 85' lang='lat' dir='ltr'><strong>coniugationem.</strong></span> <span class='ocrx_word' id='word_1_237' title='bbox 877 3061 892 3102; x_wconf 90' lang='lat' dir='ltr'><strong>a</strong></span> <span class='ocrx_word' id='word_1_238' title='bbox 917 3041 1039 3121; x_wconf 88' lang='lat' dir='ltr'><strong>quidem</strong></span> <span class='ocrx_word' id='word_1_239' title='bbox 1067 3041 1262 3109; x_wconf 77' lang='lat' dir='ltr'><strong>antecedente</strong></span> <span class='ocrx_word' id='word_1_240' title='bbox 1285 3041 1372 3118; x_wconf 84' lang='lat' dir='ltr'><strong>longa</strong></span> 
     </span>
     <span class='ocr_line' id='line_1_25' title="bbox 80 3141 1373 3222; baseline -0.002 -19"><span class='ocrx_word' id='word_1_241' title='bbox 80 3163 176 3204; x_wconf 87' lang='lat' dir='ltr'><strong>urnrm</strong></span> <span class='ocrx_word' id='word_1_242' title='bbox 199 3143 351 3222; x_wconf 90' lang='lat' dir='ltr'><strong>deponens</strong></span> <span class='ocrx_word' id='word_1_243' title='bbox 378 3143 543 3211; x_wconf 89' lang='lat' dir='ltr'><strong>invenitur,</strong></span> <span class='ocrx_word' id='word_1_244' title='bbox 572 3142 658 3202; x_wconf 79' lang='lat' dir='ltr'><strong>labor</strong></span> <span class='ocrx_word' id='word_1_245' title='bbox 684 3141 809 3214; x_wconf 77' lang='lat' dir='ltr'><strong>laberio,</strong></span> <span class='ocrx_word' id='word_1_246' title='bbox 840 3143 919 3204; x_wconf 92' lang='lat' dir='ltr'><strong>unde</strong></span> <span class='ocrx_word' id='word_1_247' title='bbox 946 3143 1107 3206; x_wconf 78' lang='lat' dir='ltr'><strong>‘labitur</strong></span> <span class='ocrx_word' id='word_1_248' title='bbox 1134 3149 1244 3203; x_wconf 90' lang='lat' dir='ltr'><strong>uncta</strong></span> <span class='ocrx_word' id='word_1_249' title='bbox 1266 3141 1373 3202; x_wconf 88' lang='lat' dir='ltr'><strong>vadis</strong></span> 
     </span>
     <span class='ocr_line' id='line_1_26' title="bbox 80 3240 1373 3326; baseline -0.002 -20"><span class='ocrx_word' id='word_1_250' title='bbox 80 3245 207 3306; x_wconf 88' lang='lat' dir='ltr'><strong>abies’</strong></span> <span class='ocrx_word' id='word_1_251' title='bbox 232 3243 308 3325; x_wconf 86' lang='lat' dir='ltr'><strong>apud</strong></span> <span class='ocrx_word' id='word_1_252' title='bbox 324 3243 479 3321; x_wconf 82' lang='lat' dir='ltr'><strong>Virgilium</strong></span> <span class='ocrx_word' id='word_1_253' title='bbox 495 3243 560 3304; x_wconf 81' lang='lat' dir='ltr'><strong>titt</strong></span> <span class='ocrx_word' id='word_1_254' title='bbox 581 3244 659 3306; x_wconf 92' lang='lat' dir='ltr'><strong>libro</strong></span> <span class='ocrx_word' id='word_1_255' title='bbox 674 3245 821 3306; x_wconf 77' lang='lat' dir='ltr'><strong>Aeneidos</strong></span> <span class='ocrx_word' id='word_1_256' title='bbox 836 3246 975 3324; x_wconf 84' lang='lat' dir='ltr'><strong>legimus,</strong></span> <span class='ocrx_word' id='word_1_257' title='bbox 999 3263 1089 3325; x_wconf 88' lang='lat' dir='ltr'><strong>aquo</strong></span> <span class='ocrx_word' id='word_1_258' title='bbox 1105 3251 1136 3305; x_wconf 90' lang='lat' dir='ltr'><strong>et</strong></span> <span class='ocrx_word' id='word_1_259' title='bbox 1152 3240 1164 3326; x_wconf 75' lang='lat' dir='ltr'><strong>ll</strong></span> <span class='ocrx_word' id='word_1_260' title='bbox 1181 3246 1373 3324; x_wconf 89' lang='lat' dir='ltr'><strong>participium</strong></span> 
     </span>
     <span class='ocr_line' id='line_1_27' title="bbox 42 3345 1373 3428; baseline -0.003 -20"><span class='ocrx_word' id='word_1_261' title='bbox 42 3371 67 3408; x_wconf 75' lang='lat' dir='ltr'><strong>os</strong></span> <span class='ocrx_word' id='word_1_262' title='bbox 82 3349 189 3427; x_wconf 88' lang='lat' dir='ltr'><strong>lapsus</strong></span> <span class='ocrx_word' id='word_1_263' title='bbox 211 3348 258 3416; x_wconf 85' lang='lat' dir='ltr'><strong>fit;</strong></span> <span class='ocrx_word' id='word_1_264' title='bbox 281 3347 415 3425; x_wconf 91' lang='lat' dir='ltr'><strong>quamvis</strong></span> <span class='ocrx_word' id='word_1_265' title='bbox 438 3345 492 3405; x_wconf 93' lang='lat' dir='ltr'><strong>sub</strong></span> <span class='ocrx_word' id='word_1_266' title='bbox 515 3345 619 3406; x_wconf 89' lang='lat' dir='ltr'><strong>eodem</strong></span> <span class='ocrx_word' id='word_1_267' title='bbox 641 3366 731 3409; x_wconf 91' lang='lat' dir='ltr'><strong>sensu</strong></span> <span class='ocrx_word' id='word_1_268' title='bbox 759 3350 848 3410; x_wconf 88' lang='lat' dir='ltr'><strong>etiam</strong></span> <span class='ocrx_word' id='word_1_269' title='bbox 869 3351 985 3428; x_wconf 88' lang='lat' dir='ltr'><strong>primae</strong></span> <span class='ocrx_word' id='word_1_270' title='bbox 1008 3347 1223 3424; x_wconf 81' lang='lat' dir='ltr'><strong>coniugationis</strong></span> <span class='ocrx_word' id='word_1_271' title='bbox 1245 3347 1373 3407; x_wconf 86' lang='lat' dir='ltr'><strong>activum</strong></span> 
     </span>
     <span class='ocr_line' id='line_1_28' title="bbox 80 3447 1373 3519; baseline -0.002 -12"><span class='ocrx_word' id='word_1_272' title='bbox 80 3450 129 3509; x_wconf 88' lang='lat' dir='ltr'><strong>vel</strong></span> <span class='ocrx_word' id='word_1_273' title='bbox 148 3455 285 3508; x_wconf 91' lang='lat' dir='ltr'><strong>neutrum</strong></span> <span class='ocrx_word' id='word_1_274' title='bbox 302 3449 455 3507; x_wconf 91' lang='lat' dir='ltr'><strong>invenitur</strong></span> <span class='ocrx_word' id='word_1_275' title='bbox 470 3448 663 3510; x_wconf 87' lang='lat' dir='ltr'><strong>antecedente</strong></span> <span class='ocrx_word' id='word_1_276' title='bbox 687 3469 712 3519; x_wconf 86' lang='lat' dir='ltr'><strong>a,</strong></span> <span class='ocrx_word' id='word_1_277' title='bbox 737 3450 789 3510; x_wconf 91' lang='lat' dir='ltr'><strong>sed</strong></span> <span class='ocrx_word' id='word_1_278' title='bbox 812 3449 906 3519; x_wconf 85' lang='lat' dir='ltr'><strong>brevi,</strong></span> <span class='ocrx_word' id='word_1_279' title='bbox 929 3456 963 3510; x_wconf 90' lang='lat' dir='ltr'><strong>ut</strong></span> <span class='ocrx_word' id='word_1_280' title='bbox 986 3448 1054 3510; x_wconf 77' lang='lat' dir='ltr'><strong>tabo</strong></span> <span class='ocrx_word' id='word_1_281' title='bbox 1077 3448 1159 3510; x_wconf 73' lang='lat' dir='ltr'><strong>libas</strong></span> <span class='ocrx_word' id='word_1_282' title='bbox 1181 3447 1270 3516; x_wconf 78' lang='lat' dir='ltr'><strong>labat,</strong></span> <span class='ocrx_word' id='word_1_283' title='bbox 1295 3447 1373 3508; x_wconf 89' lang='lat' dir='ltr'><strong>unde</strong></span> 
     </span>
     <span class='ocr_line' id='line_1_29' title="bbox 81 3549 1372 3627; baseline -0.002 -16"><span class='ocrx_word' id='word_1_284' title='bbox 81 3554 114 3611; x_wconf 92' lang='lat' dir='ltr'><strong>in</strong></span> <span class='ocrx_word' id='word_1_285' title='bbox 150 3550 175 3611; x_wconf 96' lang='lat' dir='ltr'><strong>ll</strong></span> <span class='ocrx_word' id='word_1_286' title='bbox 209 3549 287 3610; x_wconf 89' lang='lat' dir='ltr'><strong>libro</strong></span> <span class='ocrx_word' id='word_1_287' title='bbox 314 3549 462 3611; x_wconf 79' lang='lat' dir='ltr'><strong>Aeneidos</strong></span> <span class='ocrx_word' id='word_1_288' title='bbox 488 3549 629 3627; x_wconf 86' lang='lat' dir='ltr'><strong>Virgilius</strong></span> <span class='ocrx_word' id='word_1_289' title='bbox 658 3551 732 3612; x_wconf 83' lang='lat' dir='ltr'><strong>dixit</strong></span> <span class='ocrx_word' id='word_1_290' title='bbox 762 3551 883 3612; x_wconf 77' lang='lat' dir='ltr'><strong>‘labat</strong></span> <span class='ocrx_word' id='word_1_291' title='bbox 910 3554 1032 3612; x_wconf 89' lang='lat' dir='ltr'><strong>ariete</strong></span> <span class='ocrx_word' id='word_1_292' title='bbox 1061 3550 1200 3611; x_wconf 90' lang='lat' dir='ltr'><strong>crebro</strong></span> <span class='ocrx_word' id='word_1_293' title='bbox 1233 3551 1372 3610; x_wconf 86' lang='lat' dir='ltr'><strong>ianua’.</strong></span> 
     </span>
     <span class='ocr_line' id='line_1_30' title="bbox 80 3651 1374 3732; baseline -0.001 -20"><span class='ocrx_word' id='word_1_294' title='bbox 80 3651 223 3714; x_wconf 82' lang='lat' dir='ltr'><strong>scaberet</strong></span> <span class='ocrx_word' id='word_1_295' title='bbox 255 3654 358 3722; x_wconf 91' lang='lat' dir='ltr'><strong>etiam,</strong></span> <span class='ocrx_word' id='word_1_296' title='bbox 393 3652 471 3731; x_wconf 91' lang='lat' dir='ltr'><strong>quod</strong></span> <span class='ocrx_word' id='word_1_297' title='bbox 505 3654 611 3713; x_wconf 86' lang='lat' dir='ltr'><strong>tertiae</strong></span> <span class='ocrx_word' id='word_1_298' title='bbox 645 3670 788 3732; x_wconf 88' lang='lat' dir='ltr'><strong>personae</strong></span> <span class='ocrx_word' id='word_1_299' title='bbox 816 3653 985 3732; x_wconf 80' lang='lat' dir='ltr'><strong>imperfecti</strong></span> <span class='ocrx_word' id='word_1_300' title='bbox 1019 3653 1161 3732; x_wconf 87' lang='lat' dir='ltr'><strong>temporis</strong></span> <span class='ocrx_word' id='word_1_301' title='bbox 1193 3651 1374 3712; x_wconf 83' lang='lat' dir='ltr'><strong>subiunctivi</strong></span> 
     </span>
     <span class='ocr_line' id='line_1_31' title="bbox 81 3751 1373 3834; baseline -0.002 -19"><span class='ocrx_word' id='word_1_302' title='bbox 81 3754 167 3816; x_wconf 91' lang='lat' dir='ltr'><strong>modi</strong></span> <span class='ocrx_word' id='word_1_303' title='bbox 191 3754 337 3833; x_wconf 87' lang='lat' dir='ltr'><strong>quandam</strong></span> <span class='ocrx_word' id='word_1_304' title='bbox 358 3755 489 3832; x_wconf 88' lang='lat' dir='ltr'><strong>speciem</strong></span> <span class='ocrx_word' id='word_1_305' title='bbox 513 3772 633 3815; x_wconf 86' lang='lat' dir='ltr'><strong>servans</strong></span> <span class='ocrx_word' id='word_1_306' title='bbox 661 3753 738 3834; x_wconf 91' lang='lat' dir='ltr'><strong>apud</strong></span> <span class='ocrx_word' id='word_1_307' title='bbox 767 3751 923 3815; x_wconf 90' lang='lat' dir='ltr'><strong>lloratium</strong></span> <span class='ocrx_word' id='word_1_308' title='bbox 944 3756 975 3814; x_wconf 92' lang='lat' dir='ltr'><strong>in</strong></span> <span class='ocrx_word' id='word_1_309' title='bbox 998 3753 1012 3814; x_wconf 96' lang='lat' dir='ltr'><strong>l</strong></span> <span class='ocrx_word' id='word_1_310' title='bbox 1033 3753 1110 3814; x_wconf 91' lang='lat' dir='ltr'><strong>libro</strong></span> <span class='ocrx_word' id='word_1_311' title='bbox 1133 3771 1303 3814; x_wconf 91' lang='lat' dir='ltr'><strong>sermonum</strong></span> <span class='ocrx_word' id='word_1_312' title='bbox 1326 3770 1373 3813; x_wconf 92' lang='lat' dir='ltr'><strong>re·</strong></span> 
     </span>
     <span class='ocr_line' id='line_1_32' title="bbox 42 3858 967 3937; baseline -0.006 -16"><span class='ocrx_word' id='word_1_313' title='bbox 42 3858 216 3937; x_wconf 82' lang='lat' dir='ltr'><strong>superitur,</strong></span> <span class='ocrx_word' id='word_1_314' title='bbox 239 3865 272 3916; x_wconf 91' lang='lat' dir='ltr'><strong>nt</strong></span> <span class='ocrx_word' id='word_1_315' title='bbox 964 3928 967 3935; x_wconf 91' lang='lat'>.</span> 
     </span>
     <span class='ocr_line' id='line_1_33' title="bbox 239 3958 1216 4039; baseline 0 -21"><span class='ocrx_word' id='word_1_316' title='bbox 239 3977 349 4039; x_wconf 90' lang='lat' dir='ltr'><strong>saepe</strong></span> <span class='ocrx_word' id='word_1_317' title='bbox 373 3967 483 4039; x_wconf 88' lang='lat' dir='ltr'><strong>caput</strong></span> <span class='ocrx_word' id='word_1_318' title='bbox 505 3958 681 4020; x_wconf 89' lang='lat' dir='ltr'><strong>scaberet</strong></span> <span class='ocrx_word' id='word_1_319' title='bbox 703 3961 809 4020; x_wconf 85' lang='lat' dir='ltr'><strong>vivos</strong></span> <span class='ocrx_word' id='word_1_320' title='bbox 831 3967 866 4020; x_wconf 92' lang='lat' dir='ltr'><strong>et</strong></span> <span class='ocrx_word' id='word_1_321' title='bbox 887 3958 1040 4020; x_wconf 88' lang='lat' dir='ltr'><strong>roderet</strong></span> <span class='ocrx_word' id='word_1_322' title='bbox 1062 3975 1216 4036; x_wconf 81' lang='lat' dir='ltr'><strong>ungues,</strong></span> 
     </span>
     <span class='ocr_line' id='line_1_34' title="bbox 82 4058 1374 4140; baseline -0.003 -18"><span class='ocrx_word' id='word_1_323' title='bbox 82 4069 224 4122; x_wconf 89' lang='lat' dir='ltr'><strong>notamus</strong></span> <span class='ocrx_word' id='word_1_324' title='bbox 246 4062 329 4139; x_wconf 85' lang='lat' dir='ltr'><strong>qnasi</strong></span> <span class='ocrx_word' id='word_1_325' title='bbox 351 4063 459 4123; x_wconf 82' lang='lat' dir='ltr'><strong>tertiae</strong></span> <span class='ocrx_word' id='word_1_326' title='bbox 481 4064 713 4140; x_wconf 83' lang='lat' dir='ltr'><strong>coniugationis,</strong></span> <span class='ocrx_word' id='word_1_327' title='bbox 736 4061 808 4122; x_wconf 88' lang='lat' dir='ltr'><strong>licet</strong></span> <span class='ocrx_word' id='word_1_328' title='bbox 829 4061 943 4122; x_wconf 89' lang='lat' dir='ltr'><strong>nullum</strong></span> <span class='ocrx_word' id='word_1_329' title='bbox 964 4061 1028 4121; x_wconf 89' lang='lat' dir='ltr'><strong>eius</strong></span> <span class='ocrx_word' id='word_1_330' title='bbox 1049 4059 1139 4121; x_wconf 88' lang='lat' dir='ltr'><strong>alium</strong></span> <span class='ocrx_word' id='word_1_331' title='bbox 1162 4066 1274 4120; x_wconf 90' lang='lat' dir='ltr'><strong>motum</strong></span> <span class='ocrx_word' id='word_1_332' title='bbox 1297 4058 1374 4138; x_wconf 89' lang='lat' dir='ltr'><strong>apud</strong></span> 
     </span>
    </p>
   </div>
   <div class='ocr_carea' id='block_1_5' title="bbox 82 4261 1453 4959">
    <p class='ocr_par' dir='ltr' id='par_1_8' title="bbox 82 4261 1453 4959">
     <span class='ocr_line' id='line_1_35' title="bbox 178 4261 1375 4330; baseline -0.003 -14"><span class='ocrx_word' id='word_1_333' title='bbox 178 4266 191 4316; x_wconf 96' lang='lat' dir='ltr'><strong>l</strong></span> <span class='ocrx_word' id='word_1_334' title='bbox 212 4271 263 4314; x_wconf 85' lang='lat' dir='ltr'><strong>tam</strong></span> <span class='ocrx_word' id='word_1_335' title='bbox 286 4265 414 4330; x_wconf 77' lang='lat' dir='ltr'><strong>primitius</strong></span> <span class='ocrx_word' id='word_1_336' title='bbox 438 4266 515 4314; x_wconf 87' lang='lat' dir='ltr'><strong>uerba</strong></span> <span class='ocrx_word' id='word_1_337' title='bbox 534 4293 566 4302; x_wconf 90' lang='lat'>-</span> <span class='ocrx_word' id='word_1_338' title='bbox 586 4281 660 4329; x_wconf 89' lang='lat' dir='ltr'><strong>quam</strong></span> <span class='ocrx_word' id='word_1_339' title='bbox 681 4266 817 4316; x_wconf 86' lang='lat' dir='ltr'><strong>diriuatiua</strong></span> <span class='ocrx_word' id='word_1_340' title='bbox 833 4266 911 4315; x_wconf 89' lang='lat' dir='ltr'><strong>uerba</strong></span> <span class='ocrx_word' id='word_1_341' title='bbox 929 4266 953 4315; x_wconf 89' lang='lat' dir='ltr'><em>P</em></span> <span class='ocrx_word' id='word_1_342' title='bbox 1036 4265 1051 4314; x_wconf 84' lang='lat'>5</span> <span class='ocrx_word' id='word_1_343' title='bbox 1072 4263 1111 4313; x_wconf 86' lang='lat' dir='ltr'><strong>vel</strong></span> <span class='ocrx_word' id='word_1_344' title='bbox 1130 4265 1156 4312; x_wconf 91' lang='lat' dir='ltr'><strong>in</strong></span> <span class='ocrx_word' id='word_1_345' title='bbox 1173 4278 1206 4313; x_wconf 92' lang='lat' dir='ltr'><strong>uo</strong></span> <span class='ocrx_word' id='word_1_346' title='bbox 1225 4261 1266 4312; x_wconf 83' lang='lat' dir='ltr'><strong>val</strong></span> <span class='ocrx_word' id='word_1_347' title='bbox 1285 4262 1310 4311; x_wconf 90' lang='lat' dir='ltr'><strong>in</strong></span> <span class='ocrx_word' id='word_1_348' title='bbox 1328 4277 1375 4312; x_wconf 90' lang='lat' dir='ltr'><strong>uor</strong></span> 
     </span>
     <span class='ocr_line' id='line_1_36' title="bbox 82 4333 1374 4401; baseline -0.005 -14"><span class='ocrx_word' id='word_1_349' title='bbox 82 4353 132 4389; x_wconf 78' lang='lat' dir='ltr'><strong>orta.</strong></span> <span class='ocrx_word' id='word_1_350' title='bbox 156 4337 181 4385; x_wconf 90' lang='grc' dir='ltr'><em>Ρ</em></span> <span class='ocrx_word' id='word_1_351' title='bbox 250 4334 379 4397; x_wconf 68' lang='lat' dir='ltr'><strong>*labsque</strong></span> <span class='ocrx_word' id='word_1_352' title='bbox 397 4349 444 4384; x_wconf 87' lang='lat' dir='ltr'><strong>nco</strong></span> <span class='ocrx_word' id='word_1_353' title='bbox 463 4350 508 4385; x_wconf 88' lang='lat' dir='ltr'><strong>nes</strong></span> <span class='ocrx_word' id='word_1_354' title='bbox 527 4347 569 4385; x_wconf 88' lang='lat' dir='ltr'><strong>net</strong></span> <span class='ocrx_word' id='word_1_355' title='bbox 592 4336 668 4386; x_wconf 88' lang='lat' dir='ltr'><strong>uerbo</strong></span> <span class='ocrx_word' id='word_1_356' title='bbox 687 4337 753 4399; x_wconf 88' lang='lat' dir='ltr'><strong>quod</strong></span> <span class='ocrx_word' id='word_1_357' title='bbox 774 4336 833 4384; x_wconf 88' lang='lat' dir='ltr'><strong>neni</strong></span> <span class='ocrx_word' id='word_1_358' title='bbox 860 4334 935 4384; x_wconf 85' lang='lat' dir='ltr'><strong>iaciat</strong></span> <span class='ocrx_word' id='word_1_359' title='bbox 961 4337 985 4384; x_wconf 90' lang='lat' dir='ltr'><strong>in</strong></span> <span class='ocrx_word' id='word_1_360' title='bbox 1008 4335 1144 4401; x_wconf 83' lang='lat' dir='ltr'><strong>praeterito</strong></span> <span class='ocrx_word' id='word_1_361' title='bbox 1165 4341 1189 4383; x_wconf 86' lang='lat' dir='ltr'><strong>et</strong></span> <span class='ocrx_word' id='word_1_362' title='bbox 1213 4333 1260 4381; x_wconf 87' lang='lat' dir='ltr'><strong>ileo</strong></span> <span class='ocrx_word' id='word_1_363' title='bbox 1285 4342 1310 4382; x_wconf 83' lang='lat' dir='ltr'><strong>et</strong></span> <span class='ocrx_word' id='word_1_364' title='bbox 1326 4347 1374 4398; x_wconf 79' lang='lat' dir='ltr'><strong>geo</strong></span> 
     </span>
     <span class='ocr_line' id='line_1_37' title="bbox 84 4402 1377 4469; baseline -0.005 -13"><span class='ocrx_word' id='word_1_365' title='bbox 84 4407 155 4456; x_wconf 90' lang='lat' dir='ltr'><strong>unde</strong></span> <span class='ocrx_word' id='word_1_366' title='bbox 175 4406 221 4454; x_wconf 91' lang='lat' dir='ltr'><strong>beo</strong></span> <span class='ocrx_word' id='word_1_367' title='bbox 241 4413 267 4454; x_wconf 89' lang='lat' dir='ltr'><strong>ct</strong></span> <span class='ocrx_word' id='word_1_368' title='bbox 284 4419 341 4454; x_wconf 90' lang='lat' dir='ltr'><strong>creo</strong></span> <span class='ocrx_word' id='word_1_369' title='bbox 361 4419 434 4454; x_wconf 87' lang='lat' dir='ltr'><strong>scrao</strong></span> <span class='ocrx_word' id='word_1_370' title='bbox 452 4419 508 4455; x_wconf 88' lang='lat' dir='ltr'><strong>mee</strong></span> <span class='ocrx_word' id='word_1_371' title='bbox 527 4407 551 4456; x_wconf 89' lang='lat' dir='ltr'><em>P</em></span> <span class='ocrx_word' id='word_1_372' title='bbox 568 4405 665 4469; x_wconf 82' lang='lat' dir='ltr'><strong>absque</strong></span> <span class='ocrx_word' id='word_1_373' title='bbox 683 4421 731 4455; x_wconf 89' lang='lat' dir='ltr'><strong>neo</strong></span> <span class='ocrx_word' id='word_1_374' title='bbox 747 4419 791 4455; x_wconf 90' lang='lat' dir='ltr'><strong>nes</strong></span> <span class='ocrx_word' id='word_1_375' title='bbox 811 4414 853 4454; x_wconf 87' lang='lat' dir='ltr'><strong>net</strong></span> <span class='ocrx_word' id='word_1_376' title='bbox 870 4412 894 4454; x_wconf 90' lang='lat' dir='ltr'><strong>et</strong></span> <span class='ocrx_word' id='word_1_377' title='bbox 909 4406 957 4454; x_wconf 89' lang='lat' dir='ltr'><strong>lleo</strong></span> <span class='ocrx_word' id='word_1_378' title='bbox 976 4406 1022 4454; x_wconf 85' lang='lat' dir='ltr'><strong>llea</strong></span> <span class='ocrx_word' id='word_1_379' title='bbox 1036 4406 1078 4455; x_wconf 84' lang='lat' dir='ltr'><strong>llet</strong></span> <span class='ocrx_word' id='word_1_380' title='bbox 1097 4405 1175 4454; x_wconf 85' lang='lat' dir='ltr'><strong>uerbo</strong></span> <span class='ocrx_word' id='word_1_381' title='bbox 1189 4402 1258 4466; x_wconf 88' lang='lat' dir='ltr'><strong>quod</strong></span> <span class='ocrx_word' id='word_1_382' title='bbox 1275 4404 1334 4451; x_wconf 87' lang='lat' dir='ltr'><strong>neni</strong></span> <span class='ocrx_word' id='word_1_383' title='bbox 1352 4411 1377 4450; x_wconf 85' lang='lat' dir='ltr'><strong>et</strong></span> 
     </span>
     <span class='ocr_line' id='line_1_38' title="bbox 84 4473 1375 4542; baseline -0.004 -17"><span class='ocrx_word' id='word_1_384' title='bbox 84 4477 147 4526; x_wconf 83' lang='lat' dir='ltr'><strong>tlerti</strong></span> <span class='ocrx_word' id='word_1_385' title='bbox 166 4475 280 4525; x_wconf 86' lang='lat' dir='ltr'><strong>lecerunt</strong></span> <span class='ocrx_word' id='word_1_386' title='bbox 299 4477 376 4535; x_wconf 69' lang='lat' dir='ltr'><strong>(com.</strong></span> <span class='ocrx_word' id='word_1_387' title='bbox 396 4474 469 4540; x_wconf 84' lang='lat' dir='ltr'><strong>lacit)</strong></span> <span class='ocrx_word' id='word_1_388' title='bbox 488 4476 512 4525; x_wconf 91' lang='lat' dir='ltr'><strong>in</strong></span> <span class='ocrx_word' id='word_1_389' title='bbox 528 4477 663 4542; x_wconf 88' lang='lat' dir='ltr'><strong>praeterito</strong></span> <span class='ocrx_word' id='word_1_390' title='bbox 676 4477 750 4535; x_wconf 75' lang='lat' dir='ltr'><strong>uude</strong></span> <span class='ocrx_word' id='word_1_391' title='bbox 767 4486 792 4525; x_wconf 91' lang='lat' dir='ltr'><strong>et</strong></span> <span class='ocrx_word' id='word_1_392' title='bbox 809 4476 856 4525; x_wconf 89' lang='lat' dir='ltr'><strong>beo</strong></span> <span class='ocrx_word' id='word_1_393' title='bbox 875 4489 932 4524; x_wconf 88' lang='lat' dir='ltr'><strong>creo</strong></span> <span class='ocrx_word' id='word_1_394' title='bbox 953 4491 1007 4524; x_wconf 87' lang='lat' dir='ltr'><strong>meo</strong></span> <span class='ocrx_word' id='word_1_395' title='bbox 1024 4474 1049 4524; x_wconf 90' lang='lat' dir='ltr'><em>B</em></span> <span class='ocrx_word' id='word_1_396' title='bbox 1118 4473 1135 4523; x_wconf 89' lang='lat'><strong>9</strong></span> <span class='ocrx_word' id='word_1_397' title='bbox 1153 4489 1210 4523; x_wconf 87' lang='lat' dir='ltr'><strong>esse</strong></span> <span class='ocrx_word' id='word_1_398' title='bbox 1228 4473 1274 4522; x_wconf 82' lang='lat' dir='ltr'><strong>aad</strong></span> <span class='ocrx_word' id='word_1_399' title='bbox 1291 4480 1375 4521; x_wconf 85' lang='lat' dir='ltr'><strong>tamen</strong></span> 
     </span>
     <span class='ocr_line' id='line_1_39' title="bbox 83 4543 1375 4609; baseline -0.005 -11"><span class='ocrx_word' id='word_1_400' title='bbox 83 4550 110 4598; x_wconf 90' lang='lat' dir='ltr'><strong><em>P</em></strong></span> <span class='ocrx_word' id='word_1_401' title='bbox 182 4543 215 4595; x_wconf 84' lang='lat'><strong>13</strong></span> <span class='ocrx_word' id='word_1_402' title='bbox 232 4545 316 4595; x_wconf 86' lang='lat' dir='ltr'><strong>excire</strong></span> <span class='ocrx_word' id='word_1_403' title='bbox 333 4560 379 4597; x_wconf 87' lang='lat' dir='ltr'><strong>om.</strong></span> <span class='ocrx_word' id='word_1_404' title='bbox 395 4545 420 4594; x_wconf 92' lang='lat' dir='ltr'><em>B</em></span> <span class='ocrx_word' id='word_1_405' title='bbox 507 4545 539 4596; x_wconf 80' lang='lat'><strong>15</strong></span> <span class='ocrx_word' id='word_1_406' title='bbox 556 4555 638 4596; x_wconf 81' lang='lat' dir='ltr'><strong>tamen</strong></span> <span class='ocrx_word' id='word_1_407' title='bbox 656 4559 784 4608; x_wconf 67' lang='lat' dir='ltr'><strong>eriperem.</strong></span> <span class='ocrx_word' id='word_1_408' title='bbox 802 4546 828 4596; x_wconf 85' lang='lat' dir='ltr'><strong>in</strong></span> <span class='ocrx_word' id='word_1_409' title='bbox 847 4546 886 4605; x_wconf 92' lang='lat' dir='ltr'><strong>B,</strong></span> <span class='ocrx_word' id='word_1_410' title='bbox 903 4554 978 4598; x_wconf 85' lang='lat' dir='ltr'><strong>om.t</strong></span> <span class='ocrx_word' id='word_1_411' title='bbox 1064 4543 1290 4609; x_wconf 84' lang='lat' dir='ltr'><strong>contemplabimur</strong></span> <span class='ocrx_word' id='word_1_412' title='bbox 1308 4558 1375 4594; x_wconf 84' lang='lat' dir='ltr'><strong>rtatr</strong></span> 
     </span>
     <span class='ocr_line' id='line_1_40' title="bbox 84 4613 1377 4678; baseline -0.008 -10"><span class='ocrx_word' id='word_1_413' title='bbox 84 4629 193 4668; x_wconf 72' lang='lat' dir='ltr'><strong>crassa.</strong></span> <span class='ocrx_word' id='word_1_414' title='bbox 210 4629 243 4663; x_wconf 81' lang='lat' dir='ltr'><strong>aa</strong></span> <span class='ocrx_word' id='word_1_415' title='bbox 262 4629 445 4678; x_wconf 79' lang='lat' dir='ltr'><strong>orscaananors</strong></span> <span class='ocrx_word' id='word_1_416' title='bbox 460 4630 694 4668; x_wconf 82' lang='lat' dir='ltr'><strong>contucxrrenraus.</strong></span> <span class='ocrx_word' id='word_1_417' title='bbox 713 4631 787 4668; x_wconf 82' lang='lat' dir='ltr'><strong>raom.</strong></span> <span class='ocrx_word' id='word_1_418' title='bbox 808 4630 838 4665; x_wconf 87' lang='lat' dir='ltr'><strong>n.</strong></span> <span class='ocrx_word' id='word_1_419' title='bbox 858 4630 890 4665; x_wconf 84' lang='lat' dir='ltr'><strong>aa</strong></span> <span class='ocrx_word' id='word_1_420' title='bbox 906 4629 1095 4667; x_wconf 82' lang='lat' dir='ltr'><strong>arnaatrxrraua</strong></span> <span class='ocrx_word' id='word_1_421' title='bbox 1110 4615 1135 4664; x_wconf 91' lang='lat' dir='ltr'><em>P</em></span> <span class='ocrx_word' id='word_1_422' title='bbox 1148 4613 1377 4677; x_wconf 78' lang='lat' dir='ltr'><strong>contemplabimur</strong></span> 
     </span>
     <span class='ocr_line' id='line_1_41' title="bbox 84 4681 1308 4752; baseline -0.002 -16"><span class='ocrx_word' id='word_1_423' title='bbox 84 4685 196 4751; x_wconf 82' lang='lat' dir='ltr'><strong>explicit</strong></span> <span class='ocrx_word' id='word_1_424' title='bbox 213 4685 256 4735; x_wconf 88' lang='lat' dir='ltr'><strong>lib.</strong></span> <span class='ocrx_word' id='word_1_425' title='bbox 277 4699 293 4737; x_wconf 87' lang='grc' dir='ltr'><strong>ι.</strong></span> <span class='ocrx_word' id='word_1_426' title='bbox 314 4685 409 4751; x_wconf 87' lang='lat' dir='ltr'><strong>incipit.</strong></span> <span class='ocrx_word' id='word_1_427' title='bbox 428 4699 454 4738; x_wconf 89' lang='lat' dir='ltr'><strong>n.</strong></span> <span class='ocrx_word' id='word_1_428' title='bbox 474 4685 500 4734; x_wconf 87' lang='lat' dir='ltr'><em>B</em></span> <span class='ocrx_word' id='word_1_429' title='bbox 587 4686 618 4736; x_wconf 92' lang='grc'><strong>21</strong></span> <span class='ocrx_word' id='word_1_430' title='bbox 636 4688 661 4735; x_wconf 91' lang='lat' dir='ltr'><strong>in</strong></span> <span class='ocrx_word' id='word_1_431' title='bbox 676 4683 769 4752; x_wconf 84' lang='lat' dir='ltr'><strong>epodo]</strong></span> <span class='ocrx_word' id='word_1_432' title='bbox 792 4687 880 4748; x_wconf 83' lang='lat'><strong>12,11</strong></span> <span class='ocrx_word' id='word_1_433' title='bbox 952 4686 1054 4746; x_wconf 87' lang='lat' dir='ltr'><strong>iamque</strong></span> <span class='ocrx_word' id='word_1_434' title='bbox 1073 4685 1186 4733; x_wconf 83' lang='lat' dir='ltr'><strong>subando</strong></span> <span class='ocrx_word' id='word_1_435' title='bbox 1206 4681 1281 4732; x_wconf 79' lang='lat' dir='ltr'><strong>refert</strong></span> <span class='ocrx_word' id='word_1_436' title='bbox 1298 4691 1308 4733; x_wconf 86' lang='lat' dir='ltr'><strong>t</strong></span> 
     </span>
     <span class='ocr_line' id='line_1_42' title="bbox 84 4752 1376 4820; baseline -0.005 -13"><span class='ocrx_word' id='word_1_437' title='bbox 84 4758 119 4807; x_wconf 83' lang='lat'><strong>24</strong></span> <span class='ocrx_word' id='word_1_438' title='bbox 140 4755 207 4805; x_wconf 88' lang='lat' dir='ltr'><strong>libro</strong></span> <span class='ocrx_word' id='word_1_439' title='bbox 227 4755 347 4805; x_wconf 85' lang='lat' dir='ltr'><strong>aeneidos</strong></span> <span class='ocrx_word' id='word_1_440' title='bbox 365 4765 455 4805; x_wconf 89' lang='lat' dir='ltr'><strong>octauo</strong></span> <span class='ocrx_word' id='word_1_441' title='bbox 474 4754 509 4803; x_wconf 91' lang='lat' dir='ltr'><strong>P:</strong></span> <span class='ocrx_word' id='word_1_442' title='bbox 526 4773 549 4805; x_wconf 87' lang='lat' dir='ltr'><strong>o.</strong></span> <span class='ocrx_word' id='word_1_443' title='bbox 569 4755 600 4807; x_wconf 83' lang='lat' dir='ltr'><strong>ct</strong></span> <span class='ocrx_word' id='word_1_444' title='bbox 689 4757 722 4805; x_wconf 82' lang='grc'><strong>27</strong></span> <span class='ocrx_word' id='word_1_445' title='bbox 742 4758 767 4804; x_wconf 90' lang='lat' dir='ltr'><strong>in</strong></span> <span class='ocrx_word' id='word_1_446' title='bbox 786 4756 808 4803; x_wconf 92' lang='lat' dir='ltr'><strong>ll</strong></span> <span class='ocrx_word' id='word_1_447' title='bbox 828 4756 892 4805; x_wconf 89' lang='lat' dir='ltr'><strong>libro</strong></span> <span class='ocrx_word' id='word_1_448' title='bbox 911 4752 988 4820; x_wconf 77' lang='lat' dir='ltr'><strong>bem]</strong></span> <span class='ocrx_word' id='word_1_449' title='bbox 1009 4772 1031 4805; x_wconf 82' lang='lat' dir='ltr'><strong>a.</strong></span> <span class='ocrx_word' id='word_1_450' title='bbox 1053 4753 1103 4804; x_wconf 82' lang='grc'><strong>492</strong></span> <span class='ocrx_word' id='word_1_451' title='bbox 1175 4752 1292 4816; x_wconf 80' lang='lat' dir='ltr'><strong>uirgilins</strong></span> <span class='ocrx_word' id='word_1_452' title='bbox 1311 4752 1376 4801; x_wconf 86' lang='lat' dir='ltr'><strong>dixit</strong></span> 
     </span>
     <span class='ocr_line' id='line_1_43' title="bbox 86 4819 1376 4891; baseline -0.002 -15"><span class='ocrx_word' id='word_1_453' title='bbox 86 4825 214 4876; x_wconf 81' lang='lat' dir='ltr'><strong>Custodes</strong></span> <span class='ocrx_word' id='word_1_454' title='bbox 231 4825 337 4875; x_wconf 85' lang='lat' dir='ltr'><strong>sufferre</strong></span> <span class='ocrx_word' id='word_1_455' title='bbox 354 4827 439 4874; x_wconf 85' lang='lat' dir='ltr'><strong>ualent</strong></span> <span class='ocrx_word' id='word_1_456' title='bbox 455 4823 521 4873; x_wconf 86' lang='lat' dir='ltr'><strong>labat</strong></span> <span class='ocrx_word' id='word_1_457' title='bbox 540 4819 618 4875; x_wconf 82' lang='lat' dir='ltr'><strong>ariete</strong></span> <span class='ocrx_word' id='word_1_458' title='bbox 637 4827 723 4876; x_wconf 89' lang='lat' dir='ltr'><strong>crebro</strong></span> <span class='ocrx_word' id='word_1_459' title='bbox 742 4826 818 4876; x_wconf 89' lang='lat' dir='ltr'><strong>ianua</strong></span> <span class='ocrx_word' id='word_1_460' title='bbox 834 4834 844 4877; x_wconf 88' lang='lat' dir='ltr'><strong>t</strong></span> <span class='ocrx_word' id='word_1_461' title='bbox 894 4825 928 4877; x_wconf 87' lang='grc'><strong>29</strong></span> <span class='ocrx_word' id='word_1_462' title='bbox 948 4825 973 4874; x_wconf 91' lang='lat' dir='ltr'><strong>in</strong></span> <span class='ocrx_word' id='word_1_463' title='bbox 993 4826 1001 4873; x_wconf 97' lang='lat' dir='ltr'><strong>l</strong></span> <span class='ocrx_word' id='word_1_464' title='bbox 1022 4819 1187 4891; x_wconf 71' lang='lat' dir='ltr'><strong>librarem]</strong></span> <span class='ocrx_word' id='word_1_465' title='bbox 1206 4820 1247 4882; x_wconf 91' lang='lat'><strong>10,</strong></span> <span class='ocrx_word' id='word_1_466' title='bbox 1263 4821 1296 4871; x_wconf 82' lang='lat'><strong>79</strong></span> <span class='ocrx_word' id='word_1_467' title='bbox 1314 4821 1376 4888; x_wconf 79' lang='lat'>(71)</span> 
     </span>
     <span class='ocr_line' id='line_1_44' title="bbox 85 4889 1453 4959; baseline -0.006 -10"><span class='ocrx_word' id='word_1_468' title='bbox 85 4899 119 4949; x_wconf 81' lang='grc'><strong>32</strong></span> <span class='ocrx_word' id='word_1_469' title='bbox 139 4904 259 4946; x_wconf 71' lang='lat' dir='ltr'><strong>nummus</strong></span> <span class='ocrx_word' id='word_1_470' title='bbox 276 4895 350 4946; x_wconf 86' lang='lat' dir='ltr'><strong>etiam</strong></span> <span class='ocrx_word' id='word_1_471' title='bbox 364 4895 436 4959; x_wconf 86' lang='lat' dir='ltr'><strong>quasi</strong></span> <span class='ocrx_word' id='word_1_472' title='bbox 452 4897 477 4944; x_wconf 94' lang='lat' dir='ltr'><em>P</em></span> <span class='ocrx_word' id='word_1_473' title='bbox 1449 4889 1453 4896; x_wconf 87' lang='lat'><em>&#39;</em></span> 
     </span>
    </p>
   </div>
   <div class='ocr_carea' id='block_1_6' title="bbox 0 0 1695 5442">
    <p class='ocr_par' dir='ltr' id='par_1_9' title="bbox 0 0 1695 5442">
     <span class='ocr_line' id='line_1_45' title="bbox 0 0 1695 5442; baseline 0 0"><span class='ocrx_word' id='word_1_474' title='bbox 0 0 1695 5442; x_wconf 95' lang='lat' dir='ltr'><strong> </strong></span> 
     </span>
    </p>
   </div>
  </div>
 </body>
</html>
