3350 5442
561 440 799 504 conuuurvu
1292 436 1349 502 147
1460 500 1467 517 ,

1166 560 1187 603 p.
1202 550 1289 589 rra-ro
1304 548 1324 587 t..
1349 548 1354 558 ·

63 642 159 694 autem
186 634 215 692 in
241 639 304 693 tres
331 631 452 710 regulas
480 639 602 702 exeunt,
632 637 662 691 et
683 648 788 691 omnes
809 630 883 690 istae
905 627 1026 708 regulae
1048 628 1207 689 femininae
1229 630 1351 689 veniunt

64 736 96 795 ad
123 735 311 795 latinitatem:
346 734 378 793 in
405 734 445 802 is,
473 741 506 793 ut
532 733 644 801 Atreis3
672 733 703 792 in
730 733 790 801 ias,
818 738 851 793 ut
877 732 1006 801 atteiam
1035 734 1065 792 in
1095 749 1147 801 ne,
1179 738 1211 791 ut
1236 732 1349 800 Atrine,

63 836 138 897 uude
160 836 315 898 ‘Nerine
339 833 513 896 Galataa'
541 835 715 895 invenimus.
761 851 832 894 ecce
859 834 932 895 istac
961 842 1021 895 tres
1048 833 1169 912 regulae
1192 834 1351 893 femininae
1461 902 1467 915 ,

63 957 230 999 communes
245 945 315 998 sunt
335 944 365 997 et
378 936 491 997 Latinis
512 942 542 996 et
557 936 691 1004 Graecis;
713 935 781 996 illae
796 936 977 998 masculinae
999 934 1132 1015 regulae,
1157 954 1231 1013 quae
1257 932 1261 1017 Ι
1283 942 1352 996 sunt

43 1052 135 1108 atres,
151 1040 226 1102 duae
240 1039 278 1101 ad
294 1058 350 1099 uos
364 1040 503 1107 veniunt,
526 1046 556 1099 et
570 1057 628 1100 una
649 1045 784 1099 remanet
804 1038 881 1119 apud
897 1039 1035 1101 Graecos.
1066 1038 1117 1099 sed
1134 1041 1222 1099 etiam
1237 1039 1273 1099 de
1288 1039 1351 1097 istis

63 1142 173 1203 derebus
187 1152 233 1203 est
246 1140 343 1221 aliqua
359 1140 540 1211 differentia,
561 1141 640 1221 quod
657 1140 729 1203 illud
745 1140 826 1219 quod
846 1143 877 1202 in
893 1140 944 1201 des
960 1142 1021 1201 exit
1035 1160 1154 1220 semper
1169 1142 1350 1221 patronymi-

62 1262 112 1304 con
128 1252 187 1313 est,
207 1242 280 1304 illud
297 1224 376 1323 quod
394 1244 424 1303 in
439 1244 487 1304 ius
502 1244 563 1304 exit
577 1250 608 1304 et
622 1245 847 1323 patronymicon
864 1252 909 1304 est
925 1249 954 1303 ct
970 1244 1112 1313 eteticon,
1129 1242 1161 1303 id
1177 1250 1223 1304 est
1238 1261 1352 1322 posses·

63 1348 161 1407 sirum.
190 1347 217 1407 si
232 1346 329 1407 dicam
343 1344 473 1416 Atrides,
495 1363 555 1405 aon
576 1364 697 1425 possum
717 1344 893 1423 intellegere
910 1346 965 1406 nisi
982 1345 1018 1407 de
1034 1345 1093 1406 frlio
1109 1346 1188 1414 cius;
1206 1346 1232 1405 si
1253 1353 1351 1405 autem

63 1448 152 1509 dicam
165 1450 299 1519 Atreius,
316 1447 488 1526 ambiguum
504 1454 563 1516 est,
579 1454 680 1508 utrum
696 1446 733 1507 de
749 1445 809 1507 tilio
823 1456 874 1509 aut
889 1446 926 1507 de
941 1445 1039 1525 gladio
1055 1448 1134 1508 Atrei
1151 1447 1256 1509 dicam.
1280 1464 1352 1525 ergo

37 1550 116 1610 uhoc
134 1552 274 1619 interest,
296 1549 375 1630 quod
390 1549 440 1610 illa
456 1550 575 1609 nomina
590 1550 620 1610 in
636 1549 688 1610 des
703 1556 819 1610 tantum
840 1550 974 1619 mittunt,
997 1556 1026 1609 et
1046 1548 1112 1610 dico
1126 1548 1262 1611 ‘Atrides
1277 1549 1353 1610 Ore·

64 1657 142 1721 stes';
157 1654 275 1714 Atreius
291 1670 362 1712 vero
377 1660 534 1731 utrumque
550 1650 633 1722 dico,
651 1659 680 1711 ct
694 1652 827 1714 ‘Atreius
844 1651 982 1713 Orestes’
1006 1659 1035 1711 et
1057 1652 1192 1713 ‘Atreius
1207 1650 1350 1728 gladius'.

141 1755 216 1815 Sunt
244 1755 332 1815 ctiam
361 1754 480 1814 nomina
509 1772 584 1832 quae
606 1752 792 1833 appellantur
814 1753 970 1822 adiective,
999 1771 1075 1833 quac
1097 1752 1266 1814 adiciuntur
1288 1751 1470 1825 aliis430,12

68 1856 162 1925 rebus,
184 1865 219 1918 ut
241 1858 267 1915 si
290 1854 372 1915 dicas
394 1856 480 1915 fortis
503 1863 533 1915 et
554 1873 687 1935 magnus.
718 1854 777 1916 hoc
799 1854 877 1935 quod
902 1854 1026 1915 dicimus
1048 1855 1132 1915 fortis
1156 1872 1277 1935 magnus
1298 1874 1354 1934 per

68 1977 95 2017 se
115 1968 213 2019 uotum
237 1963 283 2017 ast
304 1956 440 2035 quidem,
462 1956 516 2017 sed
539 1956 660 2036 plenum
677 1976 736 2018 non
751 1958 808 2017 erit
823 1959 879 2018 nisi
895 1957 1055 2018 accedente
1070 1973 1207 2037 persona,
1231 1974 1354 2035 magnus

42 2062 119 2129 uvir,
144 2061 230 2120 fortis
254 2058 411 2119 exercitus.
453 2077 525 2139 ergo
554 2058 694 2120 adiectiva
721 2066 792 2120 sunt
819 2059 869 2120 illa
897 2076 974 2139 quae
1001 2060 1146 2120 accedunt
1167 2058 1203 2119 ad
1226 2058 1353 2139 aliquam

69 2182 123 2223 rem
144 2171 173 2222 et
203 2179 258 2241 per
280 2178 313 2220 se
335 2160 456 2240 quidem
479 2159 591 2222 habent
612 2179 745 2232 sensum,
775 2159 827 2221 sed
851 2159 973 2240 plenum
995 2168 1115 2221 sumunt
1137 2162 1302 2222 coniunctis
1325 2168 1354 2221 et

70 2263 269 2325 accedentibus
290 2263 439 2341 personis:
467 2269 501 2323 ut
522 2264 548 2324 si
569 2263 650 2324 dicas
671 2279 810 2341 magnus,
838 2280 893 2341 per
916 2280 948 2323 se
970 2262 1187 2341 intellegimus,
1216 2261 1287 2341 quid
1310 2269 1354 2322 est

71 2384 198 2444 magnum
221 2364 275 2425 sed
299 2381 359 2425 non
382 2360 389 2447 Ι
411 2364 501 2425 hahet
523 2362 643 2443 plenum
666 2382 803 2434 sensum,
825 2365 883 2425 nisi
905 2376 1050 2445 personae
1072 2366 1298 2442 coniungantur,
1323 2371 1355 2425 ut

71 2467 188 2528 sidicas
209 2484 337 2545 magnus
364 2468 423 2537 vir,
446 2483 570 2545 magnus
598 2468 759 2536 exercitus,
783 2482 907 2545 magnus
935 2464 1059 2543 gladius.
1111 2465 1246 2527 similiter
1269 2466 1354 2527 fortis

44 2576 97 2627 set
113 2568 176 2649 alip.
219 2570 275 2629 ista
298 2567 440 2629 adiectiva
463 2566 600 2629 dicuntur
622 2567 727 2643 latine,
750 2586 859 2647 graece
882 2568 1009 2647 epitheta
1031 2565 1224 2647 appellantur.

144 2670 221 2732 Sunt
248 2668 304 2732 alia
332 2686 409 2749 quae
436 2669 623 2749 appellantur
646 2669 810 2751 qualitatis:
840 2669 934 2750 qualis
957 2678 1001 2730 est
1021 2668 1089 2730 ittet
1116 2670 1225 2740 honus,
1250 2668 1424 2745 malustao,
1440 2684 1471 2732 tt

75 2774 194 2833 norimus
216 2770 388 2849 qualitatem
411 2790 428 2832 a
450 2771 544 2833 tribus
565 2771 656 2834 rebus
679 2772 823 2845 ordinavi,
848 2772 884 2833 ab
907 2773 1020 2841 animo,
1044 2790 1060 2833 a
1083 2791 1217 2853 corpore,
1242 2774 1352 2834 extrin-

74 2892 160 2935 ¹secus:
185 2873 223 2935 ab
245 2873 359 2945 animo,
389 2872 494 2935 doctus
516 2873 637 2944 stultus;
665 2894 682 2936 a
704 2892 845 2954 corpore,
869 2876 954 2953 niger
977 2872 1134 2943 candidus;
1159 2876 1352 2947 extrinsecus,

75 2976 225 3037 fortunatus
240 2975 331 3036 dives.
363 2982 432 3036 sunt
446 2977 619 3056 quantitatis
634 2978 768 3047 uomina,
791 2994 918 3056 magnus
939 2994 1059 3056 parvus3
1083 2978 1108 3037 si
1128 2976 1209 3038 dicas
1230 2996 1355 3056 magnus

49 3080 121 3147 aur,
142 3094 251 3158 parvm
275 3077 328 3137 vir.
373 3084 404 3137 et
424 3075 499 3138 haee
520 3096 569 3139 res
595 3096 774 3139 emensum
798 3077 969 3149 deducitur,
993 3080 1115 3159 proprie
1137 3080 1163 3141 si
1184 3078 1240 3139 hoc
1264 3079 1352 3149 dicas,

76 3180 279 3259 quantitatis&
314 3180 438 3259 proprie
465 3179 523 3240 hoc
550 3198 566 3240 a
594 3198 733 3261 mensura
759 3180 903 3242 trahitur:
943 3180 969 3241 si
996 3188 1094 3241 autern
1117 3180 1353 3250 catachresticos,

77 3284 151 3343 etiam
178 3280 311 3362 qualitati
344 3282 429 3343 datur·
461 3300 610 3344 mensura.
655 3280 781 3362 legimus
814 3283 894 3344 enim
926 3282 1173 3361 ‘magnanime
1205 3285 1353 3351 Aenaa’,

77 3402 134 3444 cum
158 3402 283 3463 maguus
310 3402 370 3444 non
396 3385 493 3465 possit
521 3403 585 3445 esse
611 3385 669 3444 uisi
690 3385 722 3445 in
745 3402 893 3444 mensura.
937 3386 1027 3445 animi
1054 3392 1154 3447 autem
1183 3404 1354 3446 mensuram

78 3504 151 3547 nemo
176 3492 276 3567 potest
303 3486 390 3547 scire.
435 3504 493 3566 quo
521 3486 610 3548 modo
638 3504 710 3565 ergo
737 3484 811 3546 dixit
837 3487 1044 3565 magnanime?
1076 3486 1129 3548 sed
1151 3486 1270 3549 abusive
1293 3494 1353 3555 est;

57 3586 124 3649 altor
152 3590 269 3669 poetice
302 3588 386 3657 feeit,
420 3590 497 3649 sicut
528 3596 558 3649 et
579 3588 684 3649 Graeci
716 3586 820 3647 dicunt
846 3582 1037 3669 μεγάθυμοι
1061 3582 1197 3669 Ἀχαιοί,
1227 3586 1231 3670 Ι
1262 3597 1292 3650 et
1319 3606 1354 3649 ex

82 3693 239 3752 anctoritate
266 3688 434 3751 descendit:
464 3707 571 3768 graeca
593 3698 638 3751 est
659 3690 743 3751 ratio.
789 3689 841 3750 sed
865 3708 925 3751 non
946 3692 1077 3771 pertinet
1099 3691 1135 3752 ad
1159 3710 1228 3751 nos:
1258 3689 1354 3770 plrilo·

83 3792 223 3871 sophorum
247 3800 302 3853 est.
346 3792 403 3853 ista
425 3810 497 3871 ergo
519 3799 601 3861 sunt,
625 3809 700 3871 quac
722 3788 871 3871 qualitatis
892 3800 963 3853 sunt
984 3799 1012 3853 ct
1034 3794 1214 3873 quantitatis.

149 3896 222 3956 Sunt
243 3894 356 3972 gentis,
379 3892 511 3953 Graecus
532 3892 570 3955 de
592 3892 730 3962 Graecia,
753 3893 900 3973 Hispanus
922 3894 959 3956 de
980 3894 1129 3975 Hispania.
1164 3896 1194 3955 in
1216 3896 1280 3956 istis
1302 3912 1425 3969 [ιο-430,
1440 3912 1472 3960 18

86 3996 194 4059 niuibus
221 3996 443 4077 provinciarum
468 3996 636 4057 invenimus
662 3996 694 4055 iu
721 3994 830 4074 regulis
859 3997 961 4057 nescio
988 4014 1045 4076 qua
1072 3998 1187 4059 ratione
1215 3997 1354 4058 derivata.

32 4245 33 4276 1
141 4236 251 4284 lautem
269 4248 315 4284 ora.
337 4234 374 4294 A,
393 4233 455 4287 add.
475 4248 492 4283 a
561 4234 625 4283 istae
643 4233 748 4301 regulae
766 4232 831 4285 Ba:
855 4232 960 4300 regulae
979 4250 1024 4286 om.
1043 4236 1099 4285 AO
1165 4234 1357 4285 3nerineBG

33 4291 34 4346 l
90 4304 151 4352 rinae
166 4305 204 4354 A:
223 4306 304 4370 Verp.
322 4303 403 4356 bucol.
423 4303 450 4365 7,
468 4303 502 4354 37
572 4302 691 4370 galathea
708 4303 792 4355 Aac
859 4304 923 4353 istae
941 4312 992 4355 tres
1011 4305 1113 4371 regulae
1131 4304 1267 4354 femininae
1286 4320 1356 4355 com·

33 4379 35 4396 ι
92 4388 159 4422 naues
174 4383 232 4424 arant
251 4374 277 4424 B
300 4373 364 4423 istae
382 4381 435 4423 tres
453 4372 590 4423 femininae
607 4388 755 4424 communes
771 4382 832 4422 sunt
850 4374 954 4440 regulae
968 4376 993 4425 A
999 4375 1020 4426 C
1103 4376 1161 4425 'let
1176 4376 1269 4425 teticon
1289 4376 1314 4425 B
1332 4382 1356 4423 et

92 4441 186 4493 nereum
201 4445 256 4495 Ac
324 4444 350 4493 id
369 4451 446 4493 estet
465 4446 641 4508 possessiunm
659 4444 684 4493 A
769 4442 876 4493 ildinus
895 4460 956 4510 ergo
973 4444 1057 4496 ABG
1138 4444 1171 4496 16
1189 4445 1234 4495 sed
1253 4446 1354 4509 plenum

94 4510 146 4562 lca
165 4514 207 4565 aad
231 4529 282 4565 aaa
300 4513 405 4579 plenum
424 4513 450 4562 A
538 4513 569 4565 17
589 4515 652 4578 quid
670 4523 709 4564 est
726 4513 784 4563 AB
801 4514 941 4578 quidemO
1029 4513 1062 4566 18
1079 4515 1265 4581 coniungantur
1282 4514 1355 4565 aaa

93 4584 234 4651 coniungatur
249 4586 274 4634 A
343 4585 377 4634 at
394 4598 504 4650 maguus
520 4599 617 4649 paruus
636 4584 661 4634 B
678 4599 774 4651 paruus
787 4598 898 4649 magnus
912 4584 964 4635 Ac
1032 4584 1067 4636 26
1083 4586 1231 4649 quantitatis
1252 4586 1355 4651 proprie

94 4650 128 4700 hoc
145 4670 158 4703 a
175 4669 292 4705 memora
310 4655 336 4705 B
342 4654 383 4706 Oa
407 4655 535 4718 quantitas
557 4655 661 4719 proprie
678 4670 694 4704 a
713 4668 832 4705 mensura
849 4653 874 4702 A
896 4678 899 4681 ·
961 4652 994 4704 tt
1011 4654 1126 4719 qualitati
1143 4654 1218 4705 datur
1237 4670 1356 4705 mensura

94 4720 148 4772 toa
159 4725 283 4788 qualitatis
300 4738 421 4774 mensura
438 4725 463 4774 A
533 4721 706 4790 magnanime]
729 4724 988 4789 Verp.Aen.1V17
1059 4724 1093 4775 28
1112 4722 1238 4775 animia*
1255 4728 1355 4775 animae

95 4790 158 4843 tac
217 4794 254 4847 30
270 4795 467 4860 magathumyoe
484 4793 619 4845 achaoeA
636 4792 757 4860 megathu
776 4808 851 4858 mpoe
870 4794 948 4860 (mioe
967 4794 1005 4860 B)
1024 4794 1102 4845 aehce
1120 4794 1173 4845 BG
1223 4795 1356 4862 31911110-

94 4862 204 4925 optaram
222 4867 257 4915 ita
275 4880 338 4931 ergo
357 4865 381 4913 A
451 4863 485 4915 st
503 4866 606 4915 diriuat.
622 4864 647 4912 A
666 4864 832 4913 diriuatorum
851 4864 893 4913 Oa
910 4864 1104 4916 diriuatiuorum
1124 4864 1157 4919 B,
1176 4867 1263 4916 neseio
1280 4880 1355 4930 quam

96 4932 199 4994 monem,
217 4934 331 4985 derivata
350 4950 429 4999 quare
448 4937 484 4987 ita
502 4934 608 4985 facerint
625 4936 731 4985 coniecit
746 4934 933 4984 Lindemanaur

1091 5018 1155 5085 10*
