3350 5442
618 351 856 416 oouanurvu
996 442 999 446 λ
1322 347 1386 412 275

514 461 516 466 ’
1187 457 1361 512 paca-sorr.

96 540 201 603 lalsuna
229 548 287 616 est,
318 539 371 602 sad
400 547 445 601 ast
471 541 625 618 utriusque
652 558 753 610 casus,
782 558 838 602 uec
867 540 1021 619 utriusque
1044 557 1144 610 casua,
1166 536 1219 598 sed
1241 536 1383 616 ambigui.

96 643 172 706 aliud
189 650 235 704 est
250 660 314 704 esse
328 643 597 720 utriusque'casus,
621 640 699 702 aliud
716 651 841 724 estesse
863 640 1003 720 ambigui.
1034 659 1103 702 uam
1126 642 1151 702 si
1173 639 1254 701 dicas
1275 640 1385 701 utrius·

97 763 153 824 que
169 763 255 806 casus
271 762 336 806 essa
359 745 624 824 praepositionem,
647 745 771 823 iungere
786 742 868 804 illam
882 743 975 804 babes
990 742 1026 803 ad
1042 742 1138 820 legent
1160 740 1279 802 illarum
1300 760 1386 821 prae·

95 850 289 927 positionum,
313 865 390 926 quac
412 863 491 907 nunc
513 845 678 907 accusativo
699 846 872 924 iunguntur,
895 862 974 907 nuuc
995 844 1135 915 ablativo,
1164 852 1197 904 ut
1218 851 1289 923 puta
1310 843 1386 904 clam

60 957 210 1027 tpatrem
243 956 272 1010 ιι
298 947 374 1010 clam
403 955 503 1028 patre:
535 956 605 1009 tuuc
633 947 708 1009 clam
729 954 860 1027 patrem,
890 946 1008 1025 quaudo
1035 946 1073 1008 ad
1104 944 1203 1007 locutu
1231 947 1385 1024 significat,

96 1061 164 1112 tuuc
187 1049 263 1112 clam
285 1059 385 1131 patre.
414 1050 532 1130 quaudo
554 1051 586 1110 in
608 1047 674 1110 loco
691 1051 851 1128 siguificat;
874 1051 952 1110 sicut
973 1041 1012 1109 in¹
1026 1048 1084 1109 illis
1106 1048 1246 1117 diximus,
1269 1047 1387 1128 quaudo

94 1153 128 1214 ad
143 1153 259 1223 locum,
283 1154 447 1214 accusativo
469 1153 617 1231 iungitur,
640 1150 758 1231 quando
773 1151 804 1211 in
827 1150 908 1221 loco,
929 1149 1066 1211 ablativo.
1096 1149 1149 1210 sed
1165 1150 1241 1211 claru
1257 1149 1387 1227 ambigui

95 1273 181 1316 casus
209 1263 268 1330 est,
296 1254 326 1316 id
350 1261 396 1316 est
416 1252 556 1315 licentiae
579 1260 646 1315 tuae
668 1253 754 1314 datur
776 1259 823 1322 ut,
847 1253 874 1314 si
893 1251 980 1322 velis,
1003 1251 1085 1313 dicas
1106 1251 1188 1313 illarn
1211 1271 1277 1313 cum
1300 1269 1386 1313 accu-

93 1359 201 1431 sativo,
225 1358 250 1418 si
272 1354 357 1426 velis,
382 1356 461 1418 dicas
480 1355 561 1416 illarn
583 1374 651 1416 curn
672 1353 807 1416 ablativo.
852 1372 990 1433 possunt,
1013 1352 1132 1433 quando
1154 1353 1234 1423 volo,
1259 1354 1359 1414 dicere
1382 1360 1387 1447 Ι

62 1477 82 1514 o
95 1458 314 1520 ‘clani-amicos
329 1457 431 1526 lecit';
449 1474 580 1536 possum,
597 1459 806 1534 quandovero,
829 1457 931 1518 diem
951 1458 1047 1518 ‘clam
1061 1459 1166 1518 amicis
1177 1456 1287 1528 sarid,
1308 1453 1389 1516 nulla

94 1561 261 1621 differentia
283 1567 337 1622 est.
383 1577 453 1620 ecce
475 1557 566 1621 habes
588 1558 679 1629 clam,
703 1567 732 1620 ιι
754 1558 810 1618 hoc
833 1577 932 1628 serva,
956 1567 989 1620 ut
1010 1557 1056 1618 rel
1075 1556 1119 1617 illi
1141 1556 1188 1618 vel
1207 1555 1252 1618 illi
1273 1559 1388 1636 iungas,

94 1661 214 1741 quando
237 1659 373 1722 volueris.
419 1668 505 1723 tenus
532 1674 603 1722 vero
631 1661 708 1722 hanc
734 1631 826 1722 babet
852 1663 1013 1729 rationem,
1042 1659 1120 1739 quod
1150 1658 1217 1720 huic
1244 1661 1390 1737 contingit

93 1773 125 1825 ut
151 1763 243 1824 modo
270 1772 485 1845 praeponatur,
509 1763 598 1824 rnodc
620 1755 817 1844 postponatur
841 1760 920 1843 [siue
941 1763 997 1824 alia
1019 1780 1091 1822 vero
1111 1762 1334 1841 praepositione
1357 1770 1390 1822 ut

93 1863 320 1946 praeponatur].
364 1883 486 1945 possum
522 1883 593 1943 ergo
626 1863 727 1925 dicere
762 1872 791 1924 et
824 1869 927 1926 ‘tenus
954 1863 1052 1944 pube'
1086 1872 1116 1925 ιι
1149 1862 1247 1943 ‘pube
1275 1867 1389 1924 tenus'.

62 1979 211 2048 nquaqua
238 1976 339 2047 parte,
368 1965 415 2028 vel
435 1965 486 2027 illa
507 1965 554 2026 vel
575 1965 624 2026 illa
647 1962 798 2046 posueris,
821 1966 912 2028 stabit
934 1967 1072 2027 elocutio.

178 2069 262 2141 Quae
289 2075 357 2130 sunt
385 2051 581 2139 accusativae,
611 2087 686 2148 quae
714 2067 857 2130 ablativae
885 2070 1136 2148 praepositiones,
1165 2068 1224 2130 iarn
1252 2067 1388 2129 diximus.
1404 2091 1462 2149 419,
1475 2091 1507 2138 ιγ

95 2181 163 2232 sunt
186 2172 275 2232 ctiam
298 2171 414 2248 aliquae
435 2171 673 2249 praepositiones
687 2188 762 2249 quae
781 2189 955 2232 communes
970 2176 1128 2239 vocantur,
1153 2189 1188 2230 eo
1210 2169 1289 2250 quod
1310 2159 1492 2277 ιιιιιιιὲῗζέι

95 2275 261 2334 accusativo
294 2274 440 2342 serviunt,
469 2289 549 2332 nunc
578 2271 714 2334 ablativo.
758 2282 829 2334 suut
856 2281 956 2333 autern
984 2273 1074 2342 istae,
1105 2274 1136 2332 iu
1163 2271 1218 2332 sub
1248 2262 1392 2350 superet
1455 2263 1462 2288 ’
1590 2303 1593 2310 ·

95 2373 207 2436 subter.
238 2373 294 2435 bae
316 2373 395 2455 apud
419 2375 545 2434 maiores
567 2381 684 2436 nostros
707 2375 771 2434 sine
793 2374 889 2452 aliqua
906 2374 1022 2435 ratione
1041 2372 1239 2453 ponebantur.
1270 2371 1389 2451 quaudo

61 2475 245 2552 roplacebat,
269 2475 407 2537 dicebant
430 2481 483 2536 ‘eo
505 2476 536 2537 iu
559 2476 652 2545 loro’,
676 2475 815 2536 dicebant
837 2477 892 2536 ‘eo
915 2477 946 2535 in
967 2475 1076 2536 lorum'
1099 2493 1156 2554 pro
1177 2475 1300 2537 arbitrio
1322 2494 1387 2536 suo.

94 2577 181 2638 huius
207 2579 254 2638 rei
282 2585 382 2640 entatu
410 2577 544 2657 exempla
571 2577 814 2647 innumerabilia,
849 2577 928 2658 quod
956 2577 1084 2658 quadarn
1115 2577 1235 2638 licentia
1262 2585 1388 2646 utentes,

95 2675 211 2760 quando
240 2677 378 2741 volebant
404 2680 442 2741 ad
470 2678 581 2754 locum,
613 2681 731 2757 quando
758 2679 898 2742 volebant
924 2682 954 2740 in
983 2677 1065 2749 loco,
1092 2677 1244 2758 ponebant
1273 2679 1390 2740 easdem

96 2783 346 2862 praepositiones,
371 2788 403 2842 ut
423 2788 501 2866 puta
520 2784 739 2862 ‘rapuitque
761 2782 797 2841 in
820 2781 950 2842 fomite
971 2780 1183 2842 flammam'.
1219 2779 1309 2841 hodie
1330 2799 1389 2840 non

94 2901 255 2961 possumus
278 2883 392 2954 dicere,
419 2883 471 2944 sed
499 2883 566 2944 dico
589 2885 692 2963 ‘rapio
715 2881 850 2945 illumin
873 2883 1028 2951 domum’;
1058 2901 1118 2944 non
1145 2900 1267 2962 possum
1290 2881 1391 2942 dicere

61 2987 197 3064 rs‘rapio
218 2983 304 3048 illurn
325 2986 355 3045 iu
378 2985 493 3046 domo'.
525 2992 554 3046 ιι
577 2992 675 3046 tamen
691 2985 731 3046 ita
747 2983 833 3054 dixit,
859 2986 977 3064 ‘rapuit
990 2986 1022 3044 iu
1037 2985 1168 3052 tomite’‚
1191 3002 1252 3044 non
1275 2984 1393 3063 ‘rapuit

95 3087 125 3146 iu
147 3085 310 3148 fomitem’.
355 3085 463 3147 deinde
486 3089 539 3146 ‘et
561 3094 647 3148 nota
670 3085 881 3148 conduntur
910 3088 946 3146 in
969 3085 1077 3147 alvo'.
1122 3087 1149 3146 si
1170 3085 1255 3146 dicas
1277 3085 1393 3146 ‘condo

95 3189 126 3248 in
148 3187 240 3258 alro',
268 3187 380 3268 putabo
409 3187 465 3249 boo
493 3207 595 3250 reruni
626 3207 706 3258 esse,
734 3187 808 3250 illud
838 3187 917 3250 aliud
939 3187 1109 3268 exemplum
1131 3190 1315 3252 contrarium
1339 3196 1391 3257 cst,

95 3289 287 3351 ‘conditus
308 3291 346 3350 in
367 3289 513 3352 nubem:
541 3287 545 3368 l
568 3290 628 3352 illic
651 3293 833 3352 accusativus
856 3298 902 3351 est
924 3309 1018 3352 casus.
1046 3291 1105 3351 iam
1127 3290 1164 3351 de
1186 3289 1252 3352 aliis
1272 3291 1390 3368 saepius

6 3439 7 3444 1
96 3388 179 3452 dixit.

62 3513 85 3552 ao
249 3494 457 3556 destrictus
480 3496 582 3556 ensis
603 3495 662 3556 cui
684 3512 794 3576 super
816 3495 931 3574 impia

249 3597 401 3657 cervice
423 3597 574 3677 pendet:

97 3698 196 3758 ‘ensis
221 3696 333 3777 pendet
359 3717 449 3778 super
477 3700 608 3760 cervice’
643 3717 731 3760 nemo
766 3699 851 3769 dicit,
884 3697 935 3759 sed
963 3715 1055 3777 super
1086 3699 1239 3760 cervicem.
1284 3698 1393 3759 deinde

99 3797 215 3877 ‘ligna
237 3817 350 3879 super
372 3799 455 3860 loco
478 3800 582 3879 large
605 3803 786 3881 reponit'‚
816 3817 872 3878 pro
902 3819 938 3862 eo
965 3800 1044 3880 quod
1067 3806 1112 3861 est
1134 3804 1242 3880 ‘super
1264 3800 1392 3862 locum’.

97 3903 129 3962 in
158 3901 302 3962 Cicerone
330 3903 417 3963 etiarn
446 3901 576 3972 miliens,
608 3905 659 3964 ‘si
687 3904 807 3964 fortes
835 3902 990 3963 lueritis
1022 3903 1058 3964 in
1088 3921 1128 3964 eo
1155 3921 1262 3983 quern
1289 3921 1393 3964 nemo

67 4003 149 4064 assit
171 4020 279 4064 ausus
301 4002 532 4075 detendere',
561 4023 616 4084 pro
639 4023 675 4065 eo
698 4003 779 4084 quod
801 4011 846 4065 esi
873 4003 985 4066 ‘tortos
1005 4006 1036 4066 in
1060 4008 1155 4066 eum'.
1200 4021 1271 4082 ergo
1294 4012 1394 4066 extant
1492 4061 1496 4066 ,

100 4103 225 4183 plurima
248 4103 399 4184 exempla,
424 4104 530 4186 quibus
545 4107 688 4188 exemplis
703 4108 799 4186 possis
822 4106 952 4186 probare
975 4107 1055 4187 quod
1077 4109 1204 4169 maiores
1225 4107 1319 4168 nostri
1341 4105 1394 4166 has

170 4359 461 4426 3praepositionemiu
481 4363 632 4428 seiungere
651 4363 704 4412 Ao
754 4361 927 4422 {tiemone
994 4363 1302 4424 Bestpricreloocom.
1322 4362 1396 4412 ABG

170 4429 309 4496 lipossom
329 4432 429 4492 quando
445 4431 502 4483 volo
521 4432 604 4482 dicere
623 4433 687 4483 claro
706 4434 796 4482 amicis
811 4432 871 4482 lecit
888 4448 934 4483 om.
950 4432 1033 4482 Ano
1084 4433 1115 4483 11
1131 4447 1205 4481 serua
1226 4441 1249 4482 et
1267 4431 1307 4495 (ut
1324 4447 1391 4481 corr.

6 4475 7 4568 j
103 4507 128 4548 et
144 4497 199 4557 Ar)
214 4499 255 4550 uel
274 4500 358 4552 ABG
426 4499 543 4567 libano]
566 4501 713 4553 lrcoABO
782 4503 815 4553 13
833 4512 860 4551 ut
877 4510 1049 4567 proeponatur
1063 4501 1111 4551 Ba
1129 4511 1155 4551 ut
1172 4509 1327 4567 proponatur
1342 4502 1396 4552 Ad

174 4567 203 4620 19
223 4579 323 4621 nostros
341 4585 386 4621 cm·
402 4571 426 4620 Β
512 4572 545 4624 ’23
562 4574 645 4637 rapuit
663 4574 689 4622 in
707 4573 741 4623 G:
762 4574 841 4638 Verp.
859 4573 923 4621 Aeo.
944 4574 955 4621 l
972 4571 1023 4622 176
1041 4599 1045 4608 ·
1105 4587 1156 4621 non
1175 4569 1323 4638 possumne]
1343 4586 1393 4622 non

6 4613 7 4616 Ἴ
104 4639 246 4702 pessumo
315 4639 477 4708 adernou]
506 4641 666 4707 Varadeto.
687 4641 776 4694 11401
832 4641 1394 4707 asconditosAB:Verp.9eor9.1442

173 4725 246 4775 saepe
263 4709 284 4760 G
351 4709 619 4763 consoranensis
638 4713 661 4761 A
681 4713 778 4762 dextris
793 4713 893 4762 iunctus
910 4712 978 4761 ensis
997 4713 1022 4761 B
1029 4713 1063 4764 0:
1082 4713 1147 4762 lior.
1166 4727 1244 4764 carni.
1262 4714 1295 4761 ΙΙΙ
1316 4712 1339 4772 l,
1362 4713 1393 4762 l'l

173 4778 204 4829 3⁵2
222 4780 344 4843 pendito
396 4781 431 4832 33
449 4779 529 4848 ligna]
552 4783 620 4832 Hor.
639 4797 715 4832 earm.
736 4783 818 4842 itta
884 4781 918 4832 34
936 4780 1048 4849 miliens]
1067 4783 1161 4833 milites
1179 4782 1204 4832 B
1261 4778 1391 4848 silortes]

6 4863 8 5012 p
108 4846 157 4896 Cic.
175 4849 199 4897 in
218 4850 293 4900 Verr.
308 4859 357 4900 oct.
376 4867 428 4905 aec.
450 4853 459 4900 l
479 4851 534 4916 1,3
604 4851 709 4903 lucretis
728 4851 753 4901 A

1127 4935 1192 5000 18*

6 5067 8 5156 l
