3350 5442
600 343 836 408 counnurvtt
1306 339 1369 404 243

1184 463 1206 505 p.
1219 450 1309 493 sn-ss
1323 450 1345 491 t„

86 543 170 599 metra
191 535 325 615 scripsit,
349 551 438 612 quem
454 533 625 595 admodum
648 532 742 595 habes
764 533 883 595 dicere?
911 532 1106 594 Terentianus
1129 532 1178 592 ille
1200 531 1322 600 dicitur;
1345 532 1371 591 si

87 638 150 699 velis
170 637 382 698 derivationem
405 636 474 697 inde
497 636 609 707 lacere,
633 634 778 712 numquid
802 636 937 715 sequitur
960 636 1103 696 rationem
1119 634 1224 695 istam?
1246 634 1298 693 sed
1314 633 1372 693 boc

84 725 277 819 contemptum
301 748 346 800 est
367 757 455 799 causa
479 738 646 818 euphoniae
670 736 761 815 [male
783 732 916 818 sonanti.
950 754 1021 815 ergo
1044 735 1183 797 adverbia
1205 743 1257 796 aut
1278 754 1293 795 a
1316 753 1371 795 no·

84 840 206 902 minibus
233 840 362 921 propriis
390 848 566 910 naseuntur,
597 847 631 901 ut
657 837 770 899 Tullius
798 838 948 907 Tulliano,
976 846 1027 899 aut
1055 837 1091 898 ab
1120 835 1317 917 appellativis,
1340 845 1373 897 ut

62 944 182 1004 edoctus
204 942 305 1013 docte,
329 941 427 1003 clarus
449 942 544 1012 clare,
568 950 618 1003 aut
640 960 655 1001 a
677 939 837 1009 vocabulo,
862 947 895 1001 ut
910 941 1019 1001 ostium
1034 940 1165 1001 ostiatim
1187 937 1371 1017 [absolutum

84 1053 137 1116 est,
165 1047 196 1106 in
224 1042 408 1124 appellativis
435 1042 515 1104 nulla
543 1041 688 1103 dubitatio
717 1035 791 1123 est];
827 1049 878 1103 aut
904 1049 986 1103 certe
1017 1060 1032 1103 a
1062 1042 1253 1123 pronomine,
1288 1059 1373 1102 meus

83 1148 214 1216 meatim,
244 1156 311 1207 tuus
339 1147 450 1207 tuatim.
497 1153 527 1205 et
555 1143 628 1205 nibil
644 1144 734 1205 -aliud
768 1146 914 1222 significat
941 1146 1059 1206 meatim
1089 1145 1191 1206 tuatim
1221 1145 1278 1205 nisi
1306 1161 1373 1203 meo

84 1268 174 1318 more,
200 1256 250 1309 tuo
273 1266 365 1308 more.
413 1255 485 1328 puta
512 1248 649 1307 ‘meatim
679 1247 807 1307 lecisti':
846 1247 916 1326 qnid
945 1253 989 1307 est
1017 1247 1152 1311 ‘meatim
1176 1246 1307 1307 lecisti’?
1343 1244 1373 1305 id

83 1358 124 1413 est
149 1368 218 1411 meo
247 1368 346 1419 more;
379 1350 501 1411 ‘tuatim
529 1349 653 1417 lecisti',
681 1348 711 1409 id
740 1354 785 1409 est
808 1358 857 1410 tuo
886 1366 978 1409 more.
1023 1350 1094 1409 item
1117 1368 1134 1409 a
1158 1347 1314 1418 vocabulo,
1342 1354 1375 1407 ut

54 1470 73 1506 u
84 1453 187 1513 ostium
223 1452 361 1513 ostiatim.
408 1452 459 1513 sed
494 1457 523 1511 et
550 1452 657 1512 ostium
686 1468 794 1511 nomen
829 1458 882 1512 est.
928 1450 998 1530 quid
1027 1468 1099 1529 ergo
1126 1453 1267 1521 interest,
1296 1449 1374 1530 quod

82 1552 149 1614 dicit
171 1572 280 1616 nomen
304 1561 334 1614 et
355 1553 549 1615 vocabulum?
572 1552 649 1633 quid¹
658 1553 799 1614 interest?
822 1551 900 1630 quod
924 1571 1033 1613 nomeu
1056 1552 1118 1613 volt
1140 1571 1206 1614 esse
1229 1551 1373 1623 animalis,

83 1655 254 1717 vocabulum
282 1654 344 1716 vult
372 1673 437 1715 esse
465 1657 510 1716 rei
537 1653 713 1717 inanimalis.
758 1661 829 1735 puta
858 1655 966 1716 ostium
989 1656 1118 1717 fenestra
1140 1656 1252 1735 paries,
1277 1657 1374 1716 omnia

82 1760 130 1818 ista
159 1756 302 1819 voeabula
332 1764 410 1818 sunt.
456 1776 472 1817 e
500 1757 649 1818 contrario
678 1758 704 1816 si
732 1756 844 1818 dixeris
872 1756 977 1817 doctus
1000 1756 1113 1827 clarus,
1137 1758 1193 1818 lsta
1215 1758 1280 1836 ipsa
1302 1776 1375 1836 quo·

84 1861 156 1919 niam
179 1867 306 1939 possunt
327 1867 357 1920 et
378 1861 409 1920 in
431 1859 584 1919 hominem
607 1858 714 1919 eadere
730 1861 803 1920 etin
820 1877 884 1919 rem
900 1857 1090 1920 inanimalem
1111 1858 1232 1929 cadere,
1257 1860 1375 1920 nominat

52 1978 71 2015 15
83 1968 156 2022 sunt.
201 1958 345 2021 vocabula
369 1978 441 2039 ergo
464 1979 566 2021 rerum
589 1967 658 2021 sunt
681 1959 684 2042 l
707 1960 910 2023 irranimalium
933 1962 1064 2041 propria.
1101 1962 1209 2021 ostium
1231 1962 1376 2021 ostiatim:

83 2062 269 2123 ‘ostiatim
303 2070 425 2124 totum
458 2062 634 2143 oppidum
667 2061 929 2143 oornpilatim’.
974 2065 1046 2123 item
1079 2082 1095 2123 a
1129 2062 1232 2132 verbo,
1266 2065 1377 2124 cursim

83 2166 213 2225 strictim.
259 2184 275 2225 a
299 2166 420 2227 nomine
443 2171 473 2225 et
495 2164 585 2225 verbo
608 2164 711 2234 simul,
735 2164 942 2244 petletemtim,
967 2163 1065 2244 [quasi
1086 2183 1140 2244 pes
1162 2172 1192 2225 et
1213 2165 1315 2243 teneo]
1339 2163 1377 2226 ab

84 2285 115 2325 eo
138 2266 217 2345 quod
241 2276 286 2327 est
307 2286 361 2347 pes
383 2276 413 2327 et
436 2274 538 2336 teneo;
563 2267 712 2343 utrimque
728 2268 838 2327 lactum
854 2274 899 2327 est
915 2265 1122 2345 pedetemtim,
1145 2266 1174 2326 id
1199 2275 1244 2328 est
1266 2267 1376 2327 sensim

82 2370 140 2429 sine
162 2370 394 2431 intermissione.
426 2371 497 2429 item
520 2366 678 2447 indulgens
700 2367 891 2446 indulgenter
913 2370 967 2438 ait,
997 2386 1067 2429 ecce
1089 2386 1105 2428 a
1127 2369 1285 2447 participio
1308 2386 1373 2429 uas·

52 2472 171 2539 scitur,
195 2470 226 2531 id
251 2479 295 2531 est
317 2490 386 2531 ecce
402 2470 574 2531 adverbium
598 2466 676 2548 quod
699 2488 715 2529 a
738 2472 897 2550 participio
919 2479 1019 2531 natum
1042 2476 1096 2530 est.
1127 2478 1236 2547 negant
1257 2488 1376 2539 omnes;

83 2570 158 2633 solus
182 2572 314 2634 Donatus
337 2571 426 2634 audet
449 2571 504 2633 boc
527 2571 642 2641 dicere;
666 2574 795 2652 sumpsit
815 2571 972 2634 consilium
996 2592 1013 2633 a
1035 2573 1141 2651 Capro.
1187 2579 1321 2633 ceterum
1343 2591 1377 2632 re

83 2692 146 2735 rera
171 2691 232 2735 non
256 2673 345 2735 debet
366 2675 448 2735 nasci
470 2672 642 2735 adverbium
660 2692 675 2734 a
691 2666 863 2754 participio;
888 2680 919 2735 et
937 2674 1085 2755 decipitur
1106 2674 1241 2746 nomine,
1266 2681 1296 2735 et
1309 2672 1378 2734 ideo

83 2774 136 2837 boe
158 2782 253 2856 putat.
284 2776 409 2855 legimus
431 2778 462 2836 in
485 2776 630 2856 principio
654 2794 718 2836 esse
741 2776 861 2847 nomina
883 2777 989 2836 eodem
1011 2784 1041 2838 et
1062 2778 1227 2856 participia.
1263 2776 1377 2837 idcirco

81 2876 223 2957 indulgeo
250 2876 409 2957 indulgens
436 2878 625 2958 participium
649 2884 707 2949 est,
738 2885 768 2939 et
790 2896 849 2939 non
872 2878 944 2939 vidit
971 2879 1110 2958 quoniam
1132 2877 1190 2940 boe
1210 2880 1309 2958 ipsum
1331 2880 1376 2938 in-

50 2978 205 3058 esdulgens
233 2985 333 3059 potest
360 2998 426 3041 esse
454 2987 485 3040 et
517 2998 635 3041 nomen.
679 2978 758 3040 unde
787 2988 910 3060 apparet
937 2980 1076 3060 quoniam
1098 2987 1196 3060 potest
1218 2989 1248 3041 et
1269 2999 1378 3041 nomen

83 3082 160 3141 esset
199 3082 443 3160 conparationem
478 3082 597 3162 recipit;
640 3083 711 3143 iacit
745 3083 823 3143 enim
857 3082 1061 3161 indulgentior
1092 3082 1377 3160 indulgentissimos.

15 3228 16 3257 3
82 3183 105 3241 si
135 3184 328 3263 participium
367 3191 460 3254 esset,
505 3202 564 3245 non
603 3186 752 3264 reciperet
790 3184 1047 3263 conparationem:
1090 3186 1262 3265 conparatio
1299 3186 1379 3245 enim

83 3286 194 3347 nomini
232 3284 354 3356 accidit,
394 3304 553 3365 numquam
591 3288 758 3365 participio.
804 3304 876 3364 crgo
913 3286 1031 3366 quando
1063 3282 1265 3366 indulgentior
1299 3287 1378 3356 lecit,

84 3402 139 3445 non
174 3385 279 3448 videor
312 3386 524 3449 derivationem
557 3388 644 3449 istam
673 3388 804 3449 adverbii
833 3387 953 3450 trabere
981 3408 998 3450 a
1031 3390 1201 3469 participio,
1238 3389 1291 3450 sed
1319 3398 1379 3451 tra-

15 3528 16 3535 1
53 3484 152 3547 abere
181 3506 199 3548 a
230 3490 360 3551 nomine.
407 3498 452 3550 est
478 3496 576 3551 tamen
610 3488 733 3551 validior
760 3509 809 3552 res
838 3508 914 3568 quae
942 3488 1049 3570 probat
1078 3509 1137 3550 non
1166 3509 1231 3551 esse
1259 3492 1379 3570 partici-

15 3574 16 3637 Ῑ
83 3590 171 3667 pium.
222 3608 298 3669 quae
320 3610 370 3652 res
392 3590 499 3671 probat
526 3610 586 3651 non
617 3610 681 3652 esse
711 3592 918 3672 participium?
941 3610 1030 3652 omne
1051 3593 1240 3672 participium
1263 3601 1380 3672 tempus

83 3690 169 3753 babet
199 3694 265 3753 sine
294 3692 394 3754 dubio.
440 3691 558 3773 quando
587 3692 653 3753 dico
682 3689 899 3775 ‘indulgenlter
926 3694 1011 3762 leci'‚
1041 3694 1125 3754 cuius
1151 3696 1295 3773 temporis
1318 3696 1381 3755 est?

84 3794 236 3874 numquid·
265 3796 411 3873 significat
446 3802 497 3857 aut
532 3813 675 3874 praesens
712 3804 830 3874 tempus
867 3803 918 3857 aut
944 3797 1139 3876 praeteritum
1175 3803 1293 3877 tempus
1329 3805 1381 3857 ant

15 3886 16 3891 ’
83 3894 234 3959 loturum?
277 3898 405 3959 cuiusvis
443 3898 585 3978 temporis
623 3906 682 3967 est,
722 3906 794 3978 puta
829 3896 1020 3977 indulgenter
1054 3898 1186 3966 tacturus
1219 3918 1300 3970 sum,
1334 3902 1380 3960 iu·

15 4120 16 4149 l

15 4154 16 4179 l

15 4180 17 4201 l

15 4292 16 4305 l

15 4308 17 4327 t

15 4348 17 4415 l

15 4422 17 4441 ι

15 4538 17 4559 l

15 4692 17 4757 l

15 4806 17 4823 l

55 3995 240 4077 odolgenter
276 3998 349 4069 leci,
385 3999 576 4078 indulgenter
612 4000 700 4061 lacio.
746 4017 818 4061 ecce
856 3997 975 4081 [quare]
1014 4000 1205 4079 indulgenter
1242 4004 1381 4080 congruit

15 4092 16 4105 ¹
85 4100 221 4162 omnibus
245 4100 441 4180 temporibus.
464 4101 533 4169 ‚sed
555 4100 713 4180 indulgens
734 4104 900 4181 praesentis
922 4104 1065 4183 temporis
1087 4111 1133 4163 est
1154 4110 1276 4164 tantum.
1307 4120 1380 4181 ergo

85 4216 139 4278 quo
161 4201 254 4263 modo
276 4209 376 4283 potest
398 4204 462 4264 lieri
486 4210 518 4264 ut
539 4205 727 4285 participium
749 4206 916 4284 praesentis
931 4205 1075 4284 temporis
1097 4204 1185 4265 iaciat
1206 4203 1380 4265 adverbium

151 4426 317 4477 2ratioisttt
335 4424 418 4476 Ano
504 4424 680 4476 babsolutum
699 4426 842 4477 estBOo:
862 4434 966 4479 estam.
985 4426 1011 4475 A
1096 4425 1128 4476 10
1145 4424 1219 4477 sedet
1236 4424 1380 4491 hospicium

87 4496 369 4549 moecenatina
388 4495 413 4544 A
475 4495 544 4559 quod
563 4496 654 4545 dieitur
673 4510 765 4545 nomen
782 4496 892 4559 Bquod
910 4497 971 4546 dicit
989 4496 1056 4545 inter
1071 4495 1205 4546 nomenti
1272 4496 1304 4547 11
1320 4496 1381 4558 quid

88 4565 189 4615 interest
206 4566 274 4630 qood
294 4580 386 4616 nomen
402 4564 475 4616 Bt'a
495 4565 545 4614 nisi
564 4567 632 4628 quod
651 4580 741 4615 nomen
760 4566 784 4615 A
857 4566 890 4617 14
908 4573 1016 4632 possunt
1033 4566 1059 4615 in
1082 4565 1210 4615 hominem
1227 4566 1314 4616 ABG

87 4636 111 4682 in
133 4651 186 4685 rem
206 4636 342 4686 animalem
361 4634 444 4686 ABG
512 4636 543 4686 15
563 4636 668 4701 proprie
685 4635 769 4687 Aue
834 4635 947 4687 bostium
964 4636 1095 4686 hostiatim
1114 4634 1255 4696 (hostiatim
1277 4635 1337 4687 add.
1353 4638 1382 4693 at

88 4712 164 4755 totum
183 4706 306 4771 oppidum
320 4705 372 4755 AB
391 4707 482 4756 ostium
502 4705 612 4755 ostiatim
628 4714 706 4756 totum
726 4706 830 4771 opidum
844 4707 880 4758 0.·
896 4708 947 4758 cie.
960 4708 986 4756 ia
1001 4708 1080 4761 Verr.
1098 4714 1147 4756 aet.
1166 4721 1218 4757 see.
1231 4706 1277 4757 llll
1295 4709 1338 4767 24,
1350 4706 1383 4757 53

155 4774 189 4827 ts
208 4776 436 4839 utrumqueABO
487 4774 521 4826 23
540 4776 627 4825 eadem
646 4776 787 4827 orn..th
837 4776 872 4827 34
890 4778 1004 4827 cuiusuis
1023 4776 1096 4827 Rea
1114 4776 1188 4826 cuius
1206 4776 1231 4824 Α
1285 4775 1319 4826 311
1336 4776 1382 4825 sed

15 4836 17 4889 l
90 4842 224 4911 indulgens
240 4872 273 4883 —
290 4846 351 4913 att,
372 4847 386 4898 l
406 4846 563 4912 temporibus
581 4862 627 4900 om,
650 4847 682 4909 A,
700 4846 761 4896 add.
781 4861 798 4894 a

1116 4930 1180 4994 16*
