<?xml version="1.0" encoding="UTF-8"?>
<!DOCTYPE html PUBLIC "-//W3C//DTD XHTML 1.0 Transitional//EN"
    "http://www.w3.org/TR/xhtml1/DTD/xhtml1-transitional.dtd">
<html xmlns="http://www.w3.org/1999/xhtml" xml:lang="en" lang="en">
 <head>
  <title>
</title>
<meta http-equiv="Content-Type" content="text/html;charset=utf-8" />
  <meta name='ocr-system' content='tesseract 3.04.00' />
  <meta name='ocr-capabilities' content='ocr_page ocr_carea ocr_par ocr_line ocrx_word'/>
</head>
<body>
  <div class='ocr_page' id='page_1' title='image "./grammaticilatin02hagagoog_0634.png"; bbox 0 0 3350 5442; ppageno 0'>
   <div class='ocr_carea' id='block_1_1' title="bbox 340 406 1384 507">
    <p class='ocr_par' dir='ltr' id='par_1_1' title="bbox 340 406 1384 507">
     <span class='ocr_line' id='line_1_1' title="bbox 340 406 1384 507; baseline -0.001 -1"><span class='ocrx_word' id='word_1_1' title='bbox 340 406 343 414; x_wconf 62' lang='grc'><em>’</em></span> <span class='ocrx_word' id='word_1_2' title='bbox 434 445 633 507; x_wconf 74' lang='lat' dir='ltr'><strong>nicenum</strong></span> <span class='ocrx_word' id='word_1_3' title='bbox 653 434 830 507; x_wconf 79' lang='lat' dir='ltr'><strong>nannum</strong></span> <span class='ocrx_word' id='word_1_4' title='bbox 854 444 1044 507; x_wconf 81' lang='lat' dir='ltr'><strong>xix-uxr</strong></span> <span class='ocrx_word' id='word_1_5' title='bbox 1321 440 1384 505; x_wconf 80' lang='lat'><strong>625</strong></span> 
     </span>
    </p>
   </div>
   <div class='ocr_carea' id='block_1_2' title="bbox 56 550 1384 1123">
    <p class='ocr_par' dir='ltr' id='par_1_2' title="bbox 87 550 1384 1022">
     <span class='ocr_line' id='line_1_2' title="bbox 1187 550 1358 606; baseline 0.018 -15"><span class='ocrx_word' id='word_1_6' title='bbox 1187 564 1207 606; x_wconf 83' lang='lat' dir='ltr'><strong>p.</strong></span> <span class='ocrx_word' id='word_1_7' title='bbox 1222 554 1279 594; x_wconf 71' lang='lat' dir='ltr'><strong>test.</strong></span> <span class='ocrx_word' id='word_1_8' title='bbox 1295 554 1321 593; x_wconf 78' lang='lat' dir='ltr'><strong>ul</strong></span> <span class='ocrx_word' id='word_1_9' title='bbox 1336 550 1358 594; x_wconf 84' lang='lat' dir='ltr'><strong>l&#39;.</strong></span> 
     </span>
     <span class='ocr_line' id='line_1_3' title="bbox 87 605 1383 713; baseline 0 -22"><span class='ocrx_word' id='word_1_10' title='bbox 87 651 148 711; x_wconf 83' lang='lat' dir='ltr'><strong>pro</strong></span> <span class='ocrx_word' id='word_1_11' title='bbox 176 634 211 693; x_wconf 92' lang='lat' dir='ltr'><strong>ad</strong></span> <span class='ocrx_word' id='word_1_12' title='bbox 244 633 493 712; x_wconf 85' lang='lat' dir='ltr'><strong>respondendum.</strong></span> <span class='ocrx_word' id='word_1_13' title='bbox 538 605 652 713; x_wconf 76' lang='lat' dir='ltr'><strong>ponunt</strong></span> <span class='ocrx_word' id='word_1_14' title='bbox 679 642 709 694; x_wconf 90' lang='lat' dir='ltr'><strong>et</strong></span> <span class='ocrx_word' id='word_1_15' title='bbox 736 652 791 713; x_wconf 88' lang='lat' dir='ltr'><strong>pro</strong></span> <span class='ocrx_word' id='word_1_16' title='bbox 818 636 977 713; x_wconf 81' lang='lat' dir='ltr'><strong>participio</strong></span> <span class='ocrx_word' id='word_1_17' title='bbox 1005 636 1186 713; x_wconf 85' lang='lat' dir='ltr'><strong>praesentis:</strong></span> <span class='ocrx_word' id='word_1_18' title='bbox 1232 634 1325 692; x_wconf 84' lang='lat' dir='ltr'><strong>Varro</strong></span> <span class='ocrx_word' id='word_1_19' title='bbox 1352 635 1383 692; x_wconf 92' lang='lat' dir='ltr'><strong>in</strong></span> 
     </span>
     <span class='ocr_line' id='line_1_4' title="bbox 88 734 1382 805; baseline -0.002 -10"><span class='ocrx_word' id='word_1_20' title='bbox 88 735 232 796; x_wconf 82' lang='lat' dir='ltr'><strong>Scaevola</strong></span> <span class='ocrx_word' id='word_1_21' title='bbox 254 734 311 795; x_wconf 71' lang='lat' dir='ltr'><strong>‘et</strong></span> <span class='ocrx_word' id='word_1_22' title='bbox 331 743 370 795; x_wconf 94' lang='lat' dir='ltr'><strong>ut</strong></span> <span class='ocrx_word' id='word_1_23' title='bbox 392 744 543 796; x_wconf 91' lang='lat' dir='ltr'><strong>matrem</strong></span> <span class='ocrx_word' id='word_1_24' title='bbox 566 736 695 797; x_wconf 88' lang='lat' dir='ltr'><strong>audivi</strong></span> <span class='ocrx_word' id='word_1_25' title='bbox 718 736 876 805; x_wconf 90' lang='lat' dir='ltr'><strong>dicere’‚</strong></span> <span class='ocrx_word' id='word_1_26' title='bbox 907 736 1012 797; x_wconf 85' lang='lat' dir='ltr'><strong>Cicero</strong></span> <span class='ocrx_word' id='word_1_27' title='bbox 1039 737 1071 796; x_wconf 92' lang='lat' dir='ltr'><strong>in</strong></span> <span class='ocrx_word' id='word_1_28' title='bbox 1093 737 1217 796; x_wconf 82' lang='lat' dir='ltr'><strong>Verrem</strong></span> <span class='ocrx_word' id='word_1_29' title='bbox 1239 734 1382 797; x_wconf 70' lang='lat' dir='ltr'><strong>‘Chuni</strong></span> 
     </span>
     <span class='ocr_line' id='line_1_5' title="bbox 88 838 1382 917; baseline -0.002 -19"><span class='ocrx_word' id='word_1_30' title='bbox 88 838 235 899; x_wconf 89' lang='lat' dir='ltr'><strong>demum</strong></span> <span class='ocrx_word' id='word_1_31' title='bbox 280 838 410 899; x_wconf 84' lang='lat' dir='ltr'><strong>Chium</strong></span> <span class='ocrx_word' id='word_1_32' title='bbox 454 840 714 899; x_wconf 86' lang='lat' dir='ltr'><strong>testimonium</strong></span> <span class='ocrx_word' id='word_1_33' title='bbox 749 838 876 898; x_wconf 88' lang='lat' dir='ltr'><strong>dicere</strong></span> <span class='ocrx_word' id='word_1_34' title='bbox 906 839 1086 899; x_wconf 88' lang='lat' dir='ltr'><strong>audistis’</strong></span> <span class='ocrx_word' id='word_1_35' title='bbox 1127 856 1182 917; x_wconf 91' lang='lat' dir='ltr'><strong>pro</strong></span> <span class='ocrx_word' id='word_1_36' title='bbox 1225 838 1382 897; x_wconf 79' lang='lat' dir='ltr'><strong>dicentem.</strong></span> 
     </span>
     <span class='ocr_line' id='line_1_6' title="bbox 88 940 1384 1022; baseline 0 -23"><span class='ocrx_word' id='word_1_37' title='bbox 88 951 163 1001; x_wconf 86' lang='lat' dir='ltr'><strong>eant</strong></span> <span class='ocrx_word' id='word_1_38' title='bbox 182 958 262 1001; x_wconf 90' lang='lat' dir='ltr'><strong>nunc</strong></span> <span class='ocrx_word' id='word_1_39' title='bbox 284 942 335 1020; x_wconf 84' lang='lat' dir='ltr'><strong>qui</strong></span> <span class='ocrx_word' id='word_1_40' title='bbox 357 942 474 1001; x_wconf 82' lang='lat' dir='ltr'><strong>infinito</strong></span> <span class='ocrx_word' id='word_1_41' title='bbox 496 940 713 1022; x_wconf 82' lang='lat' dir='ltr'><strong>caluminantur</strong></span> <span class='ocrx_word' id='word_1_42' title='bbox 736 948 765 1000; x_wconf 90' lang='lat' dir='ltr'><strong>et</strong></span> <span class='ocrx_word' id='word_1_43' title='bbox 786 940 912 1002; x_wconf 84' lang='lat' dir='ltr'><strong>verbum</strong></span> <span class='ocrx_word' id='word_1_44' title='bbox 933 958 992 1002; x_wconf 92' lang='lat' dir='ltr'><strong>non</strong></span> <span class='ocrx_word' id='word_1_45' title='bbox 1015 958 1079 1003; x_wconf 87' lang='lat' dir='ltr'><strong>esse</strong></span> <span class='ocrx_word' id='word_1_46' title='bbox 1103 940 1293 1008; x_wconf 88' lang='lat' dir='ltr'><strong>contendunt,</strong></span> <span class='ocrx_word' id='word_1_47' title='bbox 1317 958 1384 999; x_wconf 79' lang='lat' dir='ltr'><strong>curu</strong></span> 
     </span>
    </p>

    <p class='ocr_par' dir='ltr' id='par_1_3' title="bbox 56 1041 953 1123">
     <span class='ocr_line' id='line_1_7' title="bbox 56 1041 953 1123; baseline 0 -20"><span class='ocrx_word' id='word_1_48' title='bbox 56 1052 74 1089; x_wconf 81' lang='lat'>⁵</span> <span class='ocrx_word' id='word_1_49' title='bbox 90 1062 148 1123; x_wconf 88' lang='lat' dir='ltr'><strong>pro</strong></span> <span class='ocrx_word' id='word_1_50' title='bbox 170 1042 309 1103; x_wconf 88' lang='lat' dir='ltr'><strong>omnibus</strong></span> <span class='ocrx_word' id='word_1_51' title='bbox 329 1043 394 1104; x_wconf 88' lang='lat' dir='ltr'><strong>lere</strong></span> <span class='ocrx_word' id='word_1_52' title='bbox 416 1042 500 1103; x_wconf 90' lang='lat' dir='ltr'><strong>verbi</strong></span> <span class='ocrx_word' id='word_1_53' title='bbox 521 1043 618 1103; x_wconf 89' lang='lat' dir='ltr'><strong>modis</strong></span> <span class='ocrx_word' id='word_1_54' title='bbox 640 1042 784 1122; x_wconf 79' lang='lat' dir='ltr'><strong>probetur</strong></span> <span class='ocrx_word' id='word_1_55' title='bbox 806 1041 953 1104; x_wconf 84' lang='lat' dir='ltr'><strong>adhiberi.</strong></span> 
     </span>
    </p>
   </div>
   <div class='ocr_carea' id='block_1_3' title="bbox 553 1242 924 1292">
    <p class='ocr_par' dir='ltr' id='par_1_4' title="bbox 553 1242 924 1292">
     <span class='ocr_line' id='line_1_8' title="bbox 553 1242 924 1292; baseline 0.008 -3"><span class='ocrx_word' id='word_1_56' title='bbox 553 1243 600 1291; x_wconf 81' lang='lat' dir='ltr'><strong>DE</strong></span> <span class='ocrx_word' id='word_1_57' title='bbox 623 1242 924 1292; x_wconf 74' lang='lat' dir='ltr'><strong>lupunsouuntssvs</strong></span> 
     </span>
    </p>
   </div>
   <div class='ocr_carea' id='block_1_4' title="bbox 46 1367 1491 2977">
    <p class='ocr_par' dir='ltr' id='par_1_5' title="bbox 92 1367 1491 1652">
     <span class='ocr_line' id='line_1_9' title="bbox 179 1367 1491 1447; baseline -0.001 -19"><span class='ocrx_word' id='word_1_58' title='bbox 179 1367 255 1428; x_wconf 91' lang='lat' dir='ltr'><strong>Sunt</strong></span> <span class='ocrx_word' id='word_1_59' title='bbox 282 1368 482 1447; x_wconf 89' lang='lat' dir='ltr'><strong>inpersonalia</strong></span> <span class='ocrx_word' id='word_1_60' title='bbox 510 1368 632 1428; x_wconf 87' lang='lat' dir='ltr'><strong>Graecis</strong></span> <span class='ocrx_word' id='word_1_61' title='bbox 659 1367 833 1447; x_wconf 77' lang='lat' dir='ltr'><strong>Latinisque</strong></span> <span class='ocrx_word' id='word_1_62' title='bbox 862 1368 1042 1435; x_wconf 88' lang='lat' dir='ltr'><strong>eommunia,</strong></span> <span class='ocrx_word' id='word_1_63' title='bbox 1073 1372 1142 1426; x_wconf 88' lang='lat' dir='ltr'><strong>sunt</strong></span> <span class='ocrx_word' id='word_1_64' title='bbox 1168 1373 1281 1427; x_wconf 88' lang='lat' dir='ltr'><strong>tantum</strong></span> <span class='ocrx_word' id='word_1_65' title='bbox 1315 1384 1384 1424; x_wconf 91' lang='lat' dir='ltr'><strong>cou-</strong></span> <span class='ocrx_word' id='word_1_66' title='bbox 1400 1380 1491 1429; x_wconf 79' lang='lat' dir='ltr'><strong>rutv.</strong></span> 
     </span>
     <span class='ocr_line' id='line_1_10' title="bbox 92 1467 1387 1548; baseline -0.002 -20"><span class='ocrx_word' id='word_1_67' title='bbox 92 1489 179 1530; x_wconf 86' lang='lat' dir='ltr'><strong>cessa</strong></span> <span class='ocrx_word' id='word_1_68' title='bbox 201 1471 350 1531; x_wconf 82' lang='lat' dir='ltr'><strong>latinitati.</strong></span> <span class='ocrx_word' id='word_1_69' title='bbox 396 1470 482 1530; x_wconf 91' lang='lat' dir='ltr'><strong>decet</strong></span> <span class='ocrx_word' id='word_1_70' title='bbox 505 1489 551 1530; x_wconf 90' lang='lat' dir='ltr'><strong>me</strong></span> <span class='ocrx_word' id='word_1_71' title='bbox 574 1478 603 1530; x_wconf 89' lang='lat' dir='ltr'><strong>te</strong></span> <span class='ocrx_word' id='word_1_72' title='bbox 626 1470 708 1531; x_wconf 92' lang='lat' dir='ltr'><strong>illum</strong></span> <span class='ocrx_word' id='word_1_73' title='bbox 731 1488 785 1531; x_wconf 91' lang='lat' dir='ltr'><strong>nos</strong></span> <span class='ocrx_word' id='word_1_74' title='bbox 807 1488 859 1530; x_wconf 87' lang='lat' dir='ltr'><strong>vos</strong></span> <span class='ocrx_word' id='word_1_75' title='bbox 880 1470 948 1530; x_wconf 91' lang='lat' dir='ltr'><strong>illos</strong></span> <span class='ocrx_word' id='word_1_76' title='bbox 969 1468 1155 1548; x_wconf 87' lang='lat' dir='ltr'><strong>inpersonalc</strong></span> <span class='ocrx_word' id='word_1_77' title='bbox 1184 1475 1245 1537; x_wconf 90' lang='lat' dir='ltr'><strong>est;</strong></span> <span class='ocrx_word' id='word_1_78' title='bbox 1282 1467 1333 1526; x_wconf 90' lang='lat' dir='ltr'><strong>sed</strong></span> <span class='ocrx_word' id='word_1_79' title='bbox 1357 1476 1387 1525; x_wconf 90' lang='lat' dir='ltr'><strong>et</strong></span> 
     </span>
     <span class='ocr_line' id='line_1_11' title="bbox 93 1560 1387 1652; baseline -0.003 -21"><span class='ocrx_word' id='word_1_80' title='bbox 93 1573 201 1632; x_wconf 87' lang='lat' dir='ltr'><strong>Graeci</strong></span> <span class='ocrx_word' id='word_1_81' title='bbox 224 1572 281 1632; x_wconf 89' lang='lat' dir='ltr'><strong>hoc</strong></span> <span class='ocrx_word' id='word_1_82' title='bbox 304 1572 394 1632; x_wconf 86' lang='lat' dir='ltr'><strong>verbo</strong></span> <span class='ocrx_word' id='word_1_83' title='bbox 417 1572 556 1633; x_wconf 89' lang='lat' dir='ltr'><strong>similiter</strong></span> <span class='ocrx_word' id='word_1_84' title='bbox 579 1580 712 1643; x_wconf 88' lang='lat' dir='ltr'><strong>utuntur,</strong></span> <span class='ocrx_word' id='word_1_85' title='bbox 735 1567 855 1650; x_wconf 78' lang='grc' dir='ltr'><strong><em>πρέπει</em></strong></span> <span class='ocrx_word' id='word_1_86' title='bbox 883 1567 955 1652; x_wconf 80' lang='grc' dir='ltr'><strong><em>ε’μολ</em></strong></span> <span class='ocrx_word' id='word_1_87' title='bbox 985 1567 1039 1631; x_wconf 80' lang='grc' dir='ltr'><strong>σοί</strong></span> <span class='ocrx_word' id='word_1_88' title='bbox 1062 1566 1180 1651; x_wconf 81' lang='grc' dir='ltr'><strong><em>ἐκείνῳ</em></strong></span> <span class='ocrx_word' id='word_1_89' title='bbox 1201 1562 1283 1649; x_wconf 79' lang='grc' dir='ltr'><strong><em>ἡμῖν</em></strong></span> <span class='ocrx_word' id='word_1_90' title='bbox 1305 1560 1387 1648; x_wconf 81' lang='grc' dir='ltr'><strong><em>ὑμῖν</em></strong></span> 
     </span>
    </p>

    <p class='ocr_par' dir='ltr' id='par_1_6' title="bbox 46 1670 1387 2163">
     <span class='ocr_line' id='line_1_12' title="bbox 46 1670 1387 1754; baseline -0.006 -17"><span class='ocrx_word' id='word_1_91' title='bbox 46 1700 76 1739; x_wconf 84' lang='grc' dir='ltr'><strong>ιο</strong></span> <span class='ocrx_word' id='word_1_92' title='bbox 93 1670 247 1745; x_wconf 79' lang='grc' dir='ltr'><strong><em>ἐκείνοις.</em></strong></span> <span class='ocrx_word' id='word_1_93' title='bbox 293 1672 349 1734; x_wconf 93' lang='lat' dir='ltr'><strong>hoc</strong></span> <span class='ocrx_word' id='word_1_94' title='bbox 378 1682 477 1735; x_wconf 88' lang='lat' dir='ltr'><strong>autem</strong></span> <span class='ocrx_word' id='word_1_95' title='bbox 505 1675 694 1754; x_wconf 90' lang='lat' dir='ltr'><strong>inpersonale</strong></span> <span class='ocrx_word' id='word_1_96' title='bbox 729 1676 862 1736; x_wconf 90' lang='lat' dir='ltr'><strong>nascitur</strong></span> <span class='ocrx_word' id='word_1_97' title='bbox 891 1694 907 1734; x_wconf 85' lang='lat' dir='ltr'><strong>a</strong></span> <span class='ocrx_word' id='word_1_98' title='bbox 942 1673 1033 1733; x_wconf 79' lang='lat' dir='ltr'><strong>verbo</strong></span> <span class='ocrx_word' id='word_1_99' title='bbox 1062 1673 1153 1733; x_wconf 90' lang='lat' dir='ltr'><strong>deceo</strong></span> <span class='ocrx_word' id='word_1_100' title='bbox 1187 1672 1275 1731; x_wconf 90' lang='lat' dir='ltr'><strong>deces</strong></span> <span class='ocrx_word' id='word_1_101' title='bbox 1302 1671 1387 1730; x_wconf 89' lang='lat' dir='ltr'><strong>decet</strong></span> 
     </span>
     <span class='ocr_line' id='line_1_13' title="bbox 92 1767 1387 1856; baseline -0.003 -19"><span class='ocrx_word' id='word_1_102' title='bbox 92 1778 230 1837; x_wconf 74' lang='lat' dir='ltr'><strong>docemus</strong></span> <span class='ocrx_word' id='word_1_103' title='bbox 251 1777 360 1836; x_wconf 77' lang='lat' dir='ltr'><strong>docetis</strong></span> <span class='ocrx_word' id='word_1_104' title='bbox 380 1778 494 1847; x_wconf 84' lang='lat' dir='ltr'><strong>decent,</strong></span> <span class='ocrx_word' id='word_1_105' title='bbox 517 1771 633 1856; x_wconf 87' lang='grc' dir='ltr'><strong><em>πρέπω</em></strong></span> <span class='ocrx_word' id='word_1_106' title='bbox 656 1771 793 1856; x_wconf 81' lang='grc' dir='ltr'><strong><em>πρέπεις</em></strong></span> <span class='ocrx_word' id='word_1_107' title='bbox 815 1772 933 1856; x_wconf 80' lang='grc' dir='ltr'><strong><em>πρέπει</em></strong></span> <span class='ocrx_word' id='word_1_108' title='bbox 956 1769 1127 1855; x_wconf 83' lang='grc' dir='ltr'><strong><em>πρέπομεν</em></strong></span> <span class='ocrx_word' id='word_1_109' title='bbox 1150 1768 1291 1853; x_wconf 80' lang='grc' dir='ltr'><strong><em>πρέπειε</em></strong></span> <span class='ocrx_word' id='word_1_110' title='bbox 1306 1767 1387 1852; x_wconf 88' lang='grc' dir='ltr'><strong><em>πρέ-</em></strong></span> 
     </span>
     <span class='ocr_line' id='line_1_14' title="bbox 92 1870 1386 1957; baseline -0.002 -20"><span class='ocrx_word' id='word_1_111' title='bbox 92 1890 235 1948; x_wconf 89' lang='grc' dir='ltr'><strong><em>πονσιν;</em></strong></span> <span class='ocrx_word' id='word_1_112' title='bbox 269 1878 395 1938; x_wconf 70' lang='lat' dir='ltr'><strong>‘decent</strong></span> <span class='ocrx_word' id='word_1_113' title='bbox 425 1879 545 1939; x_wconf 90' lang='lat' dir='ltr'><strong>domurn</strong></span> <span class='ocrx_word' id='word_1_114' title='bbox 572 1879 759 1949; x_wconf 84' lang='lat' dir='ltr'><strong>columnac’,</strong></span> <span class='ocrx_word' id='word_1_115' title='bbox 788 1874 976 1957; x_wconf 81' lang='grc' dir='ltr'><strong><em>πρέπουσιν</em></strong></span> <span class='ocrx_word' id='word_1_116' title='bbox 1010 1876 1050 1957; x_wconf 80' lang='grc' dir='ltr'><strong>τῇ</strong></span> <span class='ocrx_word' id='word_1_117' title='bbox 1084 1872 1174 1957; x_wconf 76' lang='grc' dir='ltr'><strong><em>οίκίςι</em></strong></span> <span class='ocrx_word' id='word_1_118' title='bbox 1202 1870 1237 1935; x_wconf 80' lang='lat' dir='ltr'><strong>ol</strong></span> <span class='ocrx_word' id='word_1_119' title='bbox 1267 1872 1386 1946; x_wconf 81' lang='grc' dir='ltr'><strong><em>κίονες.</em></strong></span> 
     </span>
     <span class='ocr_line' id='line_1_15' title="bbox 89 1977 1386 2059; baseline -0.005 -20"><span class='ocrx_word' id='word_1_120' title='bbox 89 1980 208 2059; x_wconf 80' lang='lat' dir='ltr'><strong>‘placet</strong></span> <span class='ocrx_word' id='word_1_121' title='bbox 236 1980 311 2041; x_wconf 90' lang='lat' dir='ltr'><strong>mihi</strong></span> <span class='ocrx_word' id='word_1_122' title='bbox 338 1980 444 2041; x_wconf 85' lang='lat' dir='ltr'><strong>lectio&#39;</strong></span> <span class='ocrx_word' id='word_1_123' title='bbox 473 1980 597 2041; x_wconf 83' lang='lat' dir='ltr'><strong>verbum</strong></span> <span class='ocrx_word' id='word_1_124' title='bbox 626 1990 680 2050; x_wconf 90' lang='lat' dir='ltr'><strong>est,</strong></span> <span class='ocrx_word' id='word_1_125' title='bbox 711 1980 826 2059; x_wconf 66' lang='lat' dir='ltr'><strong>‘placet</strong></span> <span class='ocrx_word' id='word_1_126' title='bbox 854 1980 929 2040; x_wconf 86' lang='lat' dir='ltr'><strong>milri</strong></span> <span class='ocrx_word' id='word_1_127' title='bbox 955 1980 1074 2057; x_wconf 82' lang='lat' dir='ltr'><strong>legerc’</strong></span> <span class='ocrx_word' id='word_1_128' title='bbox 1104 1977 1292 2057; x_wconf 78' lang='lat' dir='ltr'><strong>impersonale</strong></span> <span class='ocrx_word' id='word_1_129' title='bbox 1327 1984 1386 2037; x_wconf 91' lang='lat' dir='ltr'><strong>est:</strong></span> 
     </span>
     <span class='ocr_line' id='line_1_16' title="bbox 91 2075 1386 2163; baseline -0.002 -22"><span class='ocrx_word' id='word_1_130' title='bbox 91 2084 136 2142; x_wconf 89' lang='lat' dir='ltr'><strong>ita</strong></span> <span class='ocrx_word' id='word_1_131' title='bbox 159 2090 189 2141; x_wconf 89' lang='lat' dir='ltr'><strong>et</strong></span> <span class='ocrx_word' id='word_1_132' title='bbox 210 2083 288 2161; x_wconf 90' lang='lat' dir='ltr'><strong>apud</strong></span> <span class='ocrx_word' id='word_1_133' title='bbox 311 2083 440 2143; x_wconf 89' lang='lat' dir='ltr'><strong>Graecos</strong></span> <span class='ocrx_word' id='word_1_134' title='bbox 463 2077 596 2161; x_wconf 83' lang='grc' dir='ltr'><strong><em>ἀρέσκει</em></strong></span> <span class='ocrx_word' id='word_1_135' title='bbox 618 2102 674 2163; x_wconf 81' lang='grc' dir='ltr'><strong>μοι</strong></span> <span class='ocrx_word' id='word_1_136' title='bbox 696 2076 716 2161; x_wconf 82' lang='grc' dir='ltr'><em>ἡ</em></span> <span class='ocrx_word' id='word_1_137' title='bbox 739 2075 929 2160; x_wconf 76' lang='grc' dir='ltr'><strong><em>ἀνάγνωσις</em></strong></span> <span class='ocrx_word' id='word_1_138' title='bbox 944 2080 980 2141; x_wconf 91' lang='lat' dir='ltr'><strong>ad</strong></span> <span class='ocrx_word' id='word_1_139' title='bbox 1003 2098 1161 2160; x_wconf 82' lang='lat' dir='ltr'><strong>personam</strong></span> <span class='ocrx_word' id='word_1_140' title='bbox 1183 2080 1310 2141; x_wconf 87' lang='lat' dir='ltr'><strong>relatum</strong></span> <span class='ocrx_word' id='word_1_141' title='bbox 1334 2086 1386 2148; x_wconf 87' lang='lat' dir='ltr'><strong>est,</strong></span> 
     </span>
    </p>

    <p class='ocr_par' dir='ltr' id='par_1_7' title="bbox 50 2177 1404 2672">
     <span class='ocr_line' id='line_1_17' title="bbox 50 2177 1386 2264; baseline -0.004 -19"><span class='ocrx_word' id='word_1_142' title='bbox 50 2207 76 2245; x_wconf 83' lang='lat'><strong>15</strong></span> <span class='ocrx_word' id='word_1_143' title='bbox 91 2177 230 2264; x_wconf 78' lang='grc' dir='ltr'><strong><em>ἀρέσκει</em></strong></span> <span class='ocrx_word' id='word_1_144' title='bbox 256 2203 313 2264; x_wconf 88' lang='grc' dir='ltr'><strong>μοι</strong></span> <span class='ocrx_word' id='word_1_145' title='bbox 345 2177 614 2262; x_wconf 75' lang='grc' dir='ltr'><strong><em>ἀναγιγνώσκειν</em></strong></span> <span class='ocrx_word' id='word_1_146' title='bbox 648 2184 836 2263; x_wconf 86' lang='lat' dir='ltr'><strong>inpersonale</strong></span> <span class='ocrx_word' id='word_1_147' title='bbox 871 2190 916 2243; x_wconf 92' lang='lat' dir='ltr'><strong>est</strong></span> <span class='ocrx_word' id='word_1_148' title='bbox 944 2204 962 2238; x_wconf 77' lang='grc' dir='ltr'><strong>ιι</strong></span> <span class='ocrx_word' id='word_1_149' title='bbox 997 2184 1143 2259; x_wconf 85' lang='lat' dir='ltr'><strong>contingit</strong></span> <span class='ocrx_word' id='word_1_150' title='bbox 1177 2200 1224 2241; x_wconf 91' lang='lat' dir='ltr'><strong>me</strong></span> <span class='ocrx_word' id='word_1_151' title='bbox 1259 2182 1386 2241; x_wconf 89' lang='lat' dir='ltr'><strong>venisse.</strong></span> 
     </span>
     <span class='ocr_line' id='line_1_18' title="bbox 94 2278 1388 2365; baseline -0.003 -19"><span class='ocrx_word' id='word_1_152' title='bbox 94 2286 236 2347; x_wconf 82' lang='lat' dir='ltr'><strong>similiter</strong></span> <span class='ocrx_word' id='word_1_153' title='bbox 259 2286 338 2365; x_wconf 84' lang='lat' dir='ltr'><strong>apud</strong></span> <span class='ocrx_word' id='word_1_154' title='bbox 362 2286 490 2347; x_wconf 87' lang='lat' dir='ltr'><strong>Graecos</strong></span> <span class='ocrx_word' id='word_1_155' title='bbox 512 2280 637 2365; x_wconf 83' lang='grc' dir='ltr'><strong><em>συνέβη</em></strong></span> <span class='ocrx_word' id='word_1_156' title='bbox 660 2304 716 2365; x_wconf 86' lang='grc' dir='ltr'><strong>μοι</strong></span> <span class='ocrx_word' id='word_1_157' title='bbox 737 2278 757 2364; x_wconf 81' lang='grc' dir='ltr'><strong><em>ἡ</em></strong></span> <span class='ocrx_word' id='word_1_158' title='bbox 782 2282 877 2358; x_wconf 87' lang='grc' dir='ltr'><strong><em>έλπίς</em></strong></span> <span class='ocrx_word' id='word_1_159' title='bbox 899 2284 1107 2345; x_wconf 81' lang='lat' dir='ltr'><strong>declinationis</strong></span> <span class='ocrx_word' id='word_1_160' title='bbox 1122 2290 1176 2353; x_wconf 88' lang='lat' dir='ltr'><strong>est,</strong></span> <span class='ocrx_word' id='word_1_161' title='bbox 1201 2278 1326 2361; x_wconf 91' lang='grc' dir='ltr'><strong><em>συνέβη</em></strong></span> <span class='ocrx_word' id='word_1_162' title='bbox 1348 2302 1388 2361; x_wconf 82' lang='grc' dir='ltr'><strong>με</strong></span> 
     </span>
     <span class='ocr_line' id='line_1_19' title="bbox 94 2382 1404 2468; baseline -0.005 -18"><span class='ocrx_word' id='word_1_163' title='bbox 94 2382 301 2468; x_wconf 78' lang='grc' dir='ltr'><strong><em>ἐληλυθέναι</em></strong></span> <span class='ocrx_word' id='word_1_164' title='bbox 329 2388 518 2468; x_wconf 86' lang='lat' dir='ltr'><strong>inpersoualc</strong></span> <span class='ocrx_word' id='word_1_165' title='bbox 541 2396 595 2448; x_wconf 90' lang='lat' dir='ltr'><strong>est.</strong></span> <span class='ocrx_word' id='word_1_166' title='bbox 629 2390 762 2467; x_wconf 90' lang='lat' dir='ltr'><strong>poenitet</strong></span> <span class='ocrx_word' id='word_1_167' title='bbox 784 2406 830 2447; x_wconf 90' lang='lat' dir='ltr'><strong>me</strong></span> <span class='ocrx_word' id='word_1_168' title='bbox 854 2388 909 2447; x_wconf 86' lang='lat' dir='ltr'><strong>lroc</strong></span> <span class='ocrx_word' id='word_1_169' title='bbox 932 2386 1076 2466; x_wconf 88' lang='lat' dir='ltr'><strong>estquod</strong></span> <span class='ocrx_word' id='word_1_170' title='bbox 1100 2385 1177 2465; x_wconf 86' lang='lat' dir='ltr'><strong>apud</strong></span> <span class='ocrx_word' id='word_1_171' title='bbox 1200 2385 1267 2445; x_wconf 91' lang='lat' dir='ltr'><strong>illos</strong></span> <span class='ocrx_word' id='word_1_172' title='bbox 1288 2403 1404 2465; x_wconf 68' lang='lat' dir='ltr'><strong>neco--</strong></span> 
     </span>
     <span class='ocr_line' id='line_1_20' title="bbox 92 2485 1387 2571; baseline -0.004 -20"><span class='ocrx_word' id='word_1_173' title='bbox 92 2485 188 2570; x_wconf 82' lang='grc' dir='ltr'><strong><em>μέλει</em></strong></span> <span class='ocrx_word' id='word_1_174' title='bbox 215 2509 280 2569; x_wconf 87' lang='grc' dir='ltr'><strong><em>μοι.</em></strong></span> <span class='ocrx_word' id='word_1_175' title='bbox 326 2490 525 2571; x_wconf 84' lang='lat' dir='ltr'><strong>inpersonalia</strong></span> <span class='ocrx_word' id='word_1_176' title='bbox 552 2490 630 2569; x_wconf 87' lang='lat' dir='ltr'><strong>apud</strong></span> <span class='ocrx_word' id='word_1_177' title='bbox 653 2490 781 2551; x_wconf 91' lang='lat' dir='ltr'><strong>Graecos</strong></span> <span class='ocrx_word' id='word_1_178' title='bbox 802 2509 857 2570; x_wconf 88' lang='lat' dir='ltr'><strong>per</strong></span> <span class='ocrx_word' id='word_1_179' title='bbox 879 2496 1011 2568; x_wconf 91' lang='lat' dir='ltr'><strong>tempora</strong></span> <span class='ocrx_word' id='word_1_180' title='bbox 1034 2507 1092 2548; x_wconf 90' lang='lat' dir='ltr'><strong>uon</strong></span> <span class='ocrx_word' id='word_1_181' title='bbox 1115 2488 1289 2548; x_wconf 86' lang='lat' dir='ltr'><strong>fleetuntur:</strong></span> <span class='ocrx_word' id='word_1_182' title='bbox 1321 2506 1387 2547; x_wconf 89' lang='lat' dir='ltr'><strong>uam</strong></span> 
     </span>
     <span class='ocr_line' id='line_1_21' title="bbox 94 2588 1387 2672; baseline -0.003 -20"><span class='ocrx_word' id='word_1_183' title='bbox 94 2592 325 2672; x_wconf 87' lang='lat' dir='ltr'><strong>inpersonaliter</strong></span> <span class='ocrx_word' id='word_1_184' title='bbox 347 2588 496 2672; x_wconf 80' lang='grc' dir='ltr'><strong><em>τρέχετοιι</em></strong></span> <span class='ocrx_word' id='word_1_185' title='bbox 518 2598 748 2672; x_wconf 81' lang='grc' dir='ltr'><strong><em>περιπατεῖται</em></strong></span> <span class='ocrx_word' id='word_1_186' title='bbox 770 2609 857 2652; x_wconf 90' lang='lat' dir='ltr'><strong>nemo</strong></span> <span class='ocrx_word' id='word_1_187' title='bbox 880 2590 959 2651; x_wconf 84' lang='lat' dir='ltr'><strong>dicit.</strong></span> <span class='ocrx_word' id='word_1_188' title='bbox 1004 2590 1116 2651; x_wconf 92' lang='lat' dir='ltr'><strong>nullum</strong></span> <span class='ocrx_word' id='word_1_189' title='bbox 1148 2588 1335 2668; x_wconf 83' lang='lat' dir='ltr'><strong>inpersoualc</strong></span> <span class='ocrx_word' id='word_1_190' title='bbox 1359 2589 1387 2648; x_wconf 92' lang='lat' dir='ltr'><strong>iu</strong></span> 
     </span>
    </p>

    <p class='ocr_par' dir='ltr' id='par_1_8' title="bbox 53 2688 1389 2977">
     <span class='ocr_line' id='line_1_22' title="bbox 53 2688 1387 2774; baseline -0.008 -16"><span class='ocrx_word' id='word_1_191' title='bbox 53 2694 221 2774; x_wconf 72' lang='lat' dir='ltr'><strong>copluralis</strong></span> <span class='ocrx_word' id='word_1_192' title='bbox 244 2696 361 2753; x_wconf 88' lang='lat' dir='ltr'><strong>numeri</strong></span> <span class='ocrx_word' id='word_1_193' title='bbox 390 2695 484 2754; x_wconf 89' lang='lat' dir='ltr'><strong>lorma</strong></span> <span class='ocrx_word' id='word_1_194' title='bbox 514 2695 678 2754; x_wconf 89' lang='lat' dir='ltr'><strong>invenitur:</strong></span> <span class='ocrx_word' id='word_1_195' title='bbox 710 2714 776 2755; x_wconf 89' lang='lat' dir='ltr'><strong>nam</strong></span> <span class='ocrx_word' id='word_1_196' title='bbox 800 2692 893 2753; x_wconf 77' lang='lat' dir='ltr'><strong>‘benc</strong></span> <span class='ocrx_word' id='word_1_197' title='bbox 915 2693 1026 2770; x_wconf 80' lang='lat' dir='ltr'><strong>legitur</strong></span> <span class='ocrx_word' id='word_1_198' title='bbox 1051 2688 1178 2771; x_wconf 90' lang='lat' dir='ltr'><strong>[liher]’</strong></span> <span class='ocrx_word' id='word_1_199' title='bbox 1202 2690 1387 2770; x_wconf 85' lang='lat' dir='ltr'><strong>iripcrsoualo</strong></span> 
     </span>
     <span class='ocr_line' id='line_1_23' title="bbox 94 2786 1389 2877; baseline -0.005 -21"><span class='ocrx_word' id='word_1_200' title='bbox 94 2805 150 2865; x_wconf 91' lang='lat' dir='ltr'><strong>est,</strong></span> <span class='ocrx_word' id='word_1_201' title='bbox 175 2794 281 2856; x_wconf 71' lang='lat' dir='ltr'><strong>‘libri&#39;</strong></span> <span class='ocrx_word' id='word_1_202' title='bbox 303 2804 402 2856; x_wconf 88' lang='lat' dir='ltr'><strong>autem</strong></span> <span class='ocrx_word' id='word_1_203' title='bbox 422 2792 548 2877; x_wconf 75' lang='lat' dir='ltr'><strong>‘[bene]</strong></span> <span class='ocrx_word' id='word_1_204' title='bbox 574 2796 730 2874; x_wconf 82' lang='lat' dir='ltr'><strong>leguntur’</strong></span> <span class='ocrx_word' id='word_1_205' title='bbox 755 2795 883 2855; x_wconf 88' lang='lat' dir='ltr'><strong>elocutio</strong></span> <span class='ocrx_word' id='word_1_206' title='bbox 906 2802 951 2855; x_wconf 91' lang='lat' dir='ltr'><strong>ost</strong></span> <span class='ocrx_word' id='word_1_207' title='bbox 966 2813 1090 2873; x_wconf 81' lang='lat' dir='ltr'><strong>graecae</strong></span> <span class='ocrx_word' id='word_1_208' title='bbox 1107 2792 1212 2854; x_wconf 90' lang='lat' dir='ltr'><strong>similis</strong></span> <span class='ocrx_word' id='word_1_209' title='bbox 1228 2786 1266 2851; x_wconf 84' lang='grc' dir='ltr'><strong>οιί</strong></span> <span class='ocrx_word' id='word_1_210' title='bbox 1277 2790 1389 2871; x_wconf 81' lang='grc' dir='ltr'><strong><em>βίβλοι</em></strong></span> 
     </span>
     <span class='ocr_line' id='line_1_24' title="bbox 93 2890 396 2977; baseline 0 -20"><span class='ocrx_word' id='word_1_211' title='bbox 93 2890 396 2977; x_wconf 74' lang='grc' dir='ltr'><strong><em>ολναγινοίσκονται.</em></strong></span> 
     </span>
    </p>
   </div>
   <div class='ocr_carea' id='block_1_5' title="bbox 387 3076 1098 3129">
    <p class='ocr_par' dir='ltr' id='par_1_9' title="bbox 387 3076 1098 3129">
     <span class='ocr_line' id='line_1_25' title="bbox 387 3076 1098 3129; baseline 0 -3"><span class='ocrx_word' id='word_1_212' title='bbox 387 3080 435 3127; x_wconf 76' lang='lat' dir='ltr'><strong>DE</strong></span> <span class='ocrx_word' id='word_1_213' title='bbox 456 3080 585 3129; x_wconf 72' lang='lat' dir='ltr'><strong>uoltum</strong></span> <span class='ocrx_word' id='word_1_214' title='bbox 607 3082 676 3129; x_wconf 81' lang='lat' dir='ltr'><strong>VEL</strong></span> <span class='ocrx_word' id='word_1_215' title='bbox 698 3080 885 3128; x_wconf 72' lang='lat' dir='ltr'><strong>senctnssvs</strong></span> <span class='ocrx_word' id='word_1_216' title='bbox 909 3076 1098 3127; x_wconf 83' lang='lat' dir='ltr'><strong>VERBORVM</strong></span> 
     </span>
    </p>
   </div>
   <div class='ocr_carea' id='block_1_6' title="bbox 57 3192 1496 4404">
    <p class='ocr_par' dir='ltr' id='par_1_10' title="bbox 57 3192 1496 4404">
     <span class='ocr_line' id='line_1_26' title="bbox 183 3192 1495 3285; baseline -0.001 -21"><span class='ocrx_word' id='word_1_217' title='bbox 183 3204 236 3264; x_wconf 93' lang='lat' dir='ltr'><strong>llis</strong></span> <span class='ocrx_word' id='word_1_218' title='bbox 259 3203 479 3282; x_wconf 80' lang='lat' dir='ltr'><strong>subiunguntur</strong></span> <span class='ocrx_word' id='word_1_219' title='bbox 501 3225 576 3285; x_wconf 89' lang='lat' dir='ltr'><strong>quae</strong></span> <span class='ocrx_word' id='word_1_220' title='bbox 600 3205 758 3265; x_wconf 88' lang='lat' dir='ltr'><strong>verborum</strong></span> <span class='ocrx_word' id='word_1_221' title='bbox 781 3206 894 3265; x_wconf 84' lang='lat' dir='ltr'><strong>lornrae</strong></span> <span class='ocrx_word' id='word_1_222' title='bbox 917 3204 961 3267; x_wconf 87' lang='lat' dir='ltr'><strong>vel</strong></span> <span class='ocrx_word' id='word_1_223' title='bbox 979 3204 1092 3283; x_wconf 82' lang='lat' dir='ltr'><strong>species</strong></span> <span class='ocrx_word' id='word_1_224' title='bbox 1108 3192 1309 3269; x_wconf 75' lang='lat' dir='ltr'><strong>nominantur,</strong></span> <span class='ocrx_word' id='word_1_225' title='bbox 1329 3220 1388 3260; x_wconf 90' lang='lat' dir='ltr'><strong>mc-</strong></span> <span class='ocrx_word' id='word_1_226' title='bbox 1405 3220 1451 3267; x_wconf 77' lang='lat'><strong>170</strong></span> <span class='ocrx_word' id='word_1_227' title='bbox 1465 3218 1495 3265; x_wconf 92' lang='lat' dir='ltr'><strong>v.</strong></span> 
     </span>
     <span class='ocr_line' id='line_1_27' title="bbox 57 3303 1390 3387; baseline -0.007 -17"><span class='ocrx_word' id='word_1_228' title='bbox 57 3308 220 3370; x_wconf 74' lang='lat' dir='ltr'><strong>reditativa</strong></span> <span class='ocrx_word' id='word_1_229' title='bbox 248 3307 412 3367; x_wconf 84' lang='lat' dir='ltr'><strong>inclinativa</strong></span> <span class='ocrx_word' id='word_1_230' title='bbox 442 3308 659 3386; x_wconf 78' lang='lat' dir='ltr'><strong>frequentativa</strong></span> <span class='ocrx_word' id='word_1_231' title='bbox 675 3310 716 3368; x_wconf 77' lang='lat' dir='ltr'><strong>&#39;et</strong></span> <span class='ocrx_word' id='word_1_232' title='bbox 742 3309 924 3387; x_wconf 85' lang='lat' dir='ltr'><strong>usurpativa.</strong></span> <span class='ocrx_word' id='word_1_233' title='bbox 950 3325 1043 3386; x_wconf 41' lang='lat' dir='ltr'><strong>*quac</strong></span> <span class='ocrx_word' id='word_1_234' title='bbox 1073 3312 1140 3364; x_wconf 91' lang='lat' dir='ltr'><strong>suut</strong></span> <span class='ocrx_word' id='word_1_235' title='bbox 1168 3306 1231 3363; x_wconf 87' lang='lat' dir='ltr'><strong>iere</strong></span> <span class='ocrx_word' id='word_1_236' title='bbox 1253 3303 1390 3383; x_wconf 82' lang='lat' dir='ltr'><strong>propriae</strong></span> 
     </span>
     <span class='ocr_line' id='line_1_28' title="bbox 98 3408 1124 3487; baseline -0.003 -18"><span class='ocrx_word' id='word_1_237' title='bbox 98 3410 262 3478; x_wconf 85' lang='lat' dir='ltr'><strong>latinitatis,</strong></span> <span class='ocrx_word' id='word_1_238' title='bbox 285 3409 355 3469; x_wconf 90' lang='lat' dir='ltr'><strong>licet</strong></span> <span class='ocrx_word' id='word_1_239' title='bbox 377 3409 577 3471; x_wconf 82' lang='lat' dir='ltr'><strong>meditativam</strong></span> <span class='ocrx_word' id='word_1_240' title='bbox 600 3412 689 3470; x_wconf 85' lang='lat' dir='ltr'><strong>etiam</strong></span> <span class='ocrx_word' id='word_1_241' title='bbox 712 3409 816 3469; x_wconf 89' lang='lat' dir='ltr'><strong>Graeci</strong></span> <span class='ocrx_word' id='word_1_242' title='bbox 841 3408 950 3468; x_wconf 87' lang='lat' dir='ltr'><strong>lrabcre</strong></span> <span class='ocrx_word' id='word_1_243' title='bbox 973 3414 1124 3487; x_wconf 88' lang='lat' dir='ltr'><strong>putantur.</strong></span> 
     </span>
     <span class='ocr_line' id='line_1_29' title="bbox 184 3508 1496 3589; baseline -0.002 -18"><span class='ocrx_word' id='word_1_244' title='bbox 184 3511 226 3571; x_wconf 83' lang='lat' dir='ltr'><strong>lle</strong></span> <span class='ocrx_word' id='word_1_245' title='bbox 249 3512 428 3571; x_wconf 87' lang='lat' dir='ltr'><strong>meditativa.</strong></span> <span class='ocrx_word' id='word_1_246' title='bbox 459 3518 504 3570; x_wconf 87' lang='lat' dir='ltr'><strong>est</strong></span> <span class='ocrx_word' id='word_1_247' title='bbox 526 3519 626 3571; x_wconf 92' lang='lat' dir='ltr'><strong>autem</strong></span> <span class='ocrx_word' id='word_1_248' title='bbox 649 3511 818 3571; x_wconf 85' lang='lat' dir='ltr'><strong>meditativa</strong></span> <span class='ocrx_word' id='word_1_249' title='bbox 841 3528 917 3589; x_wconf 66' lang='lat' dir='ltr'><strong>(luae</strong></span> <span class='ocrx_word' id='word_1_250' title='bbox 939 3512 1087 3587; x_wconf 83' lang='lat' dir='ltr'><strong>signiticat</strong></span> <span class='ocrx_word' id='word_1_251' title='bbox 1109 3508 1330 3567; x_wconf 89' lang='lat' dir='ltr'><strong>meditationem</strong></span> <span class='ocrx_word' id='word_1_252' title='bbox 1345 3510 1390 3567; x_wconf 82' lang='lat' dir='ltr'><strong>rei</strong></span> <span class='ocrx_word' id='word_1_253' title='bbox 1406 3526 1450 3573; x_wconf 71' lang='lat'><strong>171</strong></span> <span class='ocrx_word' id='word_1_254' title='bbox 1467 3524 1496 3575; x_wconf 75' lang='grc' dir='ltr'><strong>ν,</strong></span> 
     </span>
     <span class='ocr_line' id='line_1_30' title="bbox 97 3608 1388 3691; baseline -0.002 -20"><span class='ocrx_word' id='word_1_255' title='bbox 97 3615 183 3672; x_wconf 82' lang='lat' dir='ltr'><strong>euius</strong></span> <span class='ocrx_word' id='word_1_256' title='bbox 206 3614 342 3673; x_wconf 86' lang='lat' dir='ltr'><strong>imminet</strong></span> <span class='ocrx_word' id='word_1_257' title='bbox 363 3622 393 3673; x_wconf 91' lang='lat' dir='ltr'><strong>et</strong></span> <span class='ocrx_word' id='word_1_258' title='bbox 416 3621 552 3691; x_wconf 86' lang='lat' dir='ltr'><strong>speratur·</strong></span> <span class='ocrx_word' id='word_1_259' title='bbox 574 3614 711 3682; x_wconf 90' lang='lat' dir='ltr'><strong>ellectus,</strong></span> <span class='ocrx_word' id='word_1_260' title='bbox 735 3620 768 3672; x_wconf 94' lang='lat' dir='ltr'><strong>ut</strong></span> <span class='ocrx_word' id='word_1_261' title='bbox 789 3615 938 3691; x_wconf 89' lang='lat' dir='ltr'><strong>parturio,</strong></span> <span class='ocrx_word' id='word_1_262' title='bbox 963 3610 1042 3690; x_wconf 84' lang='lat' dir='ltr'><strong>quod</strong></span> <span class='ocrx_word' id='word_1_263' title='bbox 1063 3618 1109 3671; x_wconf 89' lang='lat' dir='ltr'><strong>est</strong></span> <span class='ocrx_word' id='word_1_264' title='bbox 1123 3626 1230 3689; x_wconf 87' lang='lat' dir='ltr'><strong>parere</strong></span> <span class='ocrx_word' id='word_1_265' title='bbox 1254 3608 1388 3677; x_wconf 84' lang='lat' dir='ltr'><strong>meditor,</strong></span> 
     </span>
     <span class='ocr_line' id='line_1_31' title="bbox 98 3710 1389 3794; baseline -0.002 -22"><span class='ocrx_word' id='word_1_266' title='bbox 98 3717 215 3783; x_wconf 79' lang='lat' dir='ltr'><strong>esurio,</strong></span> <span class='ocrx_word' id='word_1_267' title='bbox 240 3734 304 3774; x_wconf 88' lang='lat' dir='ltr'><strong>esse</strong></span> <span class='ocrx_word' id='word_1_268' title='bbox 327 3714 472 3784; x_wconf 66' lang='lat' dir='ltr'><strong>meditem</strong></span> <span class='ocrx_word' id='word_1_269' title='bbox 496 3723 525 3774; x_wconf 93' lang='lat' dir='ltr'><strong>et</strong></span> <span class='ocrx_word' id='word_1_270' title='bbox 548 3724 615 3775; x_wconf 93' lang='lat' dir='ltr'><strong>sunt</strong></span> <span class='ocrx_word' id='word_1_271' title='bbox 631 3733 750 3794; x_wconf 91' lang='lat' dir='ltr'><strong>semper</strong></span> <span class='ocrx_word' id='word_1_272' title='bbox 765 3716 872 3778; x_wconf 87' lang='lat' dir='ltr'><strong>tertiae</strong></span> <span class='ocrx_word' id='word_1_273' title='bbox 889 3714 1107 3789; x_wconf 85' lang='lat' dir='ltr'><strong>coniugatiouis</strong></span> <span class='ocrx_word' id='word_1_274' title='bbox 1123 3712 1296 3790; x_wconf 86' lang='lat' dir='ltr'><strong>productae.</strong></span> <span class='ocrx_word' id='word_1_275' title='bbox 1321 3710 1389 3770; x_wconf 83' lang='lat' dir='ltr'><strong>liuic</strong></span> 
     </span>
     <span class='ocr_line' id='line_1_32' title="bbox 60 3810 1391 3896; baseline -0.006 -17"><span class='ocrx_word' id='word_1_276' title='bbox 60 3816 208 3879; x_wconf 79' lang='lat' dir='ltr'><strong>eosinrilis</strong></span> <span class='ocrx_word' id='word_1_277' title='bbox 235 3819 265 3876; x_wconf 90' lang='lat' dir='ltr'><strong>iu</strong></span> <span class='ocrx_word' id='word_1_278' title='bbox 292 3819 409 3894; x_wconf 77' lang='lat' dir='ltr'><strong>graecis</strong></span> <span class='ocrx_word' id='word_1_279' title='bbox 436 3834 553 3896; x_wconf 85' lang='lat' dir='ltr'><strong>quoque</strong></span> <span class='ocrx_word' id='word_1_280' title='bbox 582 3814 680 3876; x_wconf 80' lang='lat' dir='ltr'><strong>verbis</strong></span> <span class='ocrx_word' id='word_1_281' title='bbox 707 3817 859 3876; x_wconf 88' lang='lat' dir='ltr'><strong>invenitur</strong></span> <span class='ocrx_word' id='word_1_282' title='bbox 887 3817 1019 3894; x_wconf 89' lang='lat' dir='ltr'><strong>specics,</strong></span> <span class='ocrx_word' id='word_1_283' title='bbox 1048 3812 1200 3873; x_wconf 81' lang='grc' dir='ltr'><strong><em>θανατιῶ</em></strong></span> <span class='ocrx_word' id='word_1_284' title='bbox 1229 3810 1391 3891; x_wconf 70' lang='grc' dir='ltr'><strong><em>δαιμονιοῖ</em></strong></span> 
     </span>
     <span class='ocr_line' id='line_1_33' title="bbox 99 3910 1480 3997; baseline -0.004 -20"><span class='ocrx_word' id='word_1_285' title='bbox 99 3916 239 3997; x_wconf 81' lang='grc' dir='ltr'><strong><em>βινητιώ</em></strong></span> <span class='ocrx_word' id='word_1_286' title='bbox 261 3910 407 3997; x_wconf 70' lang='grc' dir='ltr'><strong><em>οὐρηιιοῐ</em></strong></span> <span class='ocrx_word' id='word_1_287' title='bbox 430 3912 569 3997; x_wconf 77' lang='grc' dir='ltr'><strong><em>ἐρωιιώ.</em></strong></span> <span class='ocrx_word' id='word_1_288' title='bbox 614 3918 661 3977; x_wconf 91' lang='lat' dir='ltr'><strong>his</strong></span> <span class='ocrx_word' id='word_1_289' title='bbox 683 3920 763 3978; x_wconf 91' lang='lat' dir='ltr'><strong>enim</strong></span> <span class='ocrx_word' id='word_1_290' title='bbox 785 3916 887 3976; x_wconf 83' lang='lat' dir='ltr'><strong>verbis</strong></span> <span class='ocrx_word' id='word_1_291' title='bbox 910 3924 1154 3995; x_wconf 86' lang='lat' dir='ltr'><strong>temptamentum</strong></span> <span class='ocrx_word' id='word_1_292' title='bbox 1176 3914 1322 3994; x_wconf 88' lang='lat' dir='ltr'><strong>quoddam</strong></span> <span class='ocrx_word' id='word_1_293' title='bbox 1346 3915 1391 3973; x_wconf 89' lang='lat' dir='ltr'><strong>rei</strong></span> <span class='ocrx_word' id='word_1_294' title='bbox 1471 3976 1480 3991; x_wconf 90' lang='lat'><strong>.</strong></span> 
     </span>
     <span class='ocr_line' id='line_1_34' title="bbox 99 4010 1390 4099; baseline -0.002 -21"><span class='ocrx_word' id='word_1_295' title='bbox 99 4030 130 4079; x_wconf 87' lang='lat' dir='ltr'><strong>ot</strong></span> <span class='ocrx_word' id='word_1_296' title='bbox 152 4020 320 4089; x_wconf 88' lang='lat' dir='ltr'><strong>meditatio,</strong></span> <span class='ocrx_word' id='word_1_297' title='bbox 345 4038 403 4079; x_wconf 93' lang='lat' dir='ltr'><strong>non</strong></span> <span class='ocrx_word' id='word_1_298' title='bbox 426 4021 490 4098; x_wconf 88' lang='lat' dir='ltr'><strong>ipse</strong></span> <span class='ocrx_word' id='word_1_299' title='bbox 513 4020 649 4090; x_wconf 80' lang='lat' dir='ltr'><strong>euectus,</strong></span> <span class='ocrx_word' id='word_1_300' title='bbox 680 4022 869 4099; x_wconf 86' lang='lat' dir='ltr'><strong>exprimitur.</strong></span> <span class='ocrx_word' id='word_1_301' title='bbox 914 4019 962 4079; x_wconf 90' lang='lat' dir='ltr'><strong>his</strong></span> <span class='ocrx_word' id='word_1_302' title='bbox 984 4018 1093 4079; x_wconf 86' lang='lat' dir='ltr'><strong>similia</strong></span> <span class='ocrx_word' id='word_1_303' title='bbox 1117 4018 1255 4078; x_wconf 89' lang='lat' dir='ltr'><strong>videntur</strong></span> <span class='ocrx_word' id='word_1_304' title='bbox 1277 4010 1390 4097; x_wconf 79' lang='grc' dir='ltr'><strong><em>ριγείω</em></strong></span> 
     </span>
     <span class='ocr_line' id='line_1_35' title="bbox 99 4116 835 4201; baseline -0.001 -19"><span class='ocrx_word' id='word_1_305' title='bbox 99 4116 222 4182; x_wconf 85' lang='grc' dir='ltr'><strong><em>ὀκνείω</em></strong></span> <span class='ocrx_word' id='word_1_306' title='bbox 245 4120 414 4201; x_wconf 85' lang='grc' dir='ltr'><strong><em>γαμησείω</em></strong></span> <span class='ocrx_word' id='word_1_307' title='bbox 437 4121 647 4201; x_wconf 85' lang='grc' dir='ltr'><strong><em>πολεμησείω</em></strong></span> <span class='ocrx_word' id='word_1_308' title='bbox 668 4119 835 4200; x_wconf 86' lang='grc' dir='ltr'><strong><em>βρωσείω.</em></strong></span> 
     </span>
     <span class='ocr_line' id='line_1_36' title="bbox 185 4219 1496 4303; baseline -0.004 -20"><span class='ocrx_word' id='word_1_309' title='bbox 185 4223 229 4283; x_wconf 82' lang='lat' dir='ltr'><strong>lle</strong></span> <span class='ocrx_word' id='word_1_310' title='bbox 261 4221 438 4284; x_wconf 88' lang='lat' dir='ltr'><strong>inchoativa.</strong></span> <span class='ocrx_word' id='word_1_311' title='bbox 483 4224 649 4285; x_wconf 88' lang='lat' dir='ltr'><strong>inchoativa</strong></span> <span class='ocrx_word' id='word_1_312' title='bbox 681 4225 776 4283; x_wconf 82' lang='lat' dir='ltr'><strong>torma</strong></span> <span class='ocrx_word' id='word_1_313' title='bbox 809 4233 855 4283; x_wconf 85' lang='lat' dir='ltr'><strong>est</strong></span> <span class='ocrx_word' id='word_1_314' title='bbox 887 4242 961 4303; x_wconf 83' lang='lat' dir='ltr'><strong>quae</strong></span> <span class='ocrx_word' id='word_1_315' title='bbox 998 4224 1056 4282; x_wconf 91' lang='lat' dir='ltr'><strong>iam</strong></span> <span class='ocrx_word' id='word_1_316' title='bbox 1090 4222 1202 4302; x_wconf 85' lang='lat' dir='ltr'><strong>aliquid</strong></span> <span class='ocrx_word' id='word_1_317' title='bbox 1238 4219 1391 4280; x_wconf 85' lang='lat' dir='ltr'><strong>inchoasse</strong></span> <span class='ocrx_word' id='word_1_318' title='bbox 1407 4238 1496 4287; x_wconf 70' lang='grc' dir='ltr'><strong><em>[ριν.</em></strong></span> 
     </span>
     <span class='ocr_line' id='line_1_37' title="bbox 62 4323 1392 4404; baseline 0 -21"><span class='ocrx_word' id='word_1_319' title='bbox 62 4331 242 4394; x_wconf 72' lang='lat' dir='ltr'><strong>setestatur,</strong></span> <span class='ocrx_word' id='word_1_320' title='bbox 266 4332 299 4385; x_wconf 93' lang='lat' dir='ltr'><strong>ut</strong></span> <span class='ocrx_word' id='word_1_321' title='bbox 320 4324 472 4404; x_wconf 88' lang='lat' dir='ltr'><strong>pallescit,</strong></span> <span class='ocrx_word' id='word_1_322' title='bbox 495 4330 543 4387; x_wconf 92' lang='lat' dir='ltr'><strong>cui</strong></span> <span class='ocrx_word' id='word_1_323' title='bbox 567 4327 693 4388; x_wconf 91' lang='lat' dir='ltr'><strong>necdum</strong></span> <span class='ocrx_word' id='word_1_324' title='bbox 717 4327 842 4387; x_wconf 89' lang='lat' dir='ltr'><strong>dillusus</strong></span> <span class='ocrx_word' id='word_1_325' title='bbox 865 4335 909 4387; x_wconf 88' lang='lat' dir='ltr'><strong>est</strong></span> <span class='ocrx_word' id='word_1_326' title='bbox 932 4333 1011 4385; x_wconf 91' lang='lat' dir='ltr'><strong>totus</strong></span> <span class='ocrx_word' id='word_1_327' title='bbox 1033 4324 1135 4404; x_wconf 85' lang='lat' dir='ltr'><strong>pallor.</strong></span> <span class='ocrx_word' id='word_1_328' title='bbox 1166 4323 1283 4383; x_wconf 90' lang='lat' dir='ltr'><strong>ethaeo</strong></span> <span class='ocrx_word' id='word_1_329' title='bbox 1298 4323 1392 4383; x_wconf 89' lang='lat' dir='ltr'><strong>lorma</strong></span> 
     </span>
    </p>
   </div>
   <div class='ocr_carea' id='block_1_7' title="bbox 100 4521 1394 5007">
    <p class='ocr_par' dir='ltr' id='par_1_11' title="bbox 100 4521 1394 5007">
     <span class='ocr_line' id='line_1_38' title="bbox 172 4521 1394 4595; baseline -0.007 -15"><span class='ocrx_word' id='word_1_330' title='bbox 172 4529 366 4595; x_wconf 85' lang='lat' dir='ltr'><strong>IponunturP</strong></span> <span class='ocrx_word' id='word_1_331' title='bbox 431 4530 457 4578; x_wconf 91' lang='lat' dir='ltr'><strong>in</strong></span> <span class='ocrx_word' id='word_1_332' title='bbox 475 4529 886 4580; x_wconf 83' lang='lat' dir='ltr'><strong>Scaevolulanusiuscaeuolam</strong></span> <span class='ocrx_word' id='word_1_333' title='bbox 906 4529 930 4577; x_wconf 93' lang='lat' dir='ltr'><em>P</em></span> <span class='ocrx_word' id='word_1_334' title='bbox 996 4521 1184 4591; x_wconf 79' lang='lat' dir='ltr'><strong>2inVerrem]</strong></span> <span class='ocrx_word' id='word_1_335' title='bbox 1198 4524 1394 4587; x_wconf 67' lang='lat' dir='ltr'><strong>teotmelli),</strong></span> 
     </span>
     <span class='ocr_line' id='line_1_39' title="bbox 100 4594 1393 4662; baseline -0.007 -11"><span class='ocrx_word' id='word_1_336' title='bbox 100 4603 135 4651; x_wconf 81' lang='lat'><strong>50</strong></span> <span class='ocrx_word' id='word_1_337' title='bbox 203 4594 336 4662; x_wconf 86' lang='lat' dir='ltr'><strong>3Ghium]</strong></span> <span class='ocrx_word' id='word_1_338' title='bbox 355 4597 455 4647; x_wconf 88' lang='lat' dir='ltr'><strong>cumP</strong></span> <span class='ocrx_word' id='word_1_339' title='bbox 520 4600 744 4647; x_wconf 75' lang='lat' dir='ltr'><strong>deontendeutP</strong></span> <span class='ocrx_word' id='word_1_340' title='bbox 811 4600 842 4647; x_wconf 92' lang='grc'><strong>11</strong></span> <span class='ocrx_word' id='word_1_341' title='bbox 861 4598 981 4645; x_wconf 85' lang='lat' dir='ltr'><strong>decemus</strong></span> <span class='ocrx_word' id='word_1_342' title='bbox 999 4596 1094 4643; x_wconf 83' lang='lat' dir='ltr'><strong>docetis</strong></span> <span class='ocrx_word' id='word_1_343' title='bbox 1111 4595 1202 4643; x_wconf 85' lang='lat' dir='ltr'><strong>decent</strong></span> <span class='ocrx_word' id='word_1_344' title='bbox 1217 4609 1264 4645; x_wconf 86' lang='lat' dir='ltr'><strong>om.</strong></span> <span class='ocrx_word' id='word_1_345' title='bbox 1277 4594 1313 4653; x_wconf 86' lang='lat' dir='ltr'><strong>P,</strong></span> <span class='ocrx_word' id='word_1_346' title='bbox 1332 4594 1393 4643; x_wconf 84' lang='lat' dir='ltr'><strong>odd.</strong></span> 
     </span>
     <span class='ocr_line' id='line_1_40' title="bbox 101 4661 1393 4731; baseline -0.006 -13"><span class='ocrx_word' id='word_1_347' title='bbox 101 4670 183 4719; x_wconf 70' lang='lat' dir='ltr'><strong>lanus</strong></span> <span class='ocrx_word' id='word_1_348' title='bbox 252 4669 284 4717; x_wconf 74' lang='lat'><strong>15</strong></span> <span class='ocrx_word' id='word_1_349' title='bbox 301 4666 408 4728; x_wconf 80' lang='lat' dir='ltr'><strong>contigit</strong></span> <span class='ocrx_word' id='word_1_350' title='bbox 424 4680 525 4728; x_wconf 88' lang='lat' dir='ltr'><strong>quoque</strong></span> <span class='ocrx_word' id='word_1_351' title='bbox 542 4676 627 4731; x_wconf 84' lang='lat' dir='ltr'><strong>potest</strong></span> <span class='ocrx_word' id='word_1_352' title='bbox 643 4675 668 4714; x_wconf 86' lang='lat' dir='ltr'><strong>et</strong></span> <span class='ocrx_word' id='word_1_353' title='bbox 684 4682 716 4715; x_wconf 89' lang='lat' dir='ltr'><strong>ex</strong></span> <span class='ocrx_word' id='word_1_354' title='bbox 732 4667 829 4729; x_wconf 83' lang='lat' dir='ltr'><strong>integra</strong></span> <span class='ocrx_word' id='word_1_355' title='bbox 847 4664 1015 4713; x_wconf 77' lang='lat' dir='ltr'><strong>declinatione</strong></span> <span class='ocrx_word' id='word_1_356' title='bbox 1031 4662 1141 4720; x_wconf 80' lang='lat' dir='ltr'><strong>venisse,</strong></span> <span class='ocrx_word' id='word_1_357' title='bbox 1160 4661 1256 4711; x_wconf 84' lang='lat' dir='ltr'><strong>seilicet</strong></span> <span class='ocrx_word' id='word_1_358' title='bbox 1268 4672 1296 4709; x_wconf 94' lang='lat' dir='ltr'><strong>ut</strong></span> <span class='ocrx_word' id='word_1_359' title='bbox 1308 4661 1393 4711; x_wconf 87' lang='lat' dir='ltr'><strong>Turno</strong></span> 
     </span>
     <span class='ocr_line' id='line_1_41' title="bbox 102 4728 1393 4799; baseline -0.007 -13"><span class='ocrx_word' id='word_1_360' title='bbox 102 4738 234 4799; x_wconf 75' lang='lat' dir='ltr'><strong>continget</strong></span> <span class='ocrx_word' id='word_1_361' title='bbox 245 4735 316 4799; x_wconf 82' lang='lat' dir='ltr'><strong>regia</strong></span> <span class='ocrx_word' id='word_1_362' title='bbox 328 4734 448 4795; x_wconf 84' lang='lat' dir='ltr'><strong>coniunx,</strong></span> <span class='ocrx_word' id='word_1_363' title='bbox 462 4743 548 4799; x_wconf 86' lang='lat' dir='ltr'><strong>potest</strong></span> <span class='ocrx_word' id='word_1_364' title='bbox 559 4747 584 4782; x_wconf 85' lang='lat' dir='ltr'><strong>et</strong></span> <span class='ocrx_word' id='word_1_365' title='bbox 599 4735 762 4799; x_wconf 82' lang='lat' dir='ltr'><strong>inpersonale</strong></span> <span class='ocrx_word' id='word_1_366' title='bbox 774 4749 831 4782; x_wconf 83' lang='lat' dir='ltr'><strong>esee</strong></span> <span class='ocrx_word' id='word_1_367' title='bbox 843 4749 901 4785; x_wconf 73' lang='lat' dir='ltr'><strong>eme.</strong></span> <span class='ocrx_word' id='word_1_368' title='bbox 913 4731 980 4783; x_wconf 81' lang='lat' dir='ltr'><strong>Boe.</strong></span> <span class='ocrx_word' id='word_1_369' title='bbox 993 4732 1117 4795; x_wconf 78' lang='lat' dir='ltr'><strong>contingit</strong></span> <span class='ocrx_word' id='word_1_370' title='bbox 1129 4729 1189 4779; x_wconf 86' lang='lat' dir='ltr'><strong>milri</strong></span> <span class='ocrx_word' id='word_1_371' title='bbox 1202 4728 1326 4777; x_wconf 81' lang='lat' dir='ltr'><strong>adventus</strong></span> <span class='ocrx_word' id='word_1_372' title='bbox 1340 4728 1393 4789; x_wconf 82' lang='grc' dir='ltr'><strong><em>(οιιί</em></strong></span> 
     </span>
     <span class='ocr_line' id='line_1_42' title="bbox 101 4792 1394 4870; baseline -0.006 -16"><span class='ocrx_word' id='word_1_373' title='bbox 101 4816 215 4870; x_wconf 81' lang='lat' dir='ltr'><strong>optutum</strong></span> <span class='ocrx_word' id='word_1_374' title='bbox 236 4819 281 4853; x_wconf 79' lang='lat' dir='ltr'><strong>ceu</strong></span> <span class='ocrx_word' id='word_1_375' title='bbox 298 4803 386 4867; x_wconf 82' lang='lat' dir='ltr'><strong>spes),</strong></span> <span class='ocrx_word' id='word_1_376' title='bbox 414 4803 536 4865; x_wconf 80' lang='lat' dir='ltr'><strong>contingit</strong></span> <span class='ocrx_word' id='word_1_377' title='bbox 554 4801 615 4851; x_wconf 82' lang='lat' dir='ltr'><strong>milri</strong></span> <span class='ocrx_word' id='word_1_378' title='bbox 642 4803 745 4852; x_wconf 78' lang='lat' dir='ltr'><strong>venisse</strong></span> <span class='ocrx_word' id='word_1_379' title='bbox 766 4803 874 4853; x_wconf 81' lang='lat' dir='ltr'><strong>coniecit</strong></span> <span class='ocrx_word' id='word_1_380' title='bbox 894 4800 1004 4851; x_wconf 78' lang='lat' dir='ltr'><strong>Zeunt&#39;ue</strong></span> <span class='ocrx_word' id='word_1_381' title='bbox 1073 4802 1104 4849; x_wconf 79' lang='lat'><strong>19</strong></span> <span class='ocrx_word' id='word_1_382' title='bbox 1125 4792 1253 4865; x_wconf 81' lang='grc' dir='ltr'><strong>Ιτρεήετοιι</strong></span> <span class='ocrx_word' id='word_1_383' title='bbox 1273 4812 1394 4861; x_wconf 85' lang='grc' dir='ltr'><strong><em>περιπα-</em></strong></span> 
     </span>
     <span class='ocr_line' id='line_1_43' title="bbox 102 4865 1330 4935; baseline -0.007 -12"><span class='ocrx_word' id='word_1_384' title='bbox 102 4875 194 4923; x_wconf 81' lang='grc' dir='ltr'><strong><em>ιεῖπαι</em></strong></span> <span class='ocrx_word' id='word_1_385' title='bbox 215 4872 296 4921; x_wconf 79' lang='lat' dir='ltr'><strong>Ianus</strong></span> <span class='ocrx_word' id='word_1_386' title='bbox 318 4872 375 4920; x_wconf 85' lang='lat' dir='ltr'><strong>coll.</strong></span> <span class='ocrx_word' id='word_1_387' title='bbox 399 4886 455 4919; x_wconf 78' lang='lat' dir='ltr'><strong>exe.</strong></span> <span class='ocrx_word' id='word_1_388' title='bbox 474 4869 539 4919; x_wconf 79' lang='lat' dir='ltr'><strong>Boo.</strong></span> <span class='ocrx_word' id='word_1_389' title='bbox 561 4886 588 4934; x_wconf 80' lang='grc' dir='ltr'><strong>ρ.</strong></span> <span class='ocrx_word' id='word_1_390' title='bbox 603 4872 650 4920; x_wconf 81' lang='grc'><strong>161</strong></span> <span class='ocrx_word' id='word_1_391' title='bbox 672 4886 783 4935; x_wconf 71' lang='grc' dir='ltr'><strong><em>τρέχειν</em></strong></span> <span class='ocrx_word' id='word_1_392' title='bbox 803 4882 972 4932; x_wconf 82' lang='grc' dir='ltr'><strong><em>περιπαιειν</em></strong></span> <span class='ocrx_word' id='word_1_393' title='bbox 993 4869 1017 4918; x_wconf 97' lang='grc' dir='ltr'><em>Ρ</em></span> <span class='ocrx_word' id='word_1_394' title='bbox 1083 4869 1115 4917; x_wconf 82' lang='lat'><strong>26</strong></span> <span class='ocrx_word' id='word_1_395' title='bbox 1137 4866 1284 4917; x_wconf 83' lang='lat' dir='ltr'><strong>meditatum</strong></span> <span class='ocrx_word' id='word_1_396' title='bbox 1305 4865 1330 4914; x_wconf 90' lang='lat' dir='ltr'><em>P</em></span> 
     </span>
     <span class='ocr_line' id='line_1_44' title="bbox 103 4930 924 5007; baseline -0.007 -15"><span class='ocrx_word' id='word_1_397' title='bbox 103 4944 132 4992; x_wconf 83' lang='lat'><strong>31</strong></span> <span class='ocrx_word' id='word_1_398' title='bbox 152 4938 272 5007; x_wconf 81' lang='grc' dir='ltr'><strong><em>βινητιῶ</em></strong></span> <span class='ocrx_word' id='word_1_399' title='bbox 288 4954 346 4993; x_wconf 71' lang='grc' dir='ltr'><strong><em>ενι.</em></strong></span> <span class='ocrx_word' id='word_1_400' title='bbox 359 4938 425 4993; x_wconf 81' lang='lat' dir='ltr'><strong>Boc.</strong></span> <span class='ocrx_word' id='word_1_401' title='bbox 438 4953 554 5004; x_wconf 84' lang='grc' dir='ltr'><strong><em>κινητιω</em></strong></span> <span class='ocrx_word' id='word_1_402' title='bbox 567 4940 592 4988; x_wconf 91' lang='lat' dir='ltr'><em>P</em></span> <span class='ocrx_word' id='word_1_403' title='bbox 659 4930 773 5006; x_wconf 85' lang='grc' dir='ltr'><strong><em>έριοιιῶ]</em></strong></span> <span class='ocrx_word' id='word_1_404' title='bbox 788 4951 887 5001; x_wconf 69' lang='lat' dir='ltr'><strong>coerceo</strong></span> <span class='ocrx_word' id='word_1_405' title='bbox 899 4938 924 4987; x_wconf 89' lang='grc' dir='ltr'><em>Ρ</em></span> 
     </span>
    </p>
   </div>
   <div class='ocr_carea' id='block_1_8' title="bbox 0 0 1710 5442">
    <p class='ocr_par' dir='ltr' id='par_1_12' title="bbox 0 0 1710 5442">
     <span class='ocr_line' id='line_1_45' title="bbox 0 0 1710 5442; baseline 0 0"><span class='ocrx_word' id='word_1_406' title='bbox 0 0 1710 5442; x_wconf 95' lang='lat' dir='ltr'><strong> </strong></span> 
     </span>
    </p>
   </div>
  </div>
 </body>
</html>
