3350 5442
302 343 344 409 64
861 347 1036 410 etenum!

328 453 495 509 pletum.

302 543 421 615 replum
448 542 570 605 exeunt,
599 542 632 595 ut
659 533 768 596 nobilis
791 534 946 606 nobiliter,
975 534 1043 596 ielix
1067 534 1209 605 feliciter,
1235 542 1264 596 et
1285 547 1501 614 conparantur,
1526 540 1592 614 quia

301 636 475 718 appellativa
503 644 581 699 sunt.
626 657 644 698 o
672 655 747 718 quac
774 638 981 718 producuntur
1008 657 1024 698 a
1052 635 1222 699 masculinis
1249 635 1400 719 veniunt!
1430 645 1461 698 et
1490 637 1591 699 melius

301 741 382 801 iuxta
409 739 541 823 regulam
571 741 602 801 in
631 761 646 802 e
675 740 831 811 caderent,
862 747 895 801 ut
916 739 1003 812 lalse,
1027 741 1103 801 sicut
1126 740 1221 800 docte.
1265 739 1318 800 sed
1341 742 1502 800 auctoritas
1523 742 1591 801 ino

301 844 439 913 mutavit,
463 850 496 903 ut
518 842 632 904 ‘salso
655 844 828 924 queritur
852 841 896 902 de
924 850 1057 904 natura
1081 861 1143 903 sua
1164 859 1280 920 genus
1302 842 1530 904 humannm'.
1567 853 1593 903 et

300 945 364 1023 ipsa
391 947 446 1006 ista
474 945 668 1025 producenda
697 952 775 1008 sunt.
820 946 924 1006 modo:
955 943 1024 1004 ideo
1052 943 1109 1004 boc
1137 943 1311 1019 adverbium
1339 953 1515 1023 correptum
1543 954 1613 1015 ests

301 1049 441 1126 quoniam
471 1065 530 1108 non
561 1047 715 1110 descendit
743 1045 838 1109 abeo
862 1045 1102 1118 nomine,unde
1131 1045 1287 1108 descendit
1314 1055 1345 1108 et
1371 1045 1460 1117 lalso,
1485 1055 1519 1108 ut
1540 1049 1593 1107 ‘tn

302 1148 408 1210 modo
429 1167 543 1229 posce
566 1148 659 1211 deos
682 1152 853 1212 veniam’.
899 1169 968 1210 nam
996 1150 1138 1210 continuo
1165 1149 1235 1210 inde
1263 1148 1455 1230 producitur,
1479 1149 1594 1229 quoda

302 1253 422 1312 nomine
444 1254 536 1322 venit,
561 1259 595 1313 nt
615 1252 685 1314 huic
707 1254 864 1322 continuo,
888 1253 1028 1313 continue
1050 1251 1121 1311 lacit
1143 1250 1329 1321 adverbium,
1353 1251 1443 1332 quod,
1469 1261 1502 1312 ut
1525 1252 1594 1312 dixi-

302 1372 382 1424 mus
412 1372 428 1413 e
454 1355 485 1414 in
513 1373 530 1414 o
559 1357 719 1417 auctoritas
747 1356 903 1416 convertit.
949 1357 1007 1415 cito
1035 1354 1238 1434 quaerendum
1273 1362 1317 1414 est
1345 1373 1399 1415 cnr
1426 1353 1519 1415 breve
1552 1356 1595 1414 sit.

303 1458 443 1536 qnoniam
459 1457 705 1535 significationem
721 1477 779 1518 non
795 1466 904 1529 servat,
924 1457 995 1518 dum
1011 1456 1141 1517 llectitur
1156 1459 1186 1517 in
1205 1454 1389 1518 adverbium.
1421 1475 1492 1518 nam
1508 1455 1596 1517 salsus
1608 1474 1646 1514 n.

301 1565 399 1639 potest
432 1565 462 1618 et
495 1556 566 1620 lalso
599 1561 698 1620 lacero
727 1569 756 1622 et
783 1561 871 1629 lalse,
901 1549 1059 1620 continuus
1085 1567 1184 1639 potest
1213 1567 1243 1619 et
1271 1560 1411 1618 continuo
1440 1559 1542 1620 lacere
1571 1565 1597 1618 et

301 1663 458 1730 continue;
497 1663 573 1722 citus
609 1669 709 1722 autem
746 1681 805 1723 non
841 1663 912 1723 lacit
948 1663 1022 1731 cite,
1056 1661 1109 1722 sed
1145 1661 1220 1729 cilo,
1256 1659 1336 1720 unde
1372 1679 1390 1720 o
1427 1667 1595 1740 correptam

246 1839 250 1854 .
300 1761 404 1832 lrabct,
430 1769 462 1823 nt

454 1871 490 1924 et
512 1866 588 1927 cito
613 1864 617 1947 Ι
641 1874 824 1946 rapturus,
841 1866 883 1926 de
905 1865 1107 1927 nobilitate
1130 1883 1285 1926 comesa.

303 1966 424 2028 estella
448 1965 559 2044 regula,
583 1967 663 2030 unde
686 1969 783 2030 brevis
805 1960 844 2029 sit
866 1969 933 2037 cito,
951 1970 1019 2047 qnia
1042 1968 1281 2047 conparationem
1303 1967 1412 2047 recipit
1433 1966 1479 2048 [et
1501 1966 1596 2047 dupli·
1610 1985 1629 2024 n

301 2077 349 2130 cat
370 2065 567 2152 adverbium]‚
592 2071 670 2150 quod
694 2073 835 2132 continuo
858 2079 888 2131 et
909 2069 983 2131 lalso
1006 2050 1103 2130 lacere
1126 2088 1186 2130 non
1206 2077 1340 2146 possunt.
1376 2077 1476 2149 potest
1498 2070 1597 2131 lacere

301 2172 532 2251 conparativum.
564 2191 632 2233 nam
654 2174 709 2234 ista
731 2173 871 2233 adverbia
894 2173 961 2234 ideo
985 2175 1016 2232 in
1039 2192 1056 2232 o
1079 2179 1203 2244 exeunt,
1227 2174 1295 2252 quia
1316 2170 1451 2233 anomala
1474 2180 1546 2233 sunt
1569 2175 1596 2232 iu

301 2275 526 2353 conparatione,
549 2273 599 2334 illa
623 2293 693 2335 vero
716 2275 782 2336 ideo
805 2275 835 2335 in
859 2294 889 2345 e,
919 2277 986 2355 quia
1008 2276 1235 2355 conparationcs
1257 2274 1403 2352 legitimas
1424 2282 1556 2336 servant.

384 2392 530 2454 Aduerbio
553 2395 633 2472 ipsa,
658 2413 734 2474 quae
750 2402 832 2455 extra
855 2391 989 2473 exempla
1012 2392 1148 2454 lectionis
1170 2393 1259 2454 huius
1279 2381 1484 2473 reperiuntur,
1508 2413 1599 2456 sensu

300 2492 467 2573 colligenda
488 2504 572 2566 sunt,
597 2501 629 2556 ut
651 2495 913 2576 deprehendantur
936 2497 1019 2556 cuins
1033 2497 1093 2556 sint
1112 2497 1343 2574 significationis.
1372 2499 1416 2558 sic
1437 2497 1597 2558 dicendum
1610 2511 1632 2550 2⁰

301 2605 346 2658 est
369 2597 466 2658 ‘intus
489 2601 582 2668 sum',
607 2596 696 2658 ‘loris
712 2602 805 2670 sum',
829 2597 926 2658 ‘loras
941 2597 1042 2668 vado',
1067 2600 1166 2658 ‘intro
1180 2597 1283 2667 vado’,
1308 2597 1369 2659 ‘ibi
1388 2603 1483 2670 sum',
1510 2598 1599 2659 ‘illuc

299 2699 401 2758 vado’.
442 2691 505 2759 ad,
527 2702 627 2760 inlus’
659 2707 688 2760 et
716 2700 771 2760 ‘de
794 2701 866 2761 ioris
888 2701 992 2760 venio’
1017 2719 1076 2761 nou
1098 2717 1257 2780 possumus
1280 2697 1395 2772 dicere,
1419 2703 1488 2781 qrria
1511 2689 1600 2780 prae·

300 2803 407 2879 positio
431 2800 577 2862 adverbiis
598 2819 761 2880 numquam
784 2803 926 2879 iungitur.
956 2820 1027 2862 sane
1049 2801 1202 2862 sciendum
1226 2801 1306 2881 quod
1328 2821 1388 2863 uon
1411 2801 1522 2863 dicitur
1546 2785 1604 2862 ‘de‘

301 2904 390 2962 domo
409 2905 523 2972 venio',
548 2909 580 2962 ut
602 2902 759 2983 Terentius
780 2904 903 2964 ‘domo
925 2922 979 2964 me
1003 2905 1179 2979 eripuit';
1203 2898 1208 2984 Ι
1231 2903 1277 2965 vel
1299 2911 1372 2965 tunc
1394 2905 1522 2966 dicimus
1546 2905 1600 2964 ‘de

301 3003 390 3064 domo
413 3005 527 3074 venio',
553 3005 671 3084 quando
693 3023 858 3085 pronomen
882 3004 1009 3075 additur,
1033 3011 1066 3064 ut
1088 3004 1145 3066 ‘de
1161 3004 1249 3065 domo
1265 3023 1331 3065 mea
1347 3007 1449 3066 venio’
1472 3005 1519 3066 vel
1543 3004 1633 3065 ‘deu

300 3105 388 3166 ‹lomo
411 3111 490 3166 tua’.
517 3141 552 3150 -
577 3106 683 3167 Omnia
705 3106 859 3176 adverbia,
889 3125 964 3187 quae
992 3104 1030 3166 ab
1051 3105 1299 3186 appellationibus
1321 3107 1508 3169 descendunt
1532 3116 1601 3168 ete

302 3207 399 3270 littera
428 3209 640 3279 terminantur,
668 3209 815 3289 producto
845 3217 968 3270 accentu
991 3208 1208 3300 propuntianda
1230 3218 1313 3279 sunt,
1337 3217 1371 3269 ut
1392 3211 1489 3289 prime
1512 3208 1602 3270 docte

301 3318 330 3371 et
353 3319 461 3371 cetera.
505 3329 576 3371 sane
599 3313 652 3371 ista
675 3311 732 3371 tria
754 3308 976 3394 corrillpienda,
1005 3310 1081 3371 bene
1103 3310 1179 3371 male
1202 3330 1325 3390 magne;
1353 3311 1490 3373 anomala
1512 3329 1601 3391 repe-

301 3413 427 3472 riuntur.
467 3410 540 3472 laiso
564 3421 592 3473 et
615 3430 722 3490 magno
746 3422 775 3474 et
797 3415 916 3474 nomina
940 3421 970 3472 et
992 3411 1130 3473 adverbia
1152 3421 1229 3474 suut.
1269 3414 1321 3474 sed
1345 3412 1465 3493 quando
1487 3409 1601 3492 signill-

301 3515 447 3574 cationem
478 3515 631 3574 nominum
660 3514 802 3592 perdunt,
831 3517 863 3575 in
890 3513 1029 3576 adverbia
1056 3521 1221 3575 transemrt.
1246 3548 1280 3557 —
1314 3515 1407 3575 lloma
1429 3517 1454 3576 si
1477 3533 1540 3575 non
1563 3517 1636 3575 sito

281 3619 426 3684 'litamen
450 3615 502 3676 sed
526 3618 588 3677 vioe
611 3615 669 3676 loci
692 3619 744 3686 sit,
769 3616 941 3678 adverbium
958 3625 1016 3686 est,
1040 3623 1073 3676 ut
1087 3615 1178 3676 Roma
1195 3619 1296 3677 venio:
1321 3615 1505 3687 adverbium,
1531 3619 1603 3697 quia

301 3717 401 3778 locum
435 3719 593 3796 significat,
630 3717 708 3778 unde
742 3722 867 3780 venerio.
912 3720 1032 3780 nomina
1069 3719 1229 3778 civitatium
1266 3719 1384 3798 quando
1421 3719 1601 3796 significant,

301 3819 398 3881 locum
417 3837 478 3881 non
496 3819 708 3884 demonstrant.
726 3817 731 3898 Ι
750 3839 818 3882 nam
842 3823 867 3881 si
888 3819 987 3882 locum
1010 3820 1229 3887 demonstrant,
1253 3819 1393 3882 adverbia
1415 3819 1545 3892 iaciunt,
1571 3829 1605 3881 ut

371 4061 431 4111 Cod.
451 4060 532 4111 Beru.
545 4059 581 4109 Xl
598 4059 689 4113 3-5,
776 4063 792 4109 l
810 4059 939 4123 quaeritur
1009 4059 1025 4109 5
1041 4059 1115 4109 modo
1134 4074 1180 4110 om.
1250 4056 1490 4110 crescentianae
1509 4075 1542 4110 co

305 4133 336 4182 ill
353 4132 378 4180 in
398 4130 519 4181 aduerbio
593 4131 624 4180 12
642 4131 691 4179 cite
705 4145 750 4183 om.
823 4131 855 4181 15
876 4127 936 4196 olio]
1026 4143 1124 4181 acorr.
1144 4129 1240 4178 receati
1254 4144 1328 4180 manu
1344 4144 1395 4179 ana
1465 4130 1537 4198 quie]
1558 4134 1603 4196 qui

372 4203 405 4252 lb
423 4209 531 4266 possunt
549 4216 595 4255 ont,
669 4200 701 4250 le
714 4209 786 4251 extra
804 4200 933 4265 extemplo
987 4201 1167 4264 repperiuntur
1236 4199 1270 4250 20
1287 4200 1530 4265 depraehendontur

301 4272 333 4321 21
355 4269 434 4337 locas]
455 4271 518 4322 loris
574 4273 606 4322 21
623 4270 680 4334 eri!
697 4270 737 4320 vel
808 4269 1061 4335 etlappetauomous
1130 4270 1163 4318 27
1183 4268 1281 4334 primae
1352 4271 1385 4321 28
1405 4270 1472 4319 mala
1489 4287 1604 4338 aragone

369 4343 547 4407 repperiuntur
617 4339 651 4390 29
672 4341 738 4390 iulso
808 4339 840 4390 31
863 4341 938 4389 uenio
962 4340 1055 4402 aquia
1072 4339 1157 4388 locum
1180 4339 1308 4404 siguificat
1327 4340 1476 4390 aduerbium
1495 4343 1604 4404 quidem

303 4413 493 4461 monstratunde
517 4413 619 4461 ueneris
706 4409 739 4460 3'2
764 4410 891 4475 significat
915 4409 999 4459 locum
1021 4423 1072 4460 non
1099 4411 1257 4459 demonstrat
1343 4409 1605 4462 decacuminare

303 4481 434 4532 atueiussit

372 4701 482 4770 diolco]
500 4703 564 4754 Sall.
586 4704 675 4768 Iup-l
762 4702 823 4754 dtu
843 4699 929 4768 modo]
957 4704 1035 4767 Verp.
1055 4701 1121 4756 Aen.
1142 4703 1187 4751 llll
1207 4701 1241 4752 50
1329 4701 1362 4752 14
1384 4682 1409 4751 et
1427 4697 1488 4766 olto]
1511 4702 1605 4753 quen.

302 4781 351 4825 out.
372 4775 392 4834 1,
414 4773 447 4825 34
519 4776 552 4824 24
570 4769 711 4838 Terentius]
735 4773 846 4836 Adetpl.
865 4774 886 4822 ll
907 4773 936 4833 l,
955 4775 988 4823 lt
1059 4773 1093 4823 28
1114 4769 1216 4838 magne]
1247 4787 1320 4838 onage
1339 4771 1480 4826 Putacdirca.
1506 4788 1606 4840 magne

303 4847 375 4898 etlam
392 4859 472 4907 cupro
491 4843 534 4906 63,
556 4843 588 4896 tu
603 4846 628 4894 in
645 4845 731 4894 codice
746 4850 784 4893 est
1212 4864 1215 4875 ·
