3350 5442
519 344 568 406 DE
592 345 715 406 DVBllS
738 344 945 406 NOlllNlBVS
1318 338 1380 404 593

1194 463 1214 503 p.
1232 453 1314 494 roam
1330 451 1354 490 u.

174 535 280 593 Vertex
303 535 422 610 generis
444 533 599 593 masculini
635 555 654 591 c
676 540 709 593 ut
731 533 802 594 illud
825 531 968 593 ‘lloribus
990 551 1043 594 ver
1065 550 1158 593 nouis
1180 534 1332 593 ornatur'.

175 638 259 697 Vtres
281 638 401 714 generis
424 635 594 705 masculini,
620 643 652 696 ut
673 634 815 712 Virgilius
847 632 886 711 (a.
911 632 1030 716 11384)
1055 637 1176 696 ‘unctos
1199 635 1305 695 saliere
1328 654 1382 715 per

88 742 203 799 utres'.

173 844 277 902 Viscus
300 841 336 900 dc
361 843 473 901 viscere
495 843 615 916 generis
638 843 752 909 neutri,
782 845 852 921 quia
875 844 990 900 viscera
1012 841 1168 908 dicuntur,
1193 846 1226 899 ut
1249 839 1381 899 Pruden-

60 956 72 992 ·'·
90 948 150 1005 tius
174 941 282 1021 (steph.
307 940 342 1011 9,
364 940 420 1023 56)
445 944 532 1022 ‘pars
555 946 652 1004 viscus
673 945 782 1004 intrat’
812 952 843 1004 et
871 944 1049 1004 Fortunatus
1079 941 1133 1018 (dc
1154 945 1205 1002 vit.
1229 942 1261 1001 S.
1285 943 1380 1001 Mart.

90 1047 99 1106 l
124 1043 195 1126 399)
220 1046 318 1106 ‘vehit
341 1066 393 1106 sua
417 1049 529 1106 viscera
552 1047 681 1106 secum'.

174 1167 278 1225 Viscus
304 1164 340 1226 ad
369 1165 546 1244 capiendum
575 1167 695 1243 generis
723 1165 894 1233 masculini,
924 1173 956 1226 ut
980 1165 1052 1226 illud
1075 1166 1123 1225 ‘in
1146 1183 1259 1243 quercu
1284 1166 1382 1223 riscus

90 1269 200 1328 uxtat'.
244 1267 294 1326 sed
318 1267 501 1346 consuetudo
526 1271 638 1329 viscum
660 1270 745 1346 qirasi
768 1271 868 1327 neutri
892 1267 971 1327 dicit.

176 1386 281 1447 Vomer
313 1389 435 1465 generis
469 1386 639 1456 masculini,
673 1393 706 1446 ut
738 1387 898 1447 Lueretius
922 1387 949 1464 (l
977 1384 1055 1466 314)
1090 1387 1254 1447 ‘decrescit
1284 1404 1383 1445 vomer

47 1508 74 1546 m
90 1493 121 1549 in
145 1491 251 1550 arvis’.

177 1593 438 1668 Vrcens.gerrcris
476 1591 631 1653 masculini
671 1603 700 1651 et
732 1594 831 1660 urcei,
870 1611 927 1652 nou
964 1609 1061 1651 urcea.
1108 1611 1175 1652 nam
1204 1588 1208 1671 )
1239 1591 1384 1650 Iuvencus

93 1693 129 1770 (11
152 1690 225 1771 262)
250 1694 325 1754 dixit
349 1695 474 1754 ‘rrrceus
496 1701 541 1754 ost
564 1693 661 1754 nullus
684 1713 739 1752 nec
761 1699 831 1752 sunl
854 1692 908 1752 tibi
933 1693 1048 1754 vincula
1071 1694 1204 1754 lunum'.

176 1812 285 1890 Vulgus
308 1816 428 1890 generis
451 1816 564 1882 neutri,
590 1820 620 1873 ut
636 1812 777 1890 Virgilius
802 1810 876 1890 (el
902 1808 970 1890 149)
995 1810 1144 1889 ‘ignobile
1167 1812 1298 1890 udgus'.
1329 1830 1384 1872 nec

92 1915 203 1975 dicitur
225 1914 389 1994 pluraliter.

51 2051 78 2089 15
178 2033 330 2095 Venenum
345 2036 465 2111 generis
482 2036 594 2102 neutri,
608 2042 640 2095 ut
656 2034 803 2094 Salustius
815 2033 1004 2112 ‘prohibebit
1019 2052 1126 2093 nocere
1144 2053 1288 2094 reneuunt
1303 2034 1382 2113 quod

93 2136 148 2196 tibi
172 2137 289 2198 datur’.
335 2143 365 2195 et
387 2136 437 2196 alii
461 2136 601 2196 dixerunt
624 2155 745 2198 venena.
996 2131 1020 2174 0

179 2256 284 2315 Vrsmn
313 2257 427 2334 antiqui
458 2275 517 2314 uon
545 2254 737 2315 ‹leelinahant
764 2258 794 2315 iu
825 2254 1002 2322 masculino,
1021 2242 1063 2315 'ut
1086 2253 1227 2332 Virgilius
1252 2255 1335 2327 (Aen.
1362 2257 1383 2312 V

91 2355 144 2418 37.
174 2353 336 2435 v111368)
361 2355 454 2436 ‘polle
478 2356 642 2436 Libystidis
665 2375 751 2417 ursae
762 2357 780 2418 ⁹.
825 2357 877 2416 sed
907 2357 999 2417 Varro
1027 2357 1102 2416 dixit
1130 2357 1383 2437 ‘conspectusque

92 2463 122 2519 in
149 2467 263 2520 montes
286 2459 403 2519 horruit
425 2461 540 2518 ursus’.

48 2595 77 2632 eo
179 2579 283 2637 locus
312 2581 432 2655 generis
455 2561 625 2646 masculini,
657 2585 688 2637 ut
711 2581 741 2638 in
765 2578 888 2658 psalmis
911 2573 999 2654 (106,
1026 2573 1073 2656 16)
1103 2579 1219 2637 ‘vectes
1241 2578 1383 2637 ierreos'.

91 2681 145 2739 sed
169 2678 285 2756 Trogus
307 2698 417 2756 genere
442 2681 586 2741 feminino
608 2679 691 2740 dixit.

180 2799 287 2877 Vulpes
310 2801 429 2876 generis
450 2801 604 2866 seminini,
630 2807 660 2859 ut
684 2798 863 2858 Prudentius
886 2795 1010 2874 (enchir.
1034 2794 1084 2877 11)
1109 2796 1231 2858 ‘callida
1255 2799 1383 2878 vulpes'.

180 2901 307 2960 Vmerus
328 2903 448 2977 generis
471 2901 642 2968 masculini,
668 2899 793 2960 utillud
817 2900 991 2979 ‘subposuit
1013 2901 1159 2959 umeros’.

181 3003 270 3079 Vigor
312 3003 431 3080 generis
472 3001 644 3070 masculini,
689 3010 720 3062 ut
757 2988 937 3062 Prudentius
976 2999 1070 3076 (eald.
1102 2999 1136 3070 3,
1170 2997 1246 3080 186)
1285 3003 1385 3079 ‘vigor

50 3124 78 3162 aa
93 3104 257 3180 igenolus'.

182 3223 280 3284 Vellus
302 3225 421 3300 generis
440 3226 554 3291 neutri,
578 3230 611 3284 ut
625 3223 798 3284 Lactantius
822 3223 944 3300 (placen.
961 3220 1011 3297 23)
1037 3222 1133 3298 ‘nulla
1156 3241 1245 3302 super
1267 3243 1387 3303 campos

95 3325 198 3385 tendet
221 3344 273 3385 sua
296 3325 405 3385 vellera
428 3324 548 3386 nubes'.

181 3441 293 3503 Vulnus
315 3445 435 3520 generis
457 3446 570 3512 neutri,
593 3451 626 3504 ut
641 3443 781 3522 Virgilius
805 3441 851 3522 (A.
876 3444 927 3505 llll
950 3442 980 3523 2)
1004 3444 1127 3505 ‘vulnus
1149 3444 1201 3504 alit
1223 3444 1333 3512 venis',
1357 3451 1388 3503 et

94 3544 169 3604 alibi
192 3545 332 3605 ‘vulnera
355 3545 435 3605 mille
448 3546 467 3604 ’.

53 3685 80 3722 ao
183 3662 317 3724 Vlulatus
339 3666 459 3741 generis
482 3665 653 3732 masculini,
676 3664 708 3724 ni
732 3663 869 3724 ululatus.
894 3664 897 3743 )

183 3869 198 3916 2
218 3866 430 3918 uicesimum
518 3868 637 3918 7viscus
661 3868 738 3920 Odor.
758 3867 805 3924 3‘2,
829 3867 859 3917 14
877 3868 952 3920 Sero.
971 3871 996 3917 in
1020 3869 1097 3932 Verp.
1116 3883 1204 3932 georg.
1222 3869 1230 3916 l
1251 3867 1302 3918 139
1371 3868 1388 3917 9

96 3951 184 3984 vomer
204 3937 286 3989 Prisc.
307 3939 373 4000 249,
393 3938 425 3987 18
447 3937 524 3991 Prod.
547 3940 592 3992 15.
614 3939 645 3988 16
664 3940 735 3989 Serv.
758 3941 783 3986 in
809 3939 886 4000 Verp.
904 3953 993 4002 georg.
1013 3939 1021 3986 l
1045 3939 1086 3988 46.
1110 3938 1158 3988 162
1247 3937 1277 3988 11
1298 3953 1388 3987 urceus

101 4006 177 4056 Prob.
199 4007 259 4058 211.
279 4007 311 4056 15
383 4007 414 4057 13
436 4007 527 4072 vrtlgus
549 4008 625 4062 Gdnr.
646 4011 687 4059 74.
707 4009 741 4057 20
759 4007 823 4058 Non.
842 4007 893 4057 230
911 4008 991 4061 Prot.
1011 4010 1052 4070 ·.'l‚
1072 4011 1098 4061 7.
1118 4007 1210 4067 ²208,8
1262 4008 1297 4056 20
1317 4017 1387 4056 vecte

97 4076 164 4124 Nou.
182 4076 232 4126 231
252 4077 314 4137 Cup.
334 4077 404 4126 2250
475 4077 783 4144 Melanoscopium
1372 4077 1379 4088 ‘

116 4199 400 4206 -.—.—-.----—-..

188 4265 200 4315 l
223 4267 305 4314 uertix
324 4264 370 4314 M:
396 4275 482 4314 vertex
503 4291 535 4300 -
555 4275 658 4318 ornatur
680 4282 726 4320 orn,
752 4269 785 4320 V.
804 4266 895 4315 deiude
913 4265 1053 4315 clamatio
1075 4268 1106 4315 dc
1123 4283 1146 4314 o.
1167 4281 1211 4314 uer
1228 4267 1324 4315 excidit

170 4334 352 4384 birrrtunatus
371 4335 402 4384 M
473 4338 601 4399 iqrrerco
622 4336 688 4386 MV
754 4335 905 4386 illacritius
923 4335 993 4385 MV
1060 4337 1143 4386 12161
1164 4336 1253 4384 llncnla
1273 4335 1341 4385 MV

100 4405 131 4456 13
153 4406 291 4469 vulgus-
313 4403 445 4470 pluraliter
462 4420 508 4459 om.
530 4406 576 4455 M:
603 4405 686 4456 vultus
701 4403 794 4468 priore
809 4409 863 4454 loco
883 4407 915 4463 V,
931 4413 958 4454 ut
975 4407 1101 4455 excidisse
1119 4407 1233 4456 videntur
1250 4406 1390 4455 obseruatio

96 4477 130 4524 cle
148 4491 172 4526 u.
187 4475 288 4523 vultus:
306 4476 341 4536 cs.
360 4475 425 4526 Non.
442 4490 469 4535 p.
490 4475 541 4526 aad
613 4479 644 4527 15
661 4477 776 4542 prohibet
798 4478 824 4524 V
894 4475 926 4526 16
945 4476 988 4524 alii
1003 4476 1060 4524 d'd'
1081 4476 1113 4525 M
1129 4477 1171 4524 alii
1191 4477 1276 4524 dicunt
1299 4477 1325 4520 V

100 4546 131 4594 lli
155 4559 230 4594 atreus
254 4560 314 4608 gen.
338 4561 416 4594 masc.
435 4547 459 4595 L
548 4545 580 4596 18
605 4547 713 4612 pellibus
738 4547 796 4596 tidia
821 4546 889 4594 MV
973 4543 1065 4611 Varro]
1092 4544 1161 4598 Ouid.
1181 4555 1275 4597 metam,
1297 4546 1319 4593 ll
1339 4545 1390 4594 494

98 4630 208 4677 ursaque
226 4624 375 4679 conspectos
394 4617 418 4663 in
439 4615 566 4676 montibus
585 4616 682 4665 horruit
700 4631 772 4665 ursos
862 4613 894 4666 ld
912 4627 1059 4678 montesque
1079 4616 1112 4664 M
1179 4616 1214 4666 '20
1232 4623 1317 4663 vectes
1333 4623 1392 4673 post

98 4683 189 4749 culpes
210 4684 285 4734 dodel
302 4686 327 4734 L
397 4695 483 4734 erectos
508 4683 603 4734 lerreos
623 4685 655 4734 M
721 4689 754 4736 22
773 4684 861 4751 urdpis
877 4686 965 4746 priore
983 4687 1036 4734 loeo
1055 4687 1088 4734 M
1096 4685 1124 4732 V
1127 4687 1150 4734 L
1226 4684 1259 4732 23
1278 4683 1390 4748 umeros]

98 4769 199 4804 omeros
218 4755 252 4803 M
267 4753 386 4816 humeros
409 4757 436 4805 V
520 4755 553 4806 26
571 4756 650 4805 vellus
666 4763 690 4805 et
708 4756 800 4806 virinus
818 4771 864 4808 om.
882 4756 915 4818 L,
935 4756 978 4820 qui
996 4754 1064 4805 ulma
1081 4754 1154 4806 dubet
1175 4762 1232 4818 post
1250 4755 1288 4802 vis
1357 4756 1390 4804 27

98 4839 206 4875 socom.
224 4823 257 4874 M
