3350 5442
323 296 387 362 322
908 299 1045 362 lVLlhh'l

349 407 494 460 pamm

323 489 365 547 sic
393 486 536 546 similiter.
580 487 707 547 hletrnm
736 485 931 566 quomodo?
974 487 1067 559 Quale
1094 495 1221 549 metrum
1252 489 1361 550 elliciat
1387 507 1465 551 nnus
1494 491 1614 568 quisque

322 607 390 668 pm,
415 590 440 650 si
463 587 610 668 dactylus,
635 587 826 667 dactylicum;
849 591 874 649 si
895 587 1027 658 iambus,
1051 587 1224 660 iambicnm;
1247 591 1290 651 sic
1312 599 1342 650 et
1363 593 1465 652 ceteri.

405 689 501 751 Pedes
516 689 663 768 dissyllabi
687 699 759 768 quot
780 692 868 752 sunt?
891 690 1046 761 Quattuor.
1077 689 1134 760 Qui
1149 693 1236 752 sunt?
1258 691 1454 771 Pyrrhichius
1468 693 1614 773 spondens

320 790 437 852 iambus
461 799 489 852 et
510 791 677 852 trochaeus.
723 792 882 874 Trisyllabi
905 800 977 872 quot
997 793 1084 852 snnt?
1121 792 1211 864 Octo,
1240 793 1269 855 id
1293 801 1339 854 est
1361 794 1534 857 tilbrachns
1556 815 1612 856 mo-

321 893 417 955 lossus
445 901 621 973 anapaestus
651 894 784 975 dactylus
812 893 1042 975 amphibrachus
1069 894 1291 974 amphimacrus
1320 895 1461 958 bacchius
1490 906 1521 960 et
1543 900 1633 958 anti-s

233 1045 241 1060 .
323 995 470 1056 bacchius.
501 995 697 1076 Tetrasyllabi
721 1005 793 1076 quot
815 997 902 1060 sunt?
925 995 1071 1057 Sedecim.
1110 995 1184 1067 Qui?
1206 996 1473 1075 proceleumaticus
1496 998 1612 1078 dispon-

321 1097 395 1158 deus
424 1096 572 1158 diiambus
600 1098 789 1159 ditrochaeus
817 1100 997 1178 antispastus
1030 1097 1220 1159 choriambus
1247 1099 1363 1160 ionicus
1390 1119 1408 1161 a
1441 1102 1556 1161 maiore
1587 1109 1611 1159 et

320 1200 435 1260 ionicus
457 1217 472 1259 a
498 1201 627 1270 minore,
657 1207 795 1280 quattuor
817 1219 948 1281 paeones
971 1207 1001 1261 et
1029 1206 1167 1280 quathior
1189 1201 1309 1280 epitriti.
1354 1201 1411 1272 Qui
1434 1210 1505 1262 sunt
1528 1201 1613 1280 pedes

319 1301 487 1381 simplices?
510 1300 666 1381 bissyllabi
688 1310 717 1363 et
738 1302 893 1381 trisyllabi.
939 1301 995 1373 Qui
1018 1309 1088 1362 snnt
1109 1301 1202 1381 pedes
1223 1300 1374 1380 duplices?
1407 1302 1610 1383 Tetrasyllabi.

403 1403 595 1485 Pyrrhiebius
616 1423 669 1484 pes
692 1424 725 1465 ex
749 1404 858 1484 quibus
879 1403 998 1484 syllabis
1021 1405 1154 1464 constat?
1191 1404 1234 1464 Er
1264 1403 1378 1464 duabns
1407 1403 1560 1473 brevibus,
1584 1416 1640 1464 otro

320 1513 413 1585 pater.
457 1505 536 1576 Quot
564 1513 697 1586 tempora
726 1505 833 1568 habet?
872 1505 945 1566 bno.
984 1504 1061 1576 Quot
1089 1515 1223 1585 tempora
1253 1505 1381 1566 vindicat
1409 1505 1466 1566 sibi
1489 1509 1563 1568 arsis
1585 1516 1612 1566 et

321 1617 392 1687 quot
414 1606 526 1667 thesis?
569 1609 649 1668 Arsis
679 1626 787 1678 unum,
816 1608 908 1669 thesis
936 1626 1036 1668 unum.
1082 1608 1172 1669 Cuius
1200 1607 1353 1668 divisionis
1381 1609 1444 1668 est?
1487 1611 1610 1685 heqnae.
1645 1646 1646 1681 3

320 1709 516 1782 Quomodo?
550 1709 623 1780 Quia
647 1728 741 1772 unum
764 1719 879 1791 tempus
901 1709 991 1771 habet
1012 1710 1087 1770 arsis
1109 1716 1138 1769 et
1160 1727 1252 1770 unum
1276 1709 1375 1769 thesis.
1423 1710 1506 1770 Vnde
1528 1710 1612 1770 babet
1645 1726 1646 1739 ¹

321 1811 546 1891 etymologiam?
582 1811 756 1892 hPyrrho,
781 1811 841 1874 tilio
863 1810 997 1880 Achillis,
1027 1830 1063 1872 eo
1092 1810 1172 1889 qnod
1200 1810 1236 1870 ad
1259 1810 1347 1871 iunus
1368 1813 1464 1889 patris
1486 1819 1611 1871 armatus
1645 1862 1646 1871 ,

321 1913 425 1976 eodem
448 1923 544 1975 metro
567 1911 685 1983 luserit;
709 1916 769 1974 sive
792 1917 861 1995 quia
884 1917 1063 1994 interempto
1086 1912 1228 1993 Euripide
1250 1912 1355 1973 eodem
1377 1920 1476 1973 metro
1499 1910 1638 1972 saltavitr·

320 2023 465 2086 armatus,
494 2016 602 2076 mentis
624 2015 730 2094 gandia
753 2019 888 2097 corporis
911 2013 1092 2076 exultatione
1113 2017 1301 2076 confirmans.
1347 2015 1426 2076 unde
1448 2022 1480 2074 et
1500 2015 1610 2094 pyrrhi·

319 2118 384 2179 chia
407 2119 524 2178 inventa
546 2117 663 2178 saltatio
686 2117 793 2182 dcitur
815 2117 893 2198 apud
917 2117 1055 2185 Graecos,
1080 2124 1108 2176 at
1132 2134 1186 2196 pes
1207 2119 1271 2197 ipse
1294 2117 1484 2197 pyrrhichius
1507 2136 1608 2178 nomen

318 2221 433 2300 accepit
460 2219 496 2280 ab
524 2227 590 2281 actu
621 2228 650 2280 ot
678 2220 814 2280 cantione
836 2217 943 2299 Pyrrhi
986 2218 1059 2289 Quis
1087 2226 1131 2278 est
1158 2218 1200 2279 illi
1223 2220 1410 2281 contrarius?
1447 2219 1607 2298 spondeus.

319 2323 384 2394 Quo
408 2321 514 2382 modo?
539 2321 614 2393 Quia
629 2339 686 2402 qno
710 2321 797 2382 modo
820 2320 871 2383 ille
894 2339 929 2382 ex
952 2319 1066 2381 duabus
1088 2319 1226 2381 brevibus
1248 2329 1379 2388 constat,
1403 2321 1460 2381 iste
1483 2340 1520 2382 ex
1541 2321 1608 2382 dua·

318 2423 374 2485 bus
396 2423 501 2502 longis.
532 2423 611 2494 Quot
632 2431 765 2504 tempora
789 2422 897 2483 habet?
921 2423 1076 2494 Quattuor.
1111 2423 1201 2484 Curius
1223 2421 1375 2484 divisionis
1397 2425 1461 2483 ost?
1484 2427 1636 2500 Aequana

318 2524 514 2598 Quomodo?
538 2525 613 2597 Quia
636 2532 715 2586 tanta
739 2532 873 2604 tempora
896 2522 986 2584 habet
1007 2524 1098 2593 arsis,
1123 2532 1232 2603 quanta
1256 2533 1287 2585 et
1308 2525 1410 2585 thesis.
1455 2525 1607 2605 Spondens

318 2627 397 2688 unde
427 2626 541 2688 dietus?
576 2619 655 2687 Ἀπό
684 2623 742 2706 τῆς
771 2623 935 2705 σπονδῆς,
964 2626 994 2686 id
1018 2634 1062 2687 est
1083 2633 1193 2697 tractu,
1225 2624 1302 2705 qnod
1326 2644 1378 2705 pes
1397 2628 1463 2705 ipse
1487 2634 1606 2687 tractum

318 2737 412 2790 sonet
451 2724 583 2809 σπονδή
606 2731 684 2789 enim
707 2746 813 2807 graece
836 2736 948 2790 nactus
971 2736 1106 2798 vocatum
1130 2729 1209 2788 unde
1232 2737 1262 2790 et
1283 2729 1305 2788 ii
1326 2730 1377 2807 qui
1399 2727 1480 2789 tibiis
1503 2737 1608 2790 cannot

317 2833 349 2892 in
378 2831 472 2891 sacris
501 2829 669 2909 spondiales
696 2840 849 2892 vocantur.
893 2829 1011 2891 lambus
1038 2848 1075 2891 ex
1109 2829 1217 2908 quibus
1248 2829 1369 2909 syllabis
1399 2833 1532 2892 constat?
1566 2831 1605 2891 Er

317 2930 400 2993 brevi
423 2938 453 2991 et
474 2931 570 3010 longa.
616 2932 694 3004 Quot
717 2942 850 3012 tempora
872 2930 980 2994 habet?
1016 2933 1093 2993 Tria.
1139 2933 1218 3004 Quot
1247 2939 1380 3011 tempora
1403 2932 1533 2993 vindicat
1553 2932 1634 2992 sinis

317 3036 392 3118 apsis
414 3043 444 3095 et
465 3043 537 3112 qnot
559 3034 669 3096 thesis?
702 3037 784 3096 Arsis
806 3053 914 3104 unum,
939 3033 1031 3095 thesis
1054 3034 1119 3095 dno.
1164 3035 1253 3096 Cuius
1275 3033 1428 3096 divisionis
1450 3035 1516 3096 est?
1551 3034 1604 3095 llu-

317 3135 392 3216 plae.
437 3135 632 3208 Quomodo?
666 3138 739 3209 Quia
762 3155 832 3216 pars
855 3144 969 3216 partem
991 3135 1081 3216 duplo
1106 3137 1203 3197 vincit.
1249 3133 1330 3196 Vnde
1352 3134 1444 3196 habat
1466 3135 1602 3215 etymolo-

318 3239 414 3316 giam?
447 3229 526 3297 'And
548 3236 609 3298 rori
630 3235 830 3318 ἰαμβιάζειν,
860 3238 889 3299 id
918 3246 962 3299 est
983 3257 999 3300 a
1023 3237 1195 3307 maledicto,
1226 3255 1285 3298 non
1309 3237 1386 3315 qnod
1409 3236 1466 3299 hoc
1489 3255 1602 3299 carmen

316 3341 353 3400 sit
380 3338 571 3410 maledicum,
604 3341 655 3401 sad
690 3340 769 3420 quod
799 3339 944 3402 maledica
974 3340 1079 3402 eodem
1107 3347 1176 3401 snut
1204 3349 1299 3401 metro
1330 3342 1503 3419 composita.
1546 3358 1600 3400 noo

317 3440 389 3502 nulli
413 3443 512 3502 ierunt
534 3441 570 3502 ab
586 3441 684 3504 lamba
708 3442 848 3513 muliere,
872 3461 960 3522 qnam
983 3443 1137 3504 dicuntia
1159 3441 1316 3502 maledicto
1338 3443 1528 3504 exercitatam
1548 3443 1629 3501 istoru

317 3543 392 3623 pede
416 3561 509 3604 usam.
554 3544 633 3605 unde
663 3552 693 3605 et
719 3547 801 3606 iocos
824 3543 984 3607 maledicos
1006 3544 1084 3625 apud
1107 3544 1237 3606 Graecos
1258 3542 1372 3604 iambos
1394 3552 1508 3605 vocant.
1551 3542 1599 3614 Oui

314 3665 368 3725 pes
392 3652 437 3705 est
458 3647 507 3706 isti
529 3648 716 3708 contrarius?
745 3646 928 3709 Trocbaeus.
973 3647 1018 3708 Ex
1039 3645 1146 3726 quibus
1167 3645 1288 3725 syllabis
1309 3647 1444 3707 constat?
1473 3647 1514 3706 Ex
1535 3645 1599 3705 dna·

315 3746 385 3817 bns,
415 3747 443 3807 id
473 3754 517 3807 est
544 3747 632 3827 longa
661 3755 690 3808 et
716 3748 809 3810 brevi.
848 3749 926 3820 Quot
953 3756 1088 3827 tempora
1117 3747 1224 3808 habet?
1268 3746 1352 3817 Tria,
1383 3749 1460 3809 arsis
1482 3747 1599 3808 vindicat

315 3848 387 3918 dno,
419 3848 510 3910 thosis
537 3868 641 3911 unum.
687 3851 768 3911 Vnde
796 3850 886 3912 habet
908 3849 1125 3930 etymologiam.
1170 3849 1213 3911 Eo
1235 3849 1314 3930 quod
1337 3869 1354 3910 e
1374 3849 1464 3928 longa
1486 3852 1517 3911 in
1539 3849 1598 3910 bre·

315 3969 378 4012 vem
400 3951 584 4013 descendens
606 3951 723 4013 rotatile
746 3970 867 4014 carmen
890 3952 1006 4013 eiticiat.
1037 3941 1152 4033 τροχός
1174 3953 1253 4013 enim
1274 3969 1381 4030 graece
1402 3960 1470 4013 rota
1492 3952 1627 4016 dicitius

398 4052 506 4124 Quales
528 4054 621 4134 pedes
643 4053 805 4135 trisyllabi?
834 4054 890 4125 Qui
913 4064 1087 4134 sequuntur.
1124 4037 1314 4115 =''lribrachns
1332 4073 1372 4129 ,ex
1396 4053 1505 4133 quibus
1524 4052 1598 4133 sylla·

313 4154 359 4216 bis
381 4157 515 4216 constat?
538 4156 692 4217 extribus
715 4155 869 4227 brevibus,
893 4164 926 4218 ut
947 4155 1092 4217 dominus.
1137 4156 1217 4228 Quot
1237 4165 1371 4237 tempora
1394 4153 1503 4216 babet?
1529 4156 1597 4221 Tria,

312 4257 387 4318 arsis
411 4257 538 4318 vindicat
561 4257 635 4329 duo,
660 4257 752 4320 thesis
774 4253 876 4321 unum
908 4259 997 4320 Cuius
1012 4258 1162 4320 divisionis
1184 4259 1246 4319 est?
1268 4257 1388 4338 Duplae.
1420 4255 1597 4329 Quomodo?

381 4515 397 4564 4
415 4511 583 4579 tribracohns]
602 4513 756 4565 tribocchius
775 4515 798 4564 n
885 4517 917 4566 15
935 4516 989 4564 sive
1009 4511 1080 4579 quta]
1102 4513 1139 4562 ad
1155 4517 1255 4565 iuventa
1273 4515 1407 4579 Glaesiae,
1424 4531 1489 4581 qnae
1506 4530 1595 4564 com

311 4587 416 4634 morari?
439 4586 573 4634 Diomedes
592 4599 620 4647 p.
642 4587 704 4649 475,
722 4587 756 4634 22
774 4583 837 4634 daec
856 4586 988 4648 pertinere
1004 4586 1121 4634 videatur
1190 4586 1221 4634 2l
1243 4582 1347 4650 quanta]
1368 4586 1496 4648 quomodo
1514 4586 1536 4635 R

312 4657 345 4703 22
365 4655 448 4705 dietus
466 4669 515 4720 apo
534 4663 561 4704 tu
581 4656 681 4719 sponda
700 4655 722 4704 ll
794 4653 827 4704 23
845 4650 968 4720 σπονδή]
988 4654 1126 4721 apoudaR
1195 4653 1230 4704 28
1247 4669 1297 4719 epo
1316 4664 1342 4703 tu
1362 4655 1537 4717 iambiazioll

311 4723 346 4774 29
366 4723 528 4791 maledicum]
555 4725 716 4774 maledictum
738 4725 759 4776 11
830 4721 864 4775 31)
889 4724 972 4775 lerunt
995 4725 1207 4775 adiambatasaenr
1229 4726 1361 4774 mutierem
1384 4727 1502 4790 qnomll
1564 4721 1592 4769 ³5

310 4789 419 4860 τροχός]
438 4794 538 4844 trochos
557 4795 580 4844 l?
