3350 5442
331 319 395 383 320
909 327 1047 389 lVLthl

358 441 379 482 p.
394 431 431 470 109
445 429 471 469 R.

415 509 487 570 ltem
510 511 709 572 interiectioni
732 523 803 593 quot
825 513 982 576 accidunt?
1004 515 1130 576 Tantum
1153 517 1335 594 significatio.
1374 518 1553 597 Significatio
1571 522 1605 580 in·

331 611 513 672 terieotionis
541 613 570 674 in
602 632 661 692 quo
691 617 753 675 est?
790 615 865 686 Quia
888 625 939 678 aut
967 614 1107 678 laetitiam
1137 619 1351 696 significamus,
1374 628 1408 680 ut
1429 639 1517 690 evax,
1540 623 1604 698 quod
1650 646 1651 693 y

331 721 378 773 est
396 715 563 775 interiectio
585 715 756 792 gaudentis;
781 725 830 778 aut
852 716 999 785 dolorem,
1022 726 1054 779 ut
1075 720 1149 790 heir,
1173 720 1202 780 id
1224 730 1268 782 est
1289 722 1456 782 interiectio
1479 721 1603 800 lugeatis:

330 823 379 876 aut
401 817 639 888 admirationem,
664 826 697 880 ut
718 837 827 899 papae,
851 821 928 881 sicut
950 821 1069 899 quidam
1097 821 1202 883 scribit
1227 825 1375 903 ‘papae,
1402 826 1526 885 vivere
1547 845 1603 885 uon
1650 824 1651 833 ’

329 917 437 988 licet,
462 925 497 978 et
518 920 703 995 fornicari
731 920 878 993 libet‘l';
910 931 961 983 aut
983 931 1109 993 metum,
1139 925 1217 984 sicut
1238 932 1312 994 atat,
1335 925 1550 998 sicutsolitum
1571 936 1620 986 esta¹
1650 932 1651 1005 y

329 1019 450 1100 parvulo
466 1020 525 1081 dici
542 1030 629 1091 totto,
654 1023 771 1103 quando
787 1023 965 1104 prohibetur
980 1025 1138 1086 comodere
1154 1033 1274 1087 terram.
1292 1061 1329 1070 -—
1348 1027 1390 1086 Et
1406 1029 1511 1107 siqua
1533 1036 1604 1088 sunt

329 1121 483 1183 similia:
510 1133 537 1184 et
559 1143 635 1204 quiae
657 1133 727 1186 sunt
748 1124 874 1187 similia?
896 1126 1001 1198 liuba,
1025 1145 1099 1207 quae
1116 1126 1151 1187 ad
1168 1128 1412 1206 significationem
1428 1130 1519 1208 partis
1532 1130 1603 1188 istius

328 1226 488 1305 pertinent.

354 1341 439 1395 Ml·
502 1331 503 1334 ‘
857 1365 906 1427 na
928 1365 1090 1429 narraui

412 1480 513 1542 Partes
541 1484 748 1560 grammaticae
777 1486 850 1545 artis
876 1492 948 1564 quot
975 1487 1062 1546 sunt?
1095 1486 1194 1546 Prima
1225 1504 1293 1565 pars
1315 1495 1361 1546 est
1384 1505 1460 1566 quae
1482 1488 1602 1548 scribitur
1612 1511 1627 1545 a

328 1601 382 1664 per
405 1583 607 1663 metaphoram
632 1592 661 1645 et
681 1585 884 1664 antiphoram,
907 1587 937 1647 id
961 1593 1004 1647 est
1027 1606 1081 1666 per
1108 1589 1369 1666 interrogationem
1399 1595 1429 1649 et
1450 1592 1601 1670 responsio·

328 1704 411 1754 nem,
436 1704 510 1764 quae
533 1685 599 1746 data
623 1695 667 1747 est
689 1686 831 1767 parvulis
856 1708 914 1768 quo
929 1689 1018 1749 modo
1033 1689 1162 1749 (labeant
1181 1681 1356 1766 'intellegere
1374 1698 1404 1749 et
1426 1692 1600 1771 respondere,

328 1787 400 1848 nihil
430 1786 544 1849 habens
574 1788 762 1850 difficultatis.
810 1790 940 1852 secunda
969 1799 1012 1852 est
1041 1790 1162 1852 uberior
1191 1799 1220 1851 et
1252 1791 1343 1860 utilis,
1375 1809 1451 1868 quae
1479 1793 1541 1853 data
1567 1801 1601 1850 est

327 1889 487 1950 maioribus
510 1897 540 1950 et
562 1891 740 1963 minoribus,
765 1893 914 1953 modicum
936 1892 1050 1953 habens
1072 1892 1268 1964 difficultatis,
1293 1911 1352 1971 otro
1375 1894 1464 1955 modo
1490 1896 1601 1954 interro·
1650 1950 1651 1971 y

329 2009 399 2070 gare
423 2000 453 2052 ot
474 1993 657 2072 respondere
679 1995 806 2073 possint,
831 2002 861 2055 et
882 1997 986 2075 incipit
1008 2015 1024 2054 a
1046 1994 1153 2058 littera.
1611 2014 1627 2050 1³

807 2127 810 2134 .
882 2097 900 2136 a
963 2093 982 2130 a
1043 2093 1061 2131 a

352 2239 372 2280 1’·
388 2228 419 2266 ¹⁴·
433 2227 458 2266 ¹⁵
471 2226 495 2266 ¹³·
741 2249 789 2310 oa
812 2248 1007 2310 riniuuvs
1030 2249 1206 2312 sranius

409 2366 534 2437 Quando
563 2369 760 2429 nominativus
787 2369 946 2446 singularis
976 2388 1004 2428 m
1029 2371 1219 2437 terminatur,
1244 2368 1351 2447 longus
1374 2379 1419 2430 est
1441 2388 1478 2430 an
1500 2369 1599 2429 brevis?
1650 2380 1651 2441 g

325 2467 427 2529 Brevis
450 2477 508 2539 est;
532 2468 603 2530 dicit
625 2478 722 2530 tamen
748 2470 877 2531 Donatus
900 2471 1044 2531 ‘arduum
1067 2480 1112 2531 est
1133 2471 1220 2531 huius
1242 2474 1285 2533 rei
1313 2471 1449 2551 exenrpla
1472 2471 1598 2549 reperire.
1650 2512 1651 2515 ,

225 2616 231 2627 .
324 2589 359 2631 eo
383 2570 461 2648 quod
485 2571 559 2632 haec
581 2571 678 2632 littera
701 2591 789 2650 saepe
811 2574 890 2633 inter
913 2572 1028 2632 vocales
1049 2575 1144 2652 posita
1167 2572 1294 2632 delicit’.
1331 2589 1389 2651 quo
1412 2573 1517 2633 marlot
1538 2574 1626 2643 tinias·
1650 2558 1651 2561 ¹

324 2672 443 2732 difficile
467 2680 565 2734 estut
587 2671 756 2751 exentplum
779 2681 895 2734 certum
917 2675 1099 2744 inveniatur,
1125 2675 1230 2736 exinde
1253 2682 1352 2736 utrum
1376 2674 1481 2754 longus
1502 2677 1537 2734 sit
1556 2692 1599 2732 uo·

324 2775 480 2836 minativus
503 2793 540 2835 an
564 2774 661 2835 brevis
685 2775 790 2854 [quare
813 2794 842 2835 m
865 2777 942 2836 inter
966 2775 1080 2835 vocales
1101 2777 1196 2855 posita
1219 2775 1368 2856 delicit‘l],
1391 2779 1534 2837 incertum
1555 2783 1597 2833 est.
1650 2854 1651 2857 Ἴ

407 2877 452 2937 An
473 2877 573 2937 linitus
595 2877 791 2937 nominativus
814 2875 973 2954 singularis
995 2876 1090 2957 qualis
1113 2879 1174 2938 est‘t
1197 2876 1330 2955 Longos,
1355 2885 1388 2938 ut
1409 2877 1505 2938 Titan.
1534 2877 1597 2947 Oua·

324 2977 358 3037 lis
380 2997 478 3038 sermo
502 2985 546 3038 est
560 2977 667 3039 Titan?
689 2977 830 3038 Graecus
861 2976 936 3048 outa
959 2986 1044 3038 sonat
1065 2980 1097 3038 in
1120 2977 1227 3039 latino?
1251 2979 1301 3040 Sol
1325 2987 1370 3039 est
1391 2978 1470 3058 apud
1485 2979 1595 3038 hadom.

323 3079 394 3140 dicit
416 3079 549 3141 Donatus
571 3078 713 3142 ‘latinum
741 3098 810 3139 vero
840 3081 871 3138 iu
893 3079 948 3139 hac
971 3077 1081 3159 syllaba
1104 3099 1163 3141 uon
1186 3088 1285 3159 potest
1307 3098 1417 3140 nomen
1439 3081 1579 3140 inveniri'.
1607 3101 1626 3136 e.
1650 3070 1651 3077 '

407 3181 530 3253 Quando
559 3201 596 3242 en
624 3183 815 3250 terminatur,
845 3181 951 3258 longus
979 3189 1025 3242 est
1046 3201 1084 3243 an
1108 3181 1222 3243 brevis?
1260 3181 1293 3242 ln
1320 3183 1434 3242 neutris
1456 3180 1597 3260 generibus

323 3282 421 3344 brevis
444 3293 501 3354 est,
525 3292 556 3343 ut
579 3302 712 3351 carmem
744 3285 774 3342 in
798 3281 872 3342 aliis·
886 3291 984 3343 autem
1007 3283 1168 3360 generibus
1190 3282 1269 3363 apud
1290 3283 1410 3344 Latinos
1432 3285 1533 3362 longus
1552 3289 1594 3345 est

322 3384 400 3464 apud
423 3387 555 3446 Graecos
576 3385 674 3446 brevis
698 3393 757 3452 est,
787 3391 818 3444 ut
840 3392 946 3463 pecten
968 3383 1075 3445 flamen
1100 3385 1158 3445 lien
1181 3384 1294 3463 pollen,
1323 3387 1391 3463 quia
1414 3393 1518 3462 pecten
1538 3402 1594 3462 pec·

323 3487 412 3546 tinem
435 3487 558 3558 dicitur,
582 3488 688 3548 damen
712 3487 878 3555 flaminem,
907 3475 966 3546 lien
989 3485 1112 3556 lienem,
1136 3485 1235 3565 pollen
1257 3485 1410 3566 pollinem.

407 3588 530 3660 Quando
554 3607 593 3650 ou
616 3588 805 3658 terminatur,
829 3588 938 3665 longos
961 3596 1006 3648 est
1027 3605 1064 3648 an
1089 3586 1202 3648 brevis?
1225 3589 1350 3667 Semper
1372 3586 1480 3666 longus
1500 3596 1549 3657 est
1569 3595 1624 3644 uto·

320 3689 469 3753 Memnon.

405 3793 528 3863 Quando
556 3795 755 3854 nominativus
782 3792 940 3871 singularis
970 3793 1145 3852 terminatur
1168 3809 1216 3861 ar,
1240 3790 1347 3868 longus
1370 3801 1415 3852 est
1436 3811 1473 3852 an
1496 3789 1594 3853 bacris?

320 3895 351 3954 ln
376 3894 586 3974 monosyllabis
610 3895 716 3973 longus
738 3902 797 3962 ost,
821 3902 853 3954 ut
873 3911 928 3953 nar
950 3894 1005 3953 iar.
1049 3893 1125 3964 Quid
1149 3894 1221 3954 nar?
1251 3892 1281 3952 ld
1304 3900 1350 3953 est
1371 3895 1466 3964 uaris,
1489 3893 1530 3952 iar
1549 3908 1594 3971 pro

320 3997 423 4057 larina.
468 3997 501 4057 lu
528 3995 719 4077 polysyllabis
747 3995 926 4074 qualisestl
960 3995 1090 4055 Donatus
1113 3994 1184 4054 dicit
1205 3993 1291 4055 ‘licet
1313 3997 1343 4054 iu
1366 3993 1413 4055 liis
1438 3995 1536 4072 longus
1555 3993 1593 4055 sit,

319 4117 394 4177 quae
417 4118 433 4158 a
455 4100 486 4159 iu
508 4101 644 4178 genetivo
667 4106 735 4158 ante
752 4093 884 4158 ultimam
902 4097 1086 4177 producunt,
1110 4106 1208 4158 tamen
1224 4099 1400 4158 auctoritate
1422 4095 1591 4176 corripitur’.
1604 4112 1622 4149 r»

319 4200 384 4270 Quo
407 4201 513 4260 modo?
535 4201 673 4272 Quamvis
688 4200 784 4269 dicas,
809 4201 840 4261 in
856 4201 992 4276 genetivo
1007 4217 1078 4259 casu
1100 4197 1281 4279 paenultimo
1304 4196 1370 4257 loco
1393 4196 1483 4258 habet
1502 4213 1592 4256 acceu-

320 4311 395 4370 tum,
419 4305 468 4382 qui
493 4310 537 4363 est
560 4299 682 4361 ultimus
703 4303 735 4362 in
758 4303 953 4370 nominativo,
976 4307 1010 4361 ut
1024 4301 1063 4361 sit
1077 4302 1141 4380 ipse
1157 4302 1355 4362 nominativus
1376 4299 1492 4378 longus,
1508 4307 1590 4357 tanen

318 4457 619 4464 ἀφῇ-..ᾖ

385 4542 402 4590 4
419 4539 513 4608 papas]
535 4541 679 4606 Ilien-onyae.
700 4543 773 4603 epist.
790 4543 826 4590 ad
842 4541 967 4597 Rusticum
982 4528 1124 4592 anonabhran
1139 4555 1179 4604 ep.
1197 4539 1254 4600 125,
1274 4539 1306 4591 13
1324 4541 1373 4592 ool.
1394 4541 1403 4588 l
1422 4541 1435 4590 1
1452 4555 1478 4602 p.
1497 4537 1541 4588 941
1557 4533 1591 4583 ed.

322 4612 439 4662 Vallara.
529 4609 560 4661 lt)
580 4607 698 4676 arduum]
720 4610 797 4663 Max.
824 4612 920 4663 Victor.
938 4611 1051 4673 definal.
1066 4625 1095 4673 p.
1111 4611 1163 4660 lbi)
1181 4610 1221 4658 ed.
1238 4609 1346 4660 Vindob.
1436 4610 1469 4659 25
1489 4600 1590 4667 latinum]

317 4682 352 4744 as.
370 4680 448 4734 Max.
473 4684 568 4734 Victor.
589 4684 607 4732 t.
623 4698 644 4732 o.
716 4681 752 4732 28
771 4688 861 4747 pecten
882 4681 983 4744 pectine
1008 4681 1099 4729 dicitur
1122 4680 1213 4728 llamen
1239 4679 1342 4728 damino
1368 4679 1417 4729 lien
1438 4679 1502 4728 liene
1519 4674 1593 4743 pollen

317 4765 364 4816 pro
384 4752 476 4817 polline
492 4752 523 4804 a.
543 4753 709 4802 accusativum
726 4751 896 4814 adscripsisse
910 4753 1009 4801 videtur
1024 4753 1202 4815 praenotatione
1214 4752 1251 4800 ad
1267 4766 1348 4814 penus
1360 4751 1480 4802 naariam
1494 4746 1594 4812 pmbda·

318 4821 387 4872 duan:
401 4822 436 4886 es.
457 4822 556 4876 Charis.
572 4836 600 4886 p.
619 4821 662 4884 87,
684 4821 715 4874 lb
786 4819 818 4873 34
840 4818 907 4888 licet]
931 4829 957 4870 ut
972 4821 1012 4871 R:
1030 4821 1066 4886 rs.
1085 4819 1163 4872 diam.
1187 4822 1284 4874 Victor.
1305 4822 1321 4874 t.
1342 4835 1364 4875 r.
