3350 5442
456 1385 460 1391 ¹
723 1262 818 1355 nus
854 1204 1124 1355 consurru
1151 1220 1254 1355 uc.

529 1446 599 1520 DE
626 1442 968 1523 BARBARISMIS
995 1448 1064 1521 ET
1090 1446 1450 1524 METAPLASMIS

370 1757 392 1798 p·
406 1747 457 1786 1-³
470 1746 494 1786 B.
1515 1747 1584 1787 eti.
1649 1776 1650 1805 ἶ

429 1824 615 1889 Barbarismi
642 1849 658 1890 a
686 1828 886 1909 metaplasmis
909 1829 1020 1891 distant
1048 1837 1077 1889 et
1100 1829 1210 1889 diversi
1234 1835 1303 1889 sunt
1325 1834 1355 1888 et
1376 1828 1505 1889 diversas
1524 1826 1604 1886 delini·

346 1929 443 1988 tiones
464 1928 584 1989 babent.
610 1925 616 2013 l
640 1932 692 1991 sed
720 1934 789 2011 quia
818 1932 940 2011 quidam
969 1932 1064 2002 modi,
1094 1951 1129 1993 ex
1152 1930 1261 2011 quibus
1284 1932 1440 2001 eveniunt,
1463 1946 1608 1990 communes

346 2039 414 2092 sunt
443 2035 473 2091 in
502 2034 591 2111 ip'sis,
620 2036 776 2095 coniuncte
805 2035 841 2094 de
870 2034 918 2094 bis
947 2034 1105 2095 dicendum
1133 2040 1186 2093 est.
1233 2036 1275 2094 sic
1298 2036 1394 2103 enim,
1423 2052 1481 2113 quo
1502 2052 1518 2092 a
1537 2051 1563 2091 se
1586 2038 1650 2111 einp

345 2136 376 2194 in
399 2134 509 2215 quibus
530 2136 655 2205 distent,
685 2136 802 2198 lacilius
830 2136 995 2217 apparebit.
1040 2136 1118 2216 quod
1147 2155 1215 2197 eum
1237 2138 1277 2196 ita
1300 2137 1433 2195 luturum
1457 2137 1494 2195 sit
1513 2137 1540 2193 in
1558 2136 1608 2212 ipsa
1649 2158 1650 2217 t

345 2238 546 2316 expositione,
575 2238 611 2298 ad
640 2258 704 2299 rem
732 2242 865 2317 pertinet
893 2242 978 2319 prius
1006 2245 1038 2299 ut
1065 2238 1253 2299 definitiones
1281 2241 1442 2318 separatim
1469 2238 1561 2297 tlemus
1588 2244 1610 2292 ct
1649 2230 1650 2233 ’

345 2339 539 2417 generaliter,
569 2341 640 2420 quid
668 2340 876 2402 distantiarum
904 2344 983 2401 inter
1006 2359 1037 2400 se
1060 2340 1204 2410 habeant,
1234 2340 1480 2402 demonstremus.
1523 2338 1611 2399 barba·

345 2444 455 2502 rismus
478 2450 537 2512 est,
560 2449 593 2501 ut
615 2442 736 2521 quidam
758 2443 875 2513 volunt,
898 2462 957 2504 una
979 2460 1048 2523 pars
1070 2444 1213 2504 orationis
1228 2445 1333 2503 vitiosa
1348 2445 1381 2503 in
1397 2460 1528 2503 sermone
1547 2460 1612 2500 corn·

344 2528 453 2605 munis
481 2543 555 2605 baec
582 2545 716 2605 definitio
744 2553 862 2624 separat
889 2544 1128 2624 metaplasmum,
1158 2564 1192 2605 eo
1220 2546 1298 2625 quod
1327 2546 1393 2605 lieri
1417 2544 1612 2605 barbarismum
1623 2538 1650 2596 nl

345 2647 418 2706 dicit
439 2648 470 2706 in
494 2648 642 2707 communi
665 2665 811 2717 sermone,
835 2650 983 2727 quoniam,
1008 2650 1033 2708 si
1056 2651 1086 2708 in
1110 2654 1244 2727 poemate
1267 2666 1337 2727 pars
1360 2649 1505 2708 orationis
1525 2648 1613 2706 vitiosa
1649 2668 1650 2733 p

346 2751 398 2819 sit,
427 2750 653 2828 metaplasmum
681 2749 793 2810 dicunt.
839 2751 912 2810 item
940 2748 1146 2811 barbarismus
1173 2757 1231 2818 est,
1261 2758 1294 2809 ut
1325 2750 1447 2829 quidam
1480 2750 1613 2811 desmiunt,
1649 2744 1650 2839 l

346 2852 437 2912 dictio
459 2853 566 2912 vitiosa
582 2847 806 2912 enuntiatione:
830 2852 887 2912 boc
902 2854 970 2913 ideo
992 2851 1081 2912 babet
1103 2849 1383 2931 reprehensionem,
1406 2854 1540 2933 quoniam
1554 2851 1612 2909 haec
1649 2868 1650 2963 p

347 2954 481 3014 delinitio
503 2953 538 3014 ad
562 2960 695 3032 tempora
718 2960 748 3013 et
771 2962 911 3014 accentus
932 2961 1046 3015 tantum
1069 2956 1215 3034 pertinet,
1244 2954 1273 3014 id
1297 2961 1342 3013 est
1363 2944 1524 3034 prosodias.
1555 2954 1613 3011 iten
1649 2982 1650 3015 t

347 3055 551 3116 barbarismus
577 3064 621 3115 est
647 3055 740 3115 dictio
768 3056 867 3135 aliqua
894 3064 978 3135 parte
1002 3059 1047 3117 sui
1072 3058 1191 3118 vitiosa:
1227 3054 1283 3116 boc
1306 3056 1343 3117 ad
1367 3056 1571 3117 detractionem
1591 3062 1650 3137 eto}

347 3157 545 3218 adiectionem
565 3166 595 3217 et
609 3160 889 3222 transmutationem
905 3166 935 3219 et
950 3160 1186 3219 immutationem
1201 3157 1370 3219 litterarum
1387 3158 1558 3239 syllabarum
1578 3176 1615 3214 ac·

347 3266 486 3320 centuum
508 3268 676 3339 temporum
693 3262 965 3341 aspirationumque
987 3263 1133 3340 pertinet,
1158 3262 1235 3341 quod
1259 3261 1403 3341 exemplis
1424 3280 1491 3322 mox
1512 3259 1615 3341 prolatis

347 3361 512 3442 apparebit.
557 3364 608 3423 sed
631 3365 805 3442 priusquam
827 3361 863 3422 dc
886 3362 1077 3442 metaplasmo
1099 3362 1327 3442 subiungamuS,
1352 3382 1519 3425 ammonere
1540 3360 1614 3421 debe·
1649 3408 1650 3413 ,

346 3484 412 3525 mus
434 3465 514 3525 aliud
537 3484 602 3525 esse
625 3463 860 3534 barbarismum,
884 3463 963 3525 aliud
986 3483 1051 3525 esse
1074 3464 1293 3528 barbarolexim
1330 3465 1530 3527 barbarismus
1549 3464 1614 3522 eninr
1649 3484 1650 3513 z

347 3566 511 3626 secundum
540 3567 730 3628 definitiones
758 3568 928 3646 superiores
956 3567 1002 3627 vel
1030 3568 1203 3629 accentibus
1231 3568 1275 3628 vel
1303 3568 1413 3629 litteris
1435 3567 1479 3627 rel
1506 3563 1650 3645 spljlabiser

346 3668 392 3728 rel
415 3669 601 3749 temporibus
621 3671 668 3730 vel
690 3668 923 3749 aspirationibus
945 3677 1061 3748 peccat,
1090 3672 1168 3731 sicut
1189 3688 1257 3730 mox
1279 3670 1376 3749 palam
1398 3672 1466 3741 fiet;
1492 3668 1615 3728 barbaros
1649 3674 1650 3711 ἲ

347 3777 445 3831 autem
467 3771 541 3831 lexis
568 3791 627 3833 uno
655 3772 743 3831 modo
769 3777 884 3831 tantum
911 3770 1109 3849 intellegitur,
1138 3790 1206 3832 cum
1229 3791 1265 3830 ex
1288 3771 1384 3833 aliena
1406 3772 1505 3850 lingua
1525 3773 1552 3830 in
1572 3788 1614 3827 no·

347 3881 442 3934 strum
464 3892 549 3935 usum
572 3874 670 3953 aliqua
691 3892 760 3953 pars
782 3876 926 3933 orationis
953 3873 1121 3943 inducitur,
1151 3881 1183 3934 ut
1205 3893 1273 3934 cum
1296 3874 1425 3935 dicimus
1447 3876 1548 3935 cateias
1567 3872 1614 3929 uti·

347 3994 404 4055 qtre
432 3976 532 4037 hastas
560 3976 723 4045 Gallorum,
751 3983 931 4036 mastrucam
959 3976 1168 4036 vestimentum
1196 3976 1375 4047 Sardorum,
1405 3976 1525 4054 magalia
1545 3974 1614 4032 liro-

347 4097 413 4139 rum
447 4096 543 4147 casas,
578 4081 716 4139 acinaces
748 4078 862 4155 gladios
894 4078 1056 4138 Medorum.
1103 4097 1181 4138 nunc
1213 4078 1398 4158 metaplasmi
1433 4079 1641 4139 delinitionenri¹

347 4198 507 4259 ponemus:
529 4179 742 4261 metaplasmus
764 4188 810 4240 est
831 4199 890 4241 una
912 4199 982 4261 pars
1004 4183 1150 4241 orationis
1172 4182 1296 4258 figurata
1319 4189 1422 4242 contra
1446 4175 1613 4242 consuetudi·
1649 4230 1650 4243 ,

256 4332 259 4342 .
347 4301 416 4343 nem
438 4282 484 4343 rel
507 4290 629 4343 ornatus
651 4282 777 4343 alicuius
799 4302 888 4344 causa
911 4283 955 4343 vel
978 4285 1066 4343 metri
1089 4284 1266 4343 necessitate
1290 4291 1425 4360 cogente.
1470 4282 1516 4343 bic
1537 4285 1613 4339 nieta-

368 4535 382 4549 ‚
418 4488 600 4552 llncipitars
618 4488 749 4540 consentit.
771 4502 795 4538 v.
812 4503 834 4540 e.
852 4488 884 4538 de
902 4488 1016 4539 barbaris
1044 4496 1069 4536 et
1091 4486 1263 4553 metaplasmis
1287 4488 1320 4538 M
1392 4486 1572 4538 tconueninm
1589 4480 1612 4528 ll
1649 4524 1650 4559 ἢ

348 4559 499 4619 proveniunt
517 4557 681 4609 Buttmannue
769 4557 898 4608 8babent
917 4559 949 4608 M
1036 4557 1069 4609 10
1085 4573 1115 4606 eo
1131 4557 1200 4621 quod
1215 4558 1313 4607 firmum
1331 4557 1375 4608 diri
1391 4560 1416 4607 in
1436 4554 1552 4607 communi
1569 4566 1612 4600 ser·
1649 4566 1650 4605 ξ

349 4640 423 4677 mone
440 4628 474 4678 M
543 4627 574 4677 13
592 4627 641 4678 boc
659 4628 716 4677 ideo
737 4629 918 4678 nuntiationem
936 4627 1013 4678 habet
1031 4630 1056 4677 ln
1074 4627 1270 4693 reprehensione
1290 4630 1339 4693 qud
1364 4628 1470 4678 dibnltio
1491 4622 1612 4689 (adscripto
1649 4632 1650 4683 l

348 4695 465 4762 inmarp.
485 4695 516 4757 li)
536 4699 570 4747 M
639 4698 671 4748 15
687 4707 725 4748 est
739 4712 783 4746 orn.
806 4698 841 4747 M
891 4698 922 4749 18
940 4700 1077 4749 admonere
1092 4698 1212 4748 debemus
1231 4698 1351 4749 lectorem
1368 4698 1478 4749 Glerrrene
1529 4694 1556 4745 19
1567 4694 1612 4741 bnt·
1649 4704 1650 4753 p

348 4765 477 4816 baralexin
498 4767 531 4815 M
596 4768 628 4818 21
648 4768 690 4815 flet
707 4767 817 4818 Clemene
834 4767 925 4817 batM
998 4770 1031 4818 ‘23
1048 4769 1133 4831 eliqua
1152 4784 1211 4834 pars
1230 4770 1339 4819 Clemens
1356 4783 1417 4833 pars
1435 4769 1513 4831 alique
1531 4764 1557 4812 M
1602 4814 1604 4817 ,
1649 4780 1650 4829 t

350 4835 442 4885 cateias
456 4838 541 4901 utique
559 4845 627 4888 astas
642 4837 752 4887 Clemens
766 4837 869 4889 catheas
883 4836 969 4891 hastas
984 4840 1069 4903 utique
1089 4838 1121 4888 M
1189 4837 1223 4889 26
1241 4840 1359 4907 ponimus
1376 4838 1410 4891 M
1649 4836 1650 4889 l
