3350 5442
624 339 861 402 COMMENTVM
1322 336 1387 401 295

1199 462 1220 501 p.
1233 450 1324 488 tta-44
1338 449 1360 488 L.

89 532 208 611 rentur3
236 543 376 588 cavernas
399 527 529 605 quidem,
553 527 604 588 sed
626 529 769 607 grandem
794 531 825 588 in
848 529 965 606 gurgite
987 527 1115 606 quidem,
1140 528 1192 588 sed
1216 536 1305 590 vasto.
1342 530 1385 589 sic

88 627 241 689 relevatur
263 628 320 690 hoc
335 616 454 690 'vitium

174 731 410 811 Cacosyntheton
439 739 484 792 est
510 757 529 792 a
553 742 582 793 ct
610 732 666 792 hoc
692 739 817 812 propter
848 731 993 794 clausulas
1023 734 1156 794 facimus.
1207 733 1384 814 plerumque

88 832 177 895 rerba
192 851 254 894 nou
268 841 348 894 stant
362 836 393 895 in
408 833 562 904 clausulis;
580 837 604 894 si
619 837 683 914 ipsa
698 843 862 905 convertas
878 841 1020 914 poterunt
1034 842 1124 906 stare,
1140 844 1173 896 ut
1189 840 1383 915 ‘versaque

63 938 283 1000 niuvencum
306 945 412 1015 terga
434 936 635 1015 fatigamus
656 937 790 998 hasta’.
828 936 971 998 naturalis
993 955 1092 999 sermo
1114 957 1175 998 non
1197 946 1314 1017 poterat
1328 958 1383 1018 per

88 1057 207 1100 versum
230 1056 362 1109 currere,
385 1057 470 1100 versa
491 1036 575 1099 hasta
597 1041 754 1100 iuvencum
776 1047 860 1118 terga
883 1040 1048 1116 fatigamus,
1071 1039 1101 1100 id
1124 1047 1168 1100 est
1189 1042 1382 1103 iuvencorum

87 1151 171 1219 terga
200 1142 369 1220 fatigamus:
405 1149 437 1201 ut
462 1142 558 1220 possit
585 1138 590 1223 Ι
614 1149 692 1202 stare
715 1140 765 1202 ille
786 1160 906 1211 versus,
934 1141 1098 1203 naturalem
1120 1161 1290 1204 sermonem
1311 1162 1382 1204 con-

87 1245 184 1304 vertit.
215 1243 295 1304 unde
319 1244 407 1304 etiam
422 1242 557 1324 plerique
580 1233 756 1305 notaverunt
775 1242 849 1305 illud
870 1243 948 1323 apud
964 1243 1152 1316 Ciceronem,
1176 1244 1235 1306 ‘ad
1257 1264 1383 1307 omnes

86 1365 187 1406 meos
209 1347 372 1426 impetus
400 1347 507 1423 quasi
535 1362 660 1406 murus
682 1345 832 1426 quidam
861 1345 950 1425 boni
977 1363 1110 1407 nomen
1136 1349 1382 1428 imperatoris

52 1450 323 1528 roopponitur’.
367 1447 508 1510 naturalis
536 1466 634 1509 sermo
662 1456 726 1509 erat
754 1447 824 1508 honi
851 1449 1041 1527 imperatoris
1069 1469 1178 1511 nomen
1207 1453 1381 1531 opponitur;

85 1552 246 1612 adfectavit
267 1557 366 1612 tamen
388 1549 567 1620 affluentiam
592 1559 621 1612 et
643 1550 806 1612 absolutam
831 1550 1029 1612 elocutionem
1052 1559 1081 1612 et
1103 1570 1274 1614 sermonem
1295 1561 1380 1615 natu·

85 1651 176 1714 ralem
201 1655 355 1714 convertit.
392 1653 466 1714 haec
488 1651 718 1733 cacosyntheton
742 1661 796 1723 est,
821 1670 898 1730 quae
921 1671 982 1715 non
1002 1671 1058 1732 per
1080 1661 1216 1716 naturam
1240 1654 1377 1716 scribun-

86 1763 138 1825 tur,
163 1751 219 1817 sed
240 1774 295 1835 per
317 1756 466 1836 quandam
489 1754 717 1817 adfectationem
740 1762 935 1837 praepostere
955 1755 1140 1817 scribuntur.

166 1855 354 1937 Amphibolia
377 1867 422 1919 est
444 1857 589 1918 dubitatio
611 1861 642 1918 in
664 1877 755 1920 sensu
778 1859 945 1920 constituta.
990 1860 1023 1919 ht
1050 1867 1150 1920 autera
1180 1871 1229 1921 aut
1258 1878 1312 1941 per
1335 1862 1379 1921 di-

51 1961 271 2024 ustinctiunem
295 1969 346 2022 aut
367 1979 421 2040 per
437 1979 595 2021 commune
611 1959 732 2044 verbum
756 1966 806 2020 aut
825 1979 881 2040 per
903 1962 1108 2022 accusativum.
1141 1980 1195 2042 per
1217 1962 1380 2023 distinctio·

85 2082 165 2123 uerri:
191 2069 261 2143 puta
285 2065 310 2122 si
333 2062 413 2124 dicas
435 2061 512 2123 ‘vidi
535 2070 660 2123 statuam
683 2081 804 2124 auream
826 2062 940 2123 hastam
963 2052 1142 2132 tenentem',
1165 2072 1255 2142 prout
1275 2064 1379 2126 distin·
1420 2106 1424 2112 .

85 2166 161 2226 reris
182 2183 303 2234 seusus,
332 2173 383 2227 aut
404 2172 530 2226 statuam
552 2164 645 2226 habos
666 2183 788 2226 auream
811 2164 911 2225 dicere
934 2173 963 2226 et
985 2165 1231 2246 qualemcumque
1252 2166 1377 2236 hastam,

83 2277 253 2346 argenteam
274 2268 405 2329 ferream
426 2265 613 2347 plumbeam,
643 2275 693 2328 aut
715 2266 829 2328 hastam
853 2286 973 2328 auream
997 2275 1026 2329 ct
1048 2267 1296 2348 qualemcumque
1318 2278 1377 2330 sta·

84 2379 170 2440 tuam,
197 2376 268 2450 puta
292 2375 414 2444 aeneam
437 2371 576 2431 ferream.
622 2371 648 2430 si
670 2371 710 2430 ita
733 2369 828 2440 dicae,
852 2369 929 2430 ‘viui
951 2378 1077 2431 statuam
1100 2389 1236 2441 auream,
1262 2371 1378 2433 hastam

50 2476 263 2543 utenentem',
294 2473 426 2534 ostendis
455 2490 575 2534 auream
602 2479 728 2534 statuam
761 2491 824 2533 esse
848 2481 877 2533 et
899 2472 1145 2553 qualemcumque
1167 2470 1296 2541 hastam:
1328 2482 1379 2534 aut

82 2573 154 2636 ‘vidi
179 2582 322 2644 statuam,
354 2593 475 2636 auream
498 2573 612 2637 hastam
635 2577 804 2635 tenentem'
828 2574 960 2636 ostendis
982 2573 1228 2653 qualemcumque
1251 2581 1377 2637 statuam

82 2677 196 2740 hastam
219 2696 341 2739 auream
363 2676 532 2739 habentem.
576 2678 647 2738 item
671 2695 725 2756 per
748 2679 948 2739 accusativum
971 2695 1085 2746 casum,
1109 2676 1186 2737 ‘vidi
1208 2686 1376 2740 secutorem

82 2781 236 2841 retiarium
259 2777 439 2850 occidisse',
470 2781 618 2840 incertum
648 2780 782 2859 estquis
811 2798 900 2858 quem
923 2779 1082 2847 occiderit,
1115 2785 1213 2841 utrum
1236 2782 1376 2843 retiarius

82 2890 248 2944 secutorem
272 2881 422 2951 occiderit,
448 2891 499 2943 aut
520 2882 674 2943 retiarium
697 2887 832 2951 secutor,
855 2883 1002 2943 incertum
1026 2888 1077 2943 est.
1098 2879 1104 2964 Ι
1124 2883 1194 2943 item
1217 2901 1272 2963 per
1294 2903 1375 2946 com-

50 3003 169 3046 esmunc
193 2983 330 3046 verbum:
366 2985 390 3044 si
418 2984 499 3045 dicas
521 2983 662 3045 ‘radatur
689 2984 825 3054 Cicern',
854 2986 1002 3045 incertum
1031 2992 1088 3053 est.
1120 2986 1311 3064 utrumipse
1339 2987 1376 3047 ad

83 3086 280 3148 vadimonium
305 3085 454 3155 trahatur;
484 3087 678 3148 ‘criminatur
701 3085 789 3148 Cato'
818 3093 918 3148 utrum
947 3089 1010 3167 ipse
1037 3087 1212 3148 criminetur
1235 3087 1374 3168 aliquem,

81 3207 115 3249 an
138 3187 175 3251 ab
198 3187 294 3250 altero
324 3188 360 3249 ad
390 3191 504 3250 crimen
533 3187 677 3251 trahatur.
723 3187 830 3249 deinde
856 3197 926 3249 sunt
953 3190 1043 3250 etiam
1070 3187 1218 3269 plurimae
1246 3192 1373 3269 species,

81 3309 151 3371 quas
175 3293 268 3352 vitare
291 3289 444 3352 dehemus

8 3385 9 3406 l
160 3393 240 3472 Ergo
262 3395 317 3454 ista
340 3401 410 3454 sunt
432 3392 589 3454 duodecim
610 3393 687 3461 vitia,
712 3411 787 3472 quac
802 3398 916 3454 tantum
931 3390 1048 3453 vitanda
1070 3401 1148 3464 sunt,
1172 3381 1375 3455 barbarismus

8 3515 9 3534 ³
58 3519 78 3559 :o
90 3496 282 3558 soloecismus
314 3495 479 3577 acyrologia
514 3495 716 3574 cacenphaton
749 3495 946 3575 pleonasmos.
970 3496 1162 3574 perissologia
1196 3493 1373 3575 macrologia

8 3587 10 3612 Γ
81 3597 236 3678 tautologia
265 3597 381 3678 eclipsis
411 3599 555 3679 tapinosis
584 3597 813 3676 cacosyntheton
849 3594 1044 3676 amphibolia;
1083 3599 1140 3658 ista
1172 3606 1241 3658 sunt
1263 3597 1373 3658 duode-

82 3702 146 3762 cim.
184 3709 214 3761 et
236 3709 392 3780 postquam
415 3699 517 3760 docuit
537 3701 614 3771 vitia,
638 3718 714 3779 quac
739 3698 854 3760 vitanda
876 3705 961 3769 sunt,
984 3700 1090 3779 incipit
1110 3701 1168 3759 iam
1192 3701 1320 3761 transire
1341 3703 1373 3760 iu

81 3813 230 3873 ornatum,
256 3811 285 3863 et
306 3803 404 3882 ipsum
428 3811 565 3864 ornatum
589 3802 744 3882 tripliciter
767 3800 882 3871 dividit,
912 3803 943 3861 in
966 3801 1188 3881 metaplasmos,
1216 3803 1247 3861 in
1270 3809 1372 3882 tropos

81 3908 156 3966 etin
179 3904 339 3972 schemata.
384 3906 415 3966 in
443 3903 580 3966 omnihus
607 3905 727 3986 quidem
752 3903 864 3965 artibus
886 3903 1000 3965 hahetis
1022 3905 1094 3964 istas
1117 3911 1178 3964 tres
1200 3902 1370 3964 divisiones.
1449 3933 1452 3939 ,
1501 3888 1510 3896 ⁵

51 4009 149 4068 sistas
171 4026 231 4068 non
254 4005 384 4068 habetis:
420 4007 489 4086 quid
517 4009 642 4068 interest
668 4006 1016 4086 intermetaplasmum,
1044 4004 1116 4085 quid
1142 4007 1267 4066 interest
1291 4007 1372 4067 iuter

81 4117 178 4190 tropos
202 4116 232 4170 ct
253 4110 332 4170 inter
360 4108 524 4180 schemata,
553 4109 610 4170 hoc
638 4107 739 4170 nullus
768 4109 957 4188 artigraphus
985 4109 1083 4189 potuit
1105 4106 1219 4176 dicere:
1254 4106 1370 4169 habetis

85 4267 89 4269 -
107 4265 379 4272 -—..—-.--..-..----

8 4361 9 4422 y
146 4350 158 4400 l
179 4349 204 4398 in
226 4345 339 4414 gurgite]
359 4349 392 4410 ef.
410 4345 482 4398 Seru.
504 4349 529 4396 io
552 4349 632 4413 Verp.
653 4347 719 4397 Aea.
744 4349 753 4396 i
773 4346 832 4400 118.
853 4346 886 4396 lli
908 4345 957 4398 197
1027 4347 1155 4397 atacem
1173 4361 1246 4412 quum
1264 4347 1374 4399 arduum·

8 4437 9 4480 ;
83 4419 184 4479 dfiaide
201 4417 480 4484 cacosyntheta'excidit
549 4420 635 4467 duan
653 4427 720 4468 stant
739 4419 760 4467 G
776 4431 825 4466 non
846 4426 962 4467 constant
977 4415 1059 4466 BSP
1128 4413 1264 4482 versaque]
1290 4417 1370 4483 Verp.

8 4541 9 4550 y
84 4489 140 4542 den.
161 4489 229 4539 Vllll
248 4487 301 4538 609
371 4487 476 4552 Sapud
495 4485 695 4553 CiceronemJtn
718 4489 861 4539 Vernact.
880 4503 931 4537 aee.
951 4488 975 4535 V
994 4488 1052 4550 t,2
1124 4487 1157 4537 10
1174 4488 1306 4550 inponitur
1322 4503 1368 4551 po-

83 4562 182 4609 stertere
199 4561 254 4609 loco
271 4557 297 4606 B
367 4559 399 4610 12
416 4557 481 4608 haec
500 4557 697 4622 cacosyntheton
719 4566 757 4606 est
776 4571 840 4623 quae
858 4572 903 4622 per
921 4565 1035 4606 naturam
1060 4556 1203 4606 scribuntur
1221 4571 1268 4620 per
1287 4573 1368 4622 quan-

8 4639 10 4672 ῑ
84 4629 135 4676 darn
154 4628 348 4680 adfectationem
372 4637 520 4694 propostere
538 4628 681 4677 scribuntur
700 4627 720 4677 0
737 4627 800 4678 haee
818 4625 1005 4677 cucosintheton
1026 4634 1065 4676 est
1080 4642 1145 4691 quae
1164 4641 1215 4675 non
1233 4641 1279 4690 per
1298 4638 1369 4678 natu-

84 4711 129 4746 ram
144 4700 261 4750 scribitur
277 4698 323 4747 sed
337 4712 384 4762 per
403 4739 512 4753 .......
530 4708 708 4763 praeposteres
726 4699 838 4748 scribunt
850 4698 882 4750 P.
900 4699 1012 4760 sortasse
1026 4712 1087 4763 ergo
1106 4695 1312 4762 cacosyntheton
1331 4707 1370 4748 est

85 4768 166 4818 vitiosa
187 4769 335 4835 compositio
355 4770 492 4819 dictionum
512 4785 578 4830 quae
597 4785 652 4834 sqq.
724 4777 763 4818 est
781 4783 826 4821 om.
849 4767 901 4816 BS
969 4767 1002 4818 13
1022 4768 1189 4817 adfectionem
1211 4766 1260 4818 BS
1338 4767 1371 4818 19

85 4836 188 4906 aeneam]
205 4854 304 4890 aeream
323 4839 344 4890 G
351 4840 374 4888 P
389 4838 491 4890 dureem
509 4837 562 4889 ΒΕ
630 4837 664 4890 26
682 4839 828 4890 criminetur
848 4839 957 4901 aliquem
974 4837 1009 4888 S:
1027 4839 1138 4902 aliquem
1154 4853 1200 4892 om.
1217 4838 1242 4888 B
1254 4832 1272 4886 Ο
1284 4837 1309 4888 P
