3350 5442
673 398 745 459 Ans
1292 398 1353 462 377
1454 464 1460 477 ,

1159 518 1181 560 p.
1194 508 1252 548 2064.
1266 506 1292 549 65
1305 506 1328 547 P.

59 590 156 649 lectae
179 588 308 655 formae,
332 591 364 645 ut
386 587 507 664 quiesco
529 604 701 648 consuesco.
747 589 819 647 item
842 594 911 647 sunt
933 606 1008 667 quae
1031 588 1266 649 inchoativorum
1288 606 1353 648 ver·

59 690 169 752 horum
192 687 417 749 similitudinem
439 696 674 767 repraesentant,
690 707 758 750 cum
779 688 946 750 inchoativa
968 708 1026 750 non
1049 692 1118 759 sint,
1143 697 1175 750 ut
1196 708 1353 771 conpesce,

60 812 136 872 quae
159 791 229 852 inde
252 788 453 867 intellegimus
481 791 650 853 inchoativa
677 810 737 852 non
759 809 840 861 esse,
864 794 1004 871 quoniam
1026 791 1136 853 habent
1158 795 1354 871 praeteritum

61 901 199 973 tempus,
223 911 281 972 quo
302 891 469 953 inchoativa
492 911 595 953 carere
618 894 757 955 diximus.
802 900 957 972 practerea
980 896 1055 954 liunt
1076 896 1165 954 etiam
1188 914 1204 955 a
1226 898 1353 957 nomini-

37 995 118 1057 abac
141 995 309 1056 inchoativa
331 991 435 1055 verba:
465 993 503 1054 ab
532 995 722 1075 appellativo,
752 1003 784 1055 nt
812 1012 902 1073 aeger
931 998 1094 1074 aegrescit,
1124 1000 1299 1077 aproprio,
1322 1004 1356 1058 ut

61 1098 208 1157 Antonius
229 1098 405 1157 antonescit.
450 1096 486 1157 de
508 1097 691 1159 meditativis
719 1096 836 1158 abunde
860 1098 957 1158 estid
981 1098 1059 1178 quod
1081 1115 1171 1177 supra
1193 1099 1332 1161 diximus.

147 1198 232 1260 Nunc
255 1200 394 1279 quoniam
417 1206 446 1258 et
468 1199 571 1260 modos
594 1206 625 1261 et
645 1201 757 1261 lormas
773 1200 935 1276 diligenter
950 1201 1179 1279 explicavimus
1202 1219 1257 1280 per
1279 1220 1354 1281 quae

62 1301 235 1381 qualimtem
263 1320 338 1380 quae
365 1297 457 1360 verbo
485 1302 593 1363 accidit
621 1302 753 1380 intellegi
786 1320 872 1382 posse
905 1301 1124 1381 praediximus,
1155 1303 1365 1373 ostendemus,

62 1422 138 1482 qnae
161 1402 252 1464 rerba
274 1403 319 1463 vel
341 1406 373 1463 in
395 1403 491 1463 modis
513 1404 660 1465 defectiva
682 1406 743 1465 sint
763 1404 809 1463 rel
837 1406 868 1464 in
893 1405 1007 1465 lormis
1031 1406 1083 1489 =in
1107 1402 1217 1484 quihus
1243 1404 1354 1484 aliquid
1453 1470 1457 1480 ,

29 1515 52 1554 ¹⁰
64 1505 266 1585 exemplorum
296 1507 368 1566 satis
395 1512 441 1565 est
468 1506 621 1576 collocari,
652 1506 687 1566 erl
715 1505 825 1585 quihus
853 1506 910 1567 alia
938 1508 989 1585 qui
1012 1505 1184 1583 diligentius
1206 1514 1357 1567 scrutetur

64 1610 205 1668 inveniet.
250 1606 375 1667 verbum
398 1608 471 1668 cedo
494 1627 549 1687 per
572 1627 675 1669 omnes
698 1608 801 1669 modos
824 1607 941 1677 deficit,
971 1609 1039 1687 quia
1063 1610 1203 1668 nonnisi
1226 1610 1356 1687 impera-

65 1712 115 1770 tivi
132 1710 213 1770 modi
228 1716 284 1769 est.
315 1711 386 1770 item
408 1728 529 1789 possum
551 1717 582 1771 et
605 1713 652 1772 aio
674 1708 765 1772 verba
788 1712 998 1788 imperativum
1022 1709 1141 1769 modum
1160 1728 1219 1770 non
1234 1709 1355 1771 habent.

64 1814 93 1871 in
122 1813 220 1873 lorma
248 1817 347 1871 antem
375 1811 593 1891 frequentativa
621 1812 800 1874 defectivum
829 1819 875 1872 est
897 1811 975 1891 quod
997 1811 1085 1890 paulo
1107 1817 1174 1871 ante
1197 1814 1256 1872 iam
1279 1812 1356 1873 dixi-

64 1934 147 1984 mus,
170 1915 285 1974 lacesso
312 1913 358 1973 vel
381 1933 520 1993 capesso:
544 1916 684 1994 quoniam
706 1913 886 1991 regulariter
915 1915 1012 1993 prima
1035 1914 1205 1990 coniugatio
1227 1916 1356 1975 inveniri

32 2016 174 2076 1⁵debeat
201 2018 232 2076 in
261 2016 492 2096 frequentativo,
523 2023 620 2096 potest
649 2017 743 2078 rideri
774 2016 941 2076 delectione
971 2016 1097 2095 quadam
1119 2016 1355 2094 frequentativac

65 2120 178 2179 lormae
200 2118 301 2197 regida
324 2136 384 2178 nou
406 2120 513 2179 teneri.

150 2218 296 2299 Tempora
318 2219 418 2281 verbis
439 2223 605 2298 generatim
627 2221 765 2281 accidunt
788 2223 860 2289 tria,
892 2238 967 2300 qnae
990 2219 1135 2281 naturalia
1158 2220 1352 2299 appellantur,
1366 2230 1424 2291 384,
1443 2230 1475 2277 1o

67 2340 222 2399 praesens,
250 2325 448 2400 praeteritum
477 2330 508 2382 et
535 2324 678 2383 loturum.
723 2324 775 2384 sed
797 2325 953 2403 praeteriti
983 2324 1127 2401 temporis
1149 2321 1357 2383 distinctiones

68 2432 128 2483 tres
150 2425 358 2485 inveniuntur:
389 2444 464 2494 nna,
492 2443 568 2505 quae
597 2433 642 2485 est
669 2428 753 2505 quasi
776 2427 993 2494 vetustissima,
1016 2442 1105 2503 qnam
1128 2423 1255 2484 dicimus
1276 2423 1356 2503 plus·

34 2526 334 2604 tequamperlectam,
359 2534 391 2586 ut
413 2533 459 2591 est
480 2534 669 2596 cucurrerat;
693 2528 751 2590 alia
772 2531 907 2607 proxima
929 2527 1015 2595 huic,
1048 2544 1124 2606 quae
1148 2531 1193 2585 cst
1214 2526 1355 2604 perlecta,

69 2634 99 2687 ut
127 2635 172 2688 est
200 2630 348 2699 cucurrit;
378 2631 481 2700 tertia,
511 2648 587 2709 quae
615 2630 781 2708 inperfecta
809 2629 988 2710 appellatur,
1018 2634 1051 2688 ut
1078 2634 1123 2687 est
1150 2626 1303 2697 currebat;
1328 2634 1357 2687 et

68 2729 121 2790 hac
145 2730 303 2792 artificales
323 2730 473 2791 dicuntur.
509 2748 581 2810 ergo
604 2733 703 2791 omnia
726 2739 860 2811 tempora
883 2734 1014 2811 quinque
1038 2736 1119 2798 sunt,
1149 2730 1356 2808 inperfectum,

69 2838 101 2891 ut
121 2831 294 2901 currebam,
318 2833 499 2911 perlectum,
524 2840 558 2893 ut
579 2834 714 2902 cucurri,
738 2818 1077 2913 plusquamperfectum,
1101 2838 1134 2892 ut
1156 2849 1356 2899 cucurreram,

70 2951 224 3012 praesens,
248 2942 281 2994 ut
303 2952 407 3004 curro,
430 2935 580 3004 futurum,
603 2943 638 2996 ut
660 2953 789 2996 curram.
819 2953 875 3014 per
889 2934 962 2995 haec
985 2942 1118 3014 tempora
1141 2936 1273 2994 omnium
1295 2952 1357 2993 mo·

36 3034 174 3096 edorum
196 3034 287 3095 verba
310 3037 506 3097 declinantur.
550 3037 671 3117 qnidam
693 3045 793 3098 tamen
816 3036 1013 3098 adnumerant
1035 3038 1191 3115 praeteriti
1216 3038 1359 3117 temporis

72 3146 75 3156 '
98 3143 128 3197 et
148 3138 242 3197 luturi
265 3137 356 3199 verba
378 3139 522 3199 ulteriora
544 3142 576 3199 in
598 3142 738 3219 passivis,
762 3157 838 3219 quae
854 3142 886 3199 in
902 3138 1100 3199 declinatione
1122 3156 1277 3217 ponemus.
1306 3138 1358 3197 scd

71 3242 146 3300 scire
168 3238 312 3300 debemus
333 3240 517 3319 quorundam
540 3242 693 3305 modorum
718 3240 808 3302 verba
836 3242 1016 3319 regulariter
1044 3258 1102 3301 non
1124 3258 1212 3319 posse
1235 3258 1359 3300 currere

71 3359 124 3420 per
145 3342 243 3401 omnia
265 3348 415 3421 tempora,
438 3350 471 3403 ut
493 3360 563 3403 ecce
585 3346 616 3403 in
640 3346 815 3423 imperativo
837 3343 925 3403 modo
948 3344 1144 3421 praeteritum
1168 3350 1294 3422 tempus,
1318 3345 1358 3403 si·

72 3451 121 3503 cut
141 3462 231 3523 supra
253 3446 312 3504 iam
340 3445 483 3516 diximuS,
512 3444 602 3506 rerba
633 3464 691 3506 non
720 3445 878 3513 exhibent,
909 3446 978 3524 quia
1001 3462 1087 3503 nemo
1109 3445 1140 3503 in
1163 3446 1359 3522 praeteritum

39 3552 62 3593 ω
73 3548 205 3625 imperat.
229 3547 396 3608 inchoativa
414 3566 530 3628 quoque
549 3546 640 3609 verba
656 3549 853 3627 praeteritum
866 3563 924 3605 non
935 3544 1056 3606 habent.
1086 3546 1226 3606 infinitivi
1241 3564 1358 3625 quoqne

74 3648 149 3708 modi
176 3646 300 3708 verbnm
323 3656 384 3718 est,
408 3660 441 3711 ut
463 3658 508 3711 est
529 3649 645 3727 legere,
676 3650 733 3709 lroc
755 3655 853 3709 tamen
876 3648 1032 3726 praeteriti
1055 3648 1198 3727 temporis
1220 3647 1359 3708 dilleren-

74 3752 129 3810 tias
149 3769 208 3811 non
231 3751 349 3829 recipit.
394 3750 559 3812 declinatur
588 3753 668 3811 enim
694 3752 752 3819 sic,
776 3756 909 3829 tempore
932 3749 1034 3810 lntmo
1055 3748 1164 3809 lectum
1189 3751 1248 3819 ire,
1271 3768 1359 3831 prae·

75 3855 159 3911 terito
180 3852 300 3931 legisse.
345 3854 385 3913 ita
414 3870 485 3931 ergo
514 3856 544 3914 in
571 3854 734 3932 praeterito
757 3858 820 3912 tres
841 3851 909 3913 illae
932 3850 1118 3911 differentiae
1144 3848 1190 3930 [in
1213 3852 1360 3912 infinitivo

76 3952 170 4033 modo]
204 3973 264 4015 nou
297 3957 503 4025 inveniuntur,
543 3957 706 4035 praeterito
744 3956 910 4039 inperfecto
947 3971 1072 4033 prorsus
1108 3971 1167 4013 non
1203 3954 1359 4013 existente.

44 4057 143 4115 ³⁶item
164 4065 233 4117 sunt
255 4056 361 4127 rerba,
385 4077 512 4137 quorum
534 4060 578 4119 vis
601 4077 668 4119 cum
691 4060 722 4117 in
744 4057 895 4137 praesenti
919 4055 963 4117 vel
986 4058 1017 4116 in
1040 4056 1204 4135 praeterito
1231 4056 1284 4123 sit,
1314 4055 1328 4114 l
1348 4086 1360 4099 ·

78 4165 169 4218 turum
201 4158 314 4219 habere
345 4177 405 4219 non
436 4168 576 4239 possunt,
605 4168 637 4221 nt
666 4160 762 4228 soleo,
791 4158 897 4219 solitus
926 4175 1006 4227 sum,
1038 4157 1178 4218 solebam.
1223 4158 1361 4235 quoniam

145 4400 160 4447 2
180 4405 370 4463 repraesentant
386 4395 526 4447 Stenarum
544 4403 706 4462 praesentant
722 4398 777 4449 BL
802 4402 931 4462 praestant
949 4394 981 4445 M
1062 4393 1079 4445 6
1097 4396 1247 4445 antoniescit
1263 4396 1297 4447 M

83 4467 146 4528 qood
163 4469 348 4534 supradictum
367 4476 406 4517 est
425 4467 487 4518 ML
557 4466 755 4517 8ostendamus
771 4468 826 4518 BL
898 4466 931 4517 10
949 4466 998 4515 slis
1016 4464 1094 4513 uerba
1112 4465 1155 4527 qni
1175 4464 1208 4514 M
1278 4466 1307 4517 ll
1325 4466 1363 4514 in-

84 4537 204 4588 ueniatB
273 4536 306 4589 13
324 4537 400 4603 paulo
420 4545 477 4586 ante
496 4538 609 4588 diximus
629 4547 656 4586 nt
679 4536 779 4588 lacesso
798 4537 854 4587 BL
923 4536 956 4586 ld
974 4535 1075 4601 cepisse
1094 4536 1118 4583 L
1188 4535 1221 4587 19
1243 4544 1364 4601 quaeest

85 4608 153 4667 qussi
165 4609 337 4658 uetustissima
355 4622 431 4671 qnam
449 4608 561 4657 diximus
580 4606 855 4673 plusquamperfectum
867 4606 922 4657 BL
937 4620 1002 4670 quse
1019 4604 1192 4653 uetustissima
1208 4620 1282 4669 qnam
1299 4606 1364 4657 diei-

85 4691 140 4724 mus
156 4677 429 4744 plusquamperfectum
450 4677 481 4726 M
557 4672 1078 4727 21ethaeearttoeansdicaturum
1149 4673 1183 4723 26
1202 4678 1322 4739 ponimns
1340 4673 1365 4723 B

130 4746 162 4798 18
172 4756 198 4798 nt
212 4764 270 4799 ecce
288 4749 440 4813 imperatino
454 4747 520 4797 ΒΜ
523 4750 547 4797 L
565 4756 592 4795 nt
610 4747 635 4796 in
655 4748 803 4813 imperatiuo
821 4745 960 4797 Sicdcrdna
1012 4744 1045 4797 31
1065 4744 1169 4794 uerbum
1185 4754 1211 4794 ut
1226 4754 1264 4795 est
1280 4744 1364 4811 legere

83 4813 113 4863 M
127 4818 223 4867 uerbum
241 4828 280 4869 est
297 4820 384 4885 legere
403 4817 426 4866 h
443 4826 483 4866 est
501 4818 585 4883 legere
603 4818 629 4866 B
696 4818 730 4867 32
748 4818 906 4867 declinantur
923 4832 993 4869 corr.
1012 4815 1154 4864 declinatur
1168 4814 1192 4863 B
1208 4814 1365 4867 declinantur

85 4884 144 4935 ML
206 4888 238 4939 33
258 4891 283 4938 in
302 4888 428 4938 inflnitino
445 4888 520 4937 modo
534 4902 579 4939 mn.
596 4886 658 4937 ML

135 4977 302 5021 eanimurum
319 4979 415 5033 tarini
426 4979 452 5022 r.
1121 4968 1163 5033 25
