3350 5442
642 360 877 423 couttdbtvtt
1350 352 1410 421 105

1238 466 1384 520 pai-sac.

105 568 127 610 u
156 548 260 611 littera
290 568 348 611 nec
376 547 486 611 vocalis
513 567 579 610 csse
607 566 663 609 uec
690 566 871 617 consonans,
896 546 947 609 sed
972 566 1041 627 pars
1063 566 1127 609 esse
1148 548 1265 609 litterae
1286 566 1408 627 praece·

104 652 220 713 dentis.

194 754 252 815 Est
274 756 364 816 etiam
388 754 551 834 digammos
571 757 627 815 ista
650 775 668 816 n
691 754 798 817 littera.
829 756 900 833 qaid
917 761 963 815 εει
977 754 1157 833 digammosi
1180 752 1284 814 Graeci
1301 742 1508 813 ΙιιιιιειιιΨΜ

104 859 209 917 varias
234 856 365 935 linguas.
388 861 459 919 item
482 866 607 918 estana
631 856 729 935 lingua
751 876 828 937 quae
851 857 958 919 dicitur
981 857 1109 918 Aeolica.
1146 856 1223 937 apud
1248 858 1320 916 istos
1335 860 1408 917 deo·
1422 812 1482 940 {bb}
1498 812 1528 926 bb

76 958 183 1019 siiroa
209 968 338 1021 estana
361 960 459 1021 littera
488 978 562 1038 quae
589 958 752 1040 appellatur
781 960 959 1038 digammos,
984 960 1067 1039 qnasi
1090 958 1148 1019 dno
1171 975 1284 1037 gamma
1308 976 1412 1036 snper·

102 1064 221 1141 posita,
268 1063 343 1122 baec
362 1049 462 1123 littera
486 1062 650 1139 digammos
672 1062 728 1122 boc
752 1068 898 1142 praestat,
928 1070 960 1122 ιιι
982 1064 1120 1141 pinguem
1144 1079 1248 1121 sonum
1272 1061 1360 1120 iaciat
1381 1061 1411 1120 in

101 1162 295 1240 quibusdam
317 1163 516 1226 sermonibus.
547 1182 642 1244 paene
665 1172 694 1225 et
716 1164 793 1244 apud
808 1164 926 1224 Latinos
941 1164 1018 1224 idem
1035 1182 1125 1223 sonus
1141 1170 1193 1224 est.
1225 1179 1413 1223 erceomnes

101 1268 147 1325 ita
171 1266 296 1335 dir-not,
320 1266 426 1337 Eiena;
450 1267 492 1328 iiii
515 1266 759 1336 dicunthlena,
784 1266 895 1327 addunt
917 1267 1055 1345 pinguem
1079 1268 1167 1327 istum
1191 1284 1306 1326 sonum.
1342 1260 1412 1341 ergo

100 1376 155 1429 εει
183 1368 335 1448 quaedam
364 1369 462 1431 littera
490 1369 566 1449 apud
595 1368 738 1436 Graecos,
768 1384 843 1445 qnae
872 1368 1035 1445 digammos
1057 1368 1173 1429 dicitur.
1219 1366 1291 1427 haec
1314 1366 1411 1427 addita

59 1487 87 1523 ιε
101 1474 260 1551 pinguem
283 1489 387 1531 sonum
411 1472 482 1531 iacit
503 1474 534 1531 in
557 1479 682 1539 tantum,
706 1478 739 1530 nt
761 1469 852 1529 muita
876 1468 964 1529 iatina
988 1489 1042 1548 per
1057 1470 1224 1548 digammon
1247 1471 1306 1530 sint
1328 1486 1412 1547 grae·

102 1592 187 1633 carn.
226 1582 298 1652 puta
319 1572 459 1634 dicebant
473 1574 599 1641 Enetum
623 1572 699 1633 adde
721 1572 905 1651 digammon,
931 1580 960 1631 ει
981 1572 1104 1631 iacimus
1121 1572 1262 1640 Venetus,
1286 1578 1319 1631 ut
1339 1572 1413 1631 scias

101 1678 260 1755 quoniam
284 1677 410 1737 societas
433 1678 471 1735 sit
492 1674 601 1737 latinae
628 1674 747 1752 linguae
777 1683 807 1735 et
827 1672 979 1744 Aeoiicae,
1010 1683 1042 1735 ut
1064 1674 1228 1751 digammos
1251 1673 1347 1734 addita
1370 1671 1412 1733 la·

102 1781 193 1839 tinos
209 1779 303 1837 iaciat
316 1796 480 1838 sermones.
513 1796 585 1856 ergo
600 1796 618 1833 r
633 1775 729 1837 littera
747 1776 877 1837 Romana
894 1774 1025 1853 iungitur
1042 1777 1139 1837 cilicio
1162 1775 1240 1837 iliius
1263 1776 1411 1854 digammi‚

102 1880 140 1940 id
164 1888 216 1940 est
239 1878 308 1940 tatis
329 1886 374 1939 εει
395 1878 473 1959 apud
496 1898 550 1939 nos
572 1899 588 1937 v
610 1878 722 1947 littera,
746 1878 842 1956 quatis
865 1886 909 1939 est
924 1878 1001 1959 apnd
1018 1878 1147 1939 Graecos
1169 1878 1332 1955 digammos
1354 1875 1411 1938 itta.
1452 1874 1454 1879 ⁴

59 1998 180 2043 mnam
206 2001 271 2061 quo
299 1982 387 2042 modo
419 1980 478 2042 ibis
506 1981 671 2060 digammos
699 1982 839 2060 pinguem
864 1999 970 2041 sonum
994 1980 1076 2054 iacit,
1101 1982 1144 2041 sic
1167 1983 1253 2041 ctiam
1277 1998 1294 2037 r
1316 1980 1412 2040 littera

102 2088 218 2145 iuncta
237 2084 360 2145 verbnm
376 2085 487 2163 pingue
503 2085 582 2145 iacit.
611 2086 635 2144 si
660 2082 721 2143 sola
745 2086 797 2152 sit,
822 2084 919 2143 tenuis
942 2101 1032 2144 sonus
1055 2090 1111 2151 est3
1135 2084 1159 2143 si
1175 2084 1314 2160 iungatur
1329 2081 1413 2143 atteri

103 2186 228 2254 vorati,
251 2186 418 2264 digammos
440 2187 472 2246 tit
493 2188 607 2255 statim,
630 2194 663 2246 ut
685 2194 737 2250 est
750 2184 833 2245 iliud.
859 2184 972 2245 vatidus
994 2202 1053 2245 non
1069 2182 1127 2244 tale
1144 2194 1202 2253 est,
1221 2180 1224 2268 1
1244 2185 1317 2245 acsi
1333 2184 1413 2245 dicas

102 2288 266 2349 Velenus?
289 2288 366 2348 idem
382 2306 473 2348 sonus
489 2298 542 2348 est.
574 2305 646 2365 ergo
668 2307 685 2347 ι
707 2286 804 2347 littera
827 2287 904 2366 apud
929 2305 982 2346 nos
1005 2287 1137 2363 [utigitur
1152 2286 1248 2347 officio
1264 2286 1412 2363 digammi,

100 2393 132 2451 si
156 2393 265 2452 iuncta
290 2391 378 2449 inierit
400 2388 487 2450 alteri
510 2389 611 2451 vocali.
643 2398 688 2449 est
710 2388 758 2448 bic
780 2388 889 2466 aliquid
913 2390 943 2448 in
967 2407 1025 2467 quo
1047 2390 1215 2467 vituperare
1238 2391 1334 2468 possis
1357 2386 1412 2448 bo·

56 2501 239 2560 sanatum,
262 2509 322 2552 non
345 2494 375 2551 in
399 2494 519 2571 peritia,
542 2490 593 2552 sed
616 2493 647 2551 in
671 2489 815 2570 exemplo.
849 2494 890 2551 ait
911 2492 968 2560 sic,
992 2494 1115 2551 ‘servus
1137 2490 1268 2568 vulgus’.
1313 2507 1412 2549 rerum

102 2606 172 2663 εει,
197 2596 344 2674 pinguius
363 2602 450 2654 sonat
470 2614 587 2665 servus,
611 2612 671 2654 non
686 2612 787 2661 serus,
811 2592 930 2669 vulgus,
956 2611 1015 2652 non
1037 2590 1134 2670 ulgus:
1158 2610 1227 2652 vere
1249 2590 1414 2671 digammos

14 2728 19 2733 v
101 2708 165 2759 est.
218 2696 274 2757 sed
302 2695 467 2776 exemplum
495 2715 554 2756 non
583 2703 627 2756 cst
654 2704 769 2775 aptum,
798 2696 936 2775 quoniam
965 2696 1061 2755 omnis
1091 2694 1254 2769 digammos
1283 2694 1412 2753 detracta

100 2800 192 2860 redit
218 2798 256 2857 ad
281 2797 446 2860 naturalem
467 2816 583 2859 sonum.
630 2806 700 2879 puta
723 2796 841 2877 quando
865 2796 931 2857 dico
954 2796 1080 2865 vatidus,
1105 2796 1174 2855 totle
1197 2795 1265 2856 inde
1287 2813 1319 2863 v,
1344 2794 1414 2854 iacit

100 2900 230 2967 aiidus;
253 2900 372 2977 quando
395 2900 461 2960 dico
483 2901 626 2969 Venetus,
657 2899 726 2960 tolie
748 2898 869 2968 iader,
893 2908 1028 2960 remanet
1049 2898 1173 2965 Euctus.
1204 2895 1344 2957 naturalis
1366 2916 1413 2957 sn·

57 3023 86 3060 ‚⁴⁵
102 3023 185 3070 nus:
212 3002 336 3081 quando
358 3002 423 3063 dico
446 3004 503 3073 vir,
527 2999 597 3062 totle
620 3001 690 3061 inde
712 3020 745 3072 r,
769 3008 905 3062 remanet
921 3000 1063 3061 naturalis
1077 3018 1166 3063 sonus
1188 3002 1222 3061 ir.
1253 2998 1412 3069 videamus,

99 3115 220 3167 utrum
248 3104 364 3183 possint
391 3107 444 3164 ista
472 3100 606 3183 exempla
634 3106 674 3164 ita
702 3085 848 3164 constare.
893 3104 1009 3179 uulgus,
1033 3102 1103 3164 tolie
1126 3122 1155 3161 v:
1179 3100 1321 3179 numquid
1347 3102 1415 3162 iacit

99 3208 225 3285 ulgus?
257 3205 380 3275 ruinas,
404 3205 546 3285 numquid
569 3206 637 3265 t'acit
661 3205 765 3266 uinus?
795 3204 954 3287 [naturalis
975 3204 1088 3286 sonus]
1135 3222 1205 3283 ergo
1229 3221 1291 3264 rem
1317 3222 1414 3263 reram

101 3311 206 3377 dixit,
233 3307 399 3388 exemptum
424 3316 521 3371 tamen
544 3326 604 3368 non
627 3308 759 3387 protulit.
805 3307 949 3368 debuerat
971 3310 1048 3368 enim
1073 3306 1131 3367 tale
1154 3305 1321 3384 exemptum
1344 3323 1413 3384 pro·

100 3415 215 3479 terre,
239 3410 292 3470 nbi
313 3412 405 3489 possit
428 3430 444 3467 r
465 3418 495 3469 ct
516 3409 584 3469 addi
607 3418 636 3469 ει
657 3410 773 3470 detrahi
797 3408 841 3490 [ct
862 3417 963 3489 posset
984 3410 1014 3469 in
1038 3415 1163 3486 utraque
1185 3406 1296 3488 parte].

62 3535 86 3572 aa
200 3514 350 3592 Superest
375 3511 447 3573 iliud
475 3530 578 3573 unum.
621 3511 756 3572 ilittera
784 3513 930 3590 geminari
956 3492 1166 3591 potest'ttrnm
1196 3510 1314 3587 quando
1336 3502 1513 3593 inconditi

101 3617 186 3677 duas
213 3614 331 3676 vocatos
353 3623 398 3675 cst
419 3616 577 3675 constituta
598 3615 629 3674 in
653 3633 712 3675 nna
734 3621 817 3694 parte
846 3616 996 3675 orationis.
1042 3620 1110 3693 puta
1135 3612 1222 3682 Maia,
1247 3611 1301 3672 bac
1324 3610 1414 3671 habet
1427 3570 1531 3631 521‚34

103 3740 122 3780 a
149 3728 183 3779 ει
209 3717 268 3778 hac
296 3716 387 3777 babet
408 3735 439 3787 a,
465 3718 543 3777 inter
570 3715 643 3777 duas
669 3714 784 3777 vocales
806 3718 954 3776 invonitur
975 3716 1000 3785 i;
1029 3717 1090 3784 aio,
1114 3714 1168 3775 hac
1193 3713 1333 3783 habeta,
1358 3713 1413 3772 hac

102 3820 208 3883 babet
238 3838 271 3887 o;
300 3828 330 3879 et
352 3819 408 3878 alia
439 3814 520 3902 [puta
543 3817 633 3880 huius
654 3817 760 3900 Maiae]
784 3818 900 3878 similia.
946 3818 1211 3897 quotienscumque
1239 3816 1317 3876 inter
1340 3814 1413 3875 duas

102 3922 236 3985 recales
256 3922 406 3981 invenitur
428 3922 452 3990 i,
483 3938 537 3999 pro
560 3920 674 3981 duabus
696 3918 937 4002 consossnantibus
960 3918 1094 3979 babetur.
1140 3925 1170 3977 ct
1191 3918 1247 3977 hoc
1269 3918 1413 3994 contingit

66 4030 115 4088 :ai
152 4026 280 4085 iittcrae
312 4031 425 4083 tantum
459 4022 561 4093 modo,
595 4041 615 4082 u
644 4038 804 4099 numquam
831 4022 984 4099 contingit.
1031 4038 1102 4099 ergo
1130 4020 1186 4079 boc
1214 4017 1340 4099 speciale
1368 4024 1413 4077 est

106 4130 208 4189 huius
230 4125 365 4195 litterae,
390 4134 423 4184 ut
444 4125 523 4185 inter
545 4124 618 4186 duas
633 4123 747 4184 vocales
770 4125 927 4184 constituta
950 4126 987 4184 sit
1008 4140 1063 4203 pro
1087 4121 1201 4183 duabus
1223 4122 1410 4182 consonanti·

107 4228 179 4291 bus.
230 4235 260 4287 et
281 4226 353 4287 iacit
374 4225 491 4304 longam
514 4229 699 4307 superiorem
721 4225 848 4294 idcirco,
872 4232 905 4285 nt
927 4232 973 4286 est
994 4226 1098 4295 Troia,

186 4450 224 4503 10
240 4466 288 4516 per
312 4450 459 4513 digammon
483 4450 535 4498 sint
557 4464 660 4515 grecam
679 4448 762 4499 Aca
791 4462 838 4513 per
862 4446 1008 4513 digammon
1026 4446 1074 4495 sint
1095 4460 1171 4511 greca
1188 4443 1234 4494 Ba
1306 4444 1338 4494 14
1356 4444 1413 4494 tatis

109 4534 151 4573 εει
166 4520 244 4587 apud
260 4534 307 4568 nos
321 4535 337 4570 u
352 4521 432 4569 tittern
447 4520 532 4583 quatis
550 4529 589 4568 eat
606 4518 676 4582 atiud
695 4533 784 4579 grecos
802 4519 843 4582 itia
860 4518 1003 4575 diganumoa
1017 4516 1090 4565 BCu
1108 4516 1165 4565 tatis
1184 4524 1222 4565 εει
1240 4523 1264 4564 ει
1282 4515 1349 4579 apud
1368 4529 1413 4563 nos

110 4613 128 4641 u
144 4594 192 4642 tiu·
204 4607 233 4641 ιε
249 4592 334 4653 qualis
352 4601 391 4640 eat
406 4594 472 4654 apud
488 4603 580 4655 grecas
593 4600 631 4638 est
650 4589 793 4654 digammos
814 4587 857 4636 ilia
870 4587 894 4635 Α
915 4587 972 4637 tntis
991 4600 1052 4650 aput
1071 4600 1118 4636 uos
1136 4602 1152 4635 n
1171 4587 1254 4635 littera
1274 4584 1357 4647 quatis
1374 4594 1413 4633 est

108 4676 172 4729 apat
194 4676 290 4727 grecos
308 4660 388 4710 idest
404 4658 646 4725 otgnnmusittaL
718 4660 751 4710 18
764 4659 871 4707 uetenua
890 4658 945 4707 Ab
966 4657 1064 4707 selenus
1082 4655 1161 4707 Boo.
1180 4657 1292 4705 Venetus
1309 4656 1414 4705 coniecit

113 4734 321 4783 ιιιιᾰεκωηιιιετ
339 4731 434 4779 Veienti
449 4729 554 4781 Servius
572 4733 597 4780 ira
615 4729 679 4780 Dan.
697 4746 724 4793 p.
740 4732 800 4790 42¹2,
820 4729 836 4776 2
853 4736 879 4777 et
896 4726 970 4791 Serq.
992 4728 1096 4790 explan.
1114 4740 1140 4788 p.
1161 4728 1220 4785 476,
1241 4726 1274 4776 ta
1326 4726 1360 4774 ‘20
1378 4726 1413 4773 ait

110 4805 152 4852 sic
171 4804 193 4852 B
213 4811 257 4851 aut
275 4804 313 4850 sic
331 4801 363 4860 Α,
377 4810 403 4848 ut
420 4801 497 4851 aicG
565 4801 598 4849 2⁴
617 4798 739 4849 remansit
758 4807 846 4847 coctus
859 4797 884 4847 A
955 4800 988 4847 25
1007 4797 1127 4845 remansit
1146 4802 1230 4859 (corr.
1251 4806 1364 4846 remanet
1376 4794 1412 4859 B)

112 4872 242 4922 inarmatis
261 4871 320 4920 AB
391 4871 423 4921 37
443 4870 537 4920 idcirco
555 4879 593 4919 est
611 4869 676 4919 troia
693 4868 769 4918 Aac
783 4869 878 4919 idcirco
896 4868 959 4917 troia
980 4866 1042 4917 Gut
1057 4869 1121 4916 troia
1140 4868 1164 4917 L
