3350 5442
542 383 591 444 DE
614 385 759 446 NOllllNE
783 388 919 450 32-44
1313 381 1377 446 563

1191 491 1351 544 amma

174 566 283 638 Quarta
305 569 464 632 declinatio
486 575 565 632 omni
589 574 675 634 modo
704 575 802 636 addita
825 595 874 635 um
898 574 1025 636 ablativo
1046 573 1191 650 singulari
1213 573 1304 632 lactet
1325 590 1375 648 ge·

86 673 215 730 nitivum
244 671 404 750 pluralem,
435 683 466 733 ut
493 692 584 735 curru
613 695 770 747 curruum,
800 695 889 738 manu
917 694 1066 736 nranuum.
1111 677 1163 754 qui
1186 675 1301 752 etipse
1323 674 1376 734 ali·

86 774 227 850 quotiens
249 775 279 834 in
302 777 433 835 carmine
457 773 633 858 συγκοπήν
654 782 780 858 patitur,
811 787 843 840 ut
871 785 916 838 est
937 778 1018 837 ‘ille
1046 796 1188 837 manum
1209 777 1376 855 patiens’

87 895 145 953 pro
178 895 331 945 manuum,
367 884 396 936 et
429 877 500 938 illud
534 883 644 959 ‘quae
673 883 797 958 gratia
831 898 977 940 currum
1011 897 1272 958 armorumque
1305 879 1377 937 luit

54 981 205 1038 ⁵vivis'
228 997 283 1058 pro
305 997 447 1040 curruum
470 983 534 1041 sine
557 981 756 1062 dubio,'quia
779 985 907 1043 infertur
930 987 1206 1059 ‘armorumque
1228 981 1329 1039 luit’.
1354 1000 1356 1003 ·

175 1080 284 1150 Quinta
306 1080 464 1143 declinatio
493 1091 522 1142 ct
550 1085 612 1162 ipsa
641 1085 741 1145 addita
764 1103 830 1145 ruru
853 1083 979 1144 ablativo
1002 1081 1143 1159 singulari
1167 1100 1266 1141 casum
1289 1081 1377 1139 faciet

87 1202 179 1262 saepe
209 1183 335 1252 dictum,
366 1191 397 1243 ut
424 1183 460 1244 ab
487 1185 542 1246 lrac
570 1205 602 1245 re
630 1186 736 1247 harum
765 1204 882 1255 rerum,
911 1185 947 1246 ab
976 1181 1031 1245 hac
1057 1185 1121 1244 acie
1148 1184 1296 1251 acierum;
1319 1184 1377 1241 nisi

87 1282 169 1363 quod
198 1286 348 1346 interdum
376 1286 454 1364 apud
482 1290 619 1367 antiquos
646 1290 677 1349 in
705 1288 752 1348 his
774 1305 850 1367 quae
872 1307 905 1348 es
927 1286 1060 1347 ultimam
1082 1286 1255 1344 nominativi
1277 1285 1377 1360 singu-

88 1387 163 1446 laris
192 1405 295 1466 parram
325 1385 484 1448 habuerint
511 1389 646 1450 rlittera
670 1389 798 1450 ablativo
825 1388 943 1450 additae
971 1387 1100 1467 syllabae
1128 1385 1319 1455 subducitur,
1349 1392 1379 1444 et

42 1497 72 1536 1⁰
88 1490 163 1548 lacit
190 1491 353 1566 genitIvum
381 1489 524 1570 pluralem
553 1510 606 1570 per
634 1511 702 1552 euni
730 1491 872 1572 syllabas,
896 1497 929 1550 ut
951 1491 1101 1569 specieum
1123 1507 1178 1568 pro
1200 1489 1377 1567 specierum,

88 1593 221 1650 l'acieum
244 1610 298 1669 pro
321 1593 481 1662 tatarorum
505 1593 556 1653 scd
580 1595 666 1653 modo
689 1613 747 1654 non
772 1595 884 1653 utimur
906 1591 961 1652 bac
983 1592 1196 1651 enuntiatione.

177 1693 251 1753 ltem
278 1695 383 1754 tertiae
411 1702 534 1774 quartae
562 1697 682 1774 quintae
711 1696 941 1755 declinationum
963 1693 1077 1753 dativus
1098 1691 1221 1771 pluralis
1243 1689 1299 1750 bus
1322 1690 1379 1768 syl-

89 1794 159 1855 laba
183 1797 372 1864 terminatur,
396 1796 447 1856 sed
471 1797 501 1856 iu
524 1799 612 1857 tertia
635 1804 664 1856 et
686 1805 790 1877 quarta
813 1799 824 1855 i
845 1797 945 1856 littera
961 1793 1168 1862 antecedente,
1193 1799 1225 1852 ut
1244 1790 1381 1870 patribus

90 1897 264 1957 hominibus
285 1898 404 1975 legibus
426 1897 552 1958 urbibus
574 1898 761 1978 praetoribus
777 1897 916 1958 ductibus
938 1895 1077 1957 curribus
1098 1893 1237 1955 manibus
1257 1896 1380 1972 portici·

45 2005 75 2046 1⁵
91 1998 150 2058 bus
172 1998 306 2068 casibus;
330 2006 449 2079 praeter
472 2019 565 2080 pauca
589 2003 743 2080 utriusque
768 1999 889 2078 [tertiae
912 1997 1049 2077 quartae]
1074 1997 1289 2064 declinationis,
1305 2013 1381 2074 quae

89 2101 281 2160 discretionis
308 2120 396 2162 causa
426 2102 469 2161 vel
498 2103 655 2163 arclraismi
679 2104 687 2161 i
714 2103 844 2162 litteram
867 2103 899 2161 iu
926 2119 946 2160 u
968 2105 1159 2167 convertunt,
1183 2105 1214 2157 ut
1236 2095 1381 2176 partubus

90 2202 223 2263 arcubus
250 2204 383 2264 artubus.
428 2223 495 2264 nam
524 2211 625 2283 partos
652 2205 803 2284 partibus
826 2208 931 2282 partus
952 2221 1022 2261 vero
1044 2200 1204 2280 partubus;
1228 2217 1313 2259 arces
1334 2216 1380 2258 ar-

90 2305 196 2374 citum,
230 2323 317 2366 arcus
348 2325 419 2365 vero
451 2306 595 2376 arcubus;
629 2312 709 2367 artes
742 2306 872 2374 artibus,
902 2311 986 2364 artus
1013 2322 1081 2362 vero
1109 2301 1232 2362 artubus
1259 2302 1380 2361 facient.

91 2410 166 2466 item
199 2407 245 2487 τῷ
273 2399 445 2489 ἀρχαισμῷ
477 2409 559 2469 lacus
586 2408 718 2469 lacubus.
768 2409 841 2467 item
874 2408 903 2466 in
938 2407 1027 2465 tertia
1062 2405 1259 2463 declinatione
1293 2401 1383 2461 boves

48 2515 76 2552 ²⁰
93 2509 185 2568 boum
208 2508 315 2569 bubus
361 2512 431 2570 item
455 2519 484 2570 et
506 2530 580 2590 (puae
604 2530 700 2590 nequo
724 2513 732 2569 i
756 2527 853 2588 neque
876 2526 904 2578 u,
928 2508 980 2568 sed
996 2525 1014 2564 o
1029 2507 1224 2584 praemittunt
1245 2504 1301 2564 bras
1323 2504 1382 2583 spl-

91 2611 194 2679 labae,
226 2620 257 2671 ιιι
285 2611 343 2670 ιΙιιο
372 2611 502 2681 duobus,
532 2612 619 2674 ambo
642 2610 799 2680 ambobuS,
828 2629 905 2689 quac
926 2618 1025 2670 tamen
1049 2616 1079 2668 ot
1101 2607 1235 2669 anomala
1256 2614 1327 2666 sunt
1349 2625 1383 2664 ac

91 2713 154 2774 sola
183 2716 386 2792 reperiuntur.
430 2716 459 2774 in
488 2717 589 2794 quinta
619 2731 688 2773 vero
715 2712 912 2773 declinatione
942 2731 958 2771 e
987 2710 1130 2790 producta
1159 2727 1279 2788 semper
1301 2716 1383 2768 ante·

92 2815 233 2884 cedente,
258 2824 289 2876 ut
311 2815 402 2876 rebus
425 2817 535 2895 spebus
557 2815 662 2876 diebus
683 2814 815 2874 aciebus.
841 2809 846 2895 Ι

286 2981 420 3022 exempta
443 2981 679 3022 DECLlNdNDOltVlll
697 2979 831 3020 lltJllllNVlll
849 2978 902 3019 reu
923 2976 1064 3018 Stdcvtas
1083 2976 1199 3018 FORMAS

52 3109 81 3146 aa
182 3089 390 3149 licelinationis
418 3091 533 3168 primae
561 3089 680 3166 generis
707 3085 861 3146 masculini
891 3084 940 3144 hic
968 3092 1054 3162 poeta
1076 3084 1164 3143 huius
1187 3091 1292 3163 poetae
1314 3084 1385 3143 bule

95 3199 201 3271 poetae
223 3191 301 3251 hunc
323 3197 441 3269 poetam
463 3211 481 3250 o
502 3198 590 3270 poeta
613 3189 650 3250 ab
673 3190 728 3249 lroc
751 3195 838 3268 poeta
854 3187 885 3246 lri
907 3194 1011 3266 poetae
1034 3186 1140 3246 lrorum
1162 3194 1317 3265 poetarum
1339 3185 1387 3244 bis

97 3293 193 3372 pomis
216 3293 268 3352 lios
290 3300 393 3372 proetus
407 3313 424 3352 o
439 3301 544 3372 poetae
560 3291 596 3352 ab
612 3291 659 3352 his
681 3291 791 3370 poetis,
814 3289 934 3366 generis
954 3289 1091 3348 lomimni
1113 3287 1188 3348 baec
1209 3306 1276 3347 rosa
1298 3286 1387 3346 ludus

97 3413 183 3454 rosae
211 3394 280 3454 huic
309 3413 393 3454 rosae
423 3395 497 3455 lianc
520 3412 617 3455 rosam
639 3413 657 3452 o
679 3411 746 3454 rosa
770 3391 806 3452 ab
828 3390 884 3450 bac
906 3389 1050 3450 rasabae
1072 3408 1156 3449 rosae
1178 3390 1283 3449 harum
1306 3407 1386 3448 rosa-

97 3515 164 3557 rum
194 3496 241 3556 his
268 3498 345 3556 rosis
374 3496 427 3556 has
455 3515 537 3556 rosas
565 3514 689 3555 orosae
712 3493 748 3554 ab
772 3492 819 3552 liis
843 3492 934 3560 rosis,
958 3493 1078 3567 generis
1100 3492 1266 3551 communis
1286 3490 1335 3550 hic
1357 3499 1387 3550 et

55 3617 84 3657 co
99 3600 172 3659 lracc
194 3599 305 3660 advena
329 3598 416 3658 liuius
439 3597 568 3657 advenae
590 3595 659 3655 huic
683 3595 811 3655 advenae
835 3594 915 3654 hunc
937 3600 966 3652 et
987 3593 1064 3652 hanc
1086 3592 1227 3652 advenam
1243 3611 1260 3651 o
1275 3591 1386 3652 advena

98 3700 135 3760 ab
160 3700 214 3760 hoc
238 3708 266 3761 et
290 3700 326 3761 alr
349 3700 403 3760 lrac
426 3700 538 3760 advena
567 3697 598 3758 hi
620 3705 651 3758 ct
677 3697 733 3757 hae
755 3696 885 3755 advenae
900 3693 1006 3753 horum
1029 3693 1185 3754 ethorum
1208 3693 1387 3753 advenarum

98 3804 145 3862 nis
167 3802 289 3862 advenis
311 3802 365 3862 hos
387 3810 417 3862 ot
438 3801 491 3860 has
514 3800 640 3860 advenas
662 3819 680 3859 o
702 3799 831 3859 advenae
856 3796 893 3858 ab
916 3797 964 3857 bis
986 3795 1116 3855 adrenis.
1147 3795 1258 3856 lormae
1281 3813 1387 3886 secun:

98 3905 153 3964 ulae
181 3904 301 3981 generis
328 3902 485 3964 masculini
514 3902 561 3962 ldc
591 3901 687 3962 bonus
714 3900 803 3960 huius
831 3898 902 3958 boni
929 3897 999 3957 huic
1026 3897 1104 3956 bono
1131 3896 1211 3964 bunc
1239 3896 1389 3957 bonumo

98 4006 177 4066 hone
206 4004 243 4065 ab
270 4005 327 4064 hoc
354 4002 432 4064 bono
460 4005 491 4064 hi
516 4003 586 4064 boni
608 4003 714 4063 horum
742 3999 889 4062 bonorum
910 3999 957 4061 his
978 3998 1064 4058 honis
1085 3999 1139 4060 hos
1161 3997 1256 4060 bonos
1278 4018 1295 4059 o
1317 3997 1388 4059 boni

59 4108 136 4168 asab
171 4108 218 4167 his
248 4105 349 4176 bonis,
378 4107 498 4184 generis
527 4107 662 4166 seminini
690 4105 763 4166 baec
791 4106 879 4183 pinus
907 4102 995 4162 huius
1022 4100 1086 4179 pini
1112 4100 1181 4160 huic
1214 4103 1285 4180 pino
1312 4101 1389 4161 hanc

97 4211 203 4289 pinum
227 4227 244 4268 o
266 4209 336 4287 pino
359 4205 396 4268 ab
419 4208 474 4269 hac
496 4210 567 4287 pino
589 4208 643 4268 hae
671 4208 736 4286 pini
764 4205 870 4265 harum
891 4206 1030 4283 pinorum
1052 4203 1100 4263 his
1121 4203 1201 4281 pinis
1222 4201 1275 4261 bas
1302 4202 1389 4280 pinos

97 4333 115 4370 o
140 4312 203 4390 pini
227 4309 263 4372 ab
286 4310 333 4370 bis
355 4309 449 4388 pinis,
473 4312 593 4387 generis
617 4310 716 4368 neutri
739 4307 794 4367 hoc
822 4305 966 4385 templum
988 4305 1075 4365 liuius
1098 4303 1201 4382 templi
1223 4303 1293 4363 huic
1314 4310 1389 4362 tem·

97 4412 147 4492 plo
169 4413 227 4472 hoc
249 4410 391 4491 templum
414 4430 430 4470 o
452 4410 596 4490 templum
624 4409 661 4471 ab
687 4409 744 4470 hoc
771 4407 883 4487 templo
910 4406 984 4467 baec
1005 4405 1116 4485 templa
1137 4405 1243 4466 horum
1266 4403 1389 4484 templo·

184 4649 201 4700 3
218 4647 272 4716 ille]
294 4652 373 4715 Verp.
395 4649 461 4700 Aen.
482 4649 525 4698 Vll
542 4646 594 4698 490
679 4649 695 4696 l
715 4643 791 4712 quae]
817 4646 896 4710 Verp.
912 4644 978 4697 Aea.
999 4643 1033 4705 Vl
1048 4643 1100 4694 653
1170 4659 1269 4693 oorrnm
1284 4644 1310 4693 B

100 4722 133 4771 15
153 4720 241 4770 tertiae
258 4729 282 4769 et
297 4727 402 4783 quartae
422 4719 505 4769 editor
527 4715 747 4768 Vindoboncnaie.
796 4715 829 4764 ’25
848 4715 950 4781 generis
968 4715 1102 4764 rrraseulini
1120 4729 1188 4764 nom.
1204 4714 1246 4763 hic
1264 4722 1339 4779 poeta
1357 4745 1390 4754 -

98 4801 123 4839 et
142 4789 274 4854 pluraliter
292 4805 360 4843 nom,
379 4788 405 4838 hi
420 4801 511 4853 poetae
526 4787 560 4842 B.
578 4789 635 4837 item
653 4787 679 4836 ιἰι
695 4787 799 4852 reliquie
815 4787 912 4834 nunoeri
925 4786 1035 4849 pluralis
1047 4786 1087 4835 vel
1102 4787 1239 4849 sumcere
1249 4792 1276 4834 et
1291 4798 1391 4834 carmon

97 4860 260 4926 notae-modo
278 4859 381 4911 additae
398 4860 424 4908 ia
435 4857 462 4907 B
475 4857 547 4908 modo
561 4859 666 4908 omasus
684 4862 827 4908 commater
843 4851 929 4919 oraim}
