3350 5442
659 371 731 440 ans
1300 369 1343 443 33

1149 501 1170 542 p.
1185 490 1281 530 1888„oe
1294 488 1317 528 P.

77 565 269 628 circumflexum
295 567 397 636 habet,
432 568 457 627 si
490 574 593 627 natura
616 565 717 644 longa;
754 568 780 627 si
801 567 961 646 positione,
996 577 1128 637 acutum,
1163 577 1194 629 ut
1216 576 1341 629 carecta.

76 667 285 748 amphimacrus,
316 680 347 729 ut
373 668 502 739 insulae,
532 669 633 747 quovis
661 668 749 728 moue
777 671 808 729 in
837 668 1069 748 antepenultima
1096 678 1216 730 acutum
1243 668 1342 732 habet.

74 772 175 850 quinque
203 777 273 830 sunt
300 771 332 830 hi
359 769 451 851 pedes
479 786 566 848 ergo,
596 771 647 850 qui
675 771 778 849 quovis
804 770 894 831 modo
921 773 951 831 iu
974 771 1204 850 antepenultima
1225 781 1343 833 acutum

74 871 172 939 habent,
207 871 377 953 tribrachys
409 872 556 934 molossus
589 879 764 952 anapaestus
791 872 923 953 dactylus
951 880 981 932 et
1007 873 1234 952 amphimacrus.
1284 873 1344 934 duo

55 981 135 1042 asana,
159 972 395 1052 palimbacchius
418 983 448 1036 et
469 973 609 1036 bacchius
635 981 764 1045 tantum,
794 975 845 1053 qui
867 977 968 1092 quovis
989 975 1076 1036 modo
1101 973 1138 1058 Ι
1130 993 1160 1036 ιιι
1182 975 1344 1055 penultima

73 1086 166 1135 aratum
200 1074 323 1136 babent.
368 1095 446 1138 unus
480 1084 525 1138 est
557 1075 799 1156 amphibrachus,
835 1079 945 1156 quiin
973 1077 1149 1157 penultima,
1182 1080 1207 1139 si
1239 1086 1346 1139 natura

72 1178 138 1254 longa
158 1177 262 1246 luerit,
286 1178 510 1240 circumflexum
510 1181 652 1274 recipit,
676 1181 701 1240 si
723 1181 884 1259 positione,
909 1188 1037 1241 acutum.
1080 1181 1110 1239 in
1134 1178 1345 1259 amphibracho

73 1280 128 1340 iaaac
147 1286 189 1339 est
211 1281 304 1340 ratio:
335 1279 422 1340 huius
444 1280 608 1361 penultima
632 1283 657 1341 si
679 1283 825 1360 positione
848 1281 936 1359 longa
958 1282 1062 1349 luerit,
1086 1289 1204 1341 acutum
1226 1280 1347 1342 habebit

71 1391 219 1453 accentum,
243 1383 268 1443 si
292 1389 409 1452 natura,
434 1383 668 1466 circumllcyum.
713 1383 928 1463 providendum
951 1391 995 1443 est
1017 1389 1115 1443 autem
1136 1390 1169 1443 ut
1182 1382 1346 1462 penultima

46 1501 63 1537 u
72 1483 256 1563 amphibrachi
284 1485 431 1562 positione
458 1484 509 1545 liat
536 1484 637 1564 longa:
666 1504 735 1546 nam
763 1487 789 1547 si
811 1505 847 1546 ex
870 1493 950 1546 muta
973 1492 1003 1545 et
1024 1483 1135 1564 liquida
1159 1485 1248 1546 luerit
1269 1485 1346 1546 lacta

70 1588 163 1665 positio¹
178 1586 372 1664 penultimae,
396 1593 499 1647 acutus
522 1588 552 1646 in
576 1588 840 1666 antepenultimam
862 1587 976 1649 transit.

139 1687 175 1747 ln
191 1690 418 1767 conpositis:
434 1691 697 1768 quotienscumque
710 1708 745 1749 ex
760 1688 897 1769 pluribus
910 1687 1045 1768 partibus
1056 1690 1174 1749 uomina
1186 1690 1348 1768 composita
1360 1696 1419 1758 371,
1432 1696 1464 1742 aa

69 1783 231 1866 reperimus,
257 1809 317 1851 non
340 1791 397 1852 nisi
419 1792 449 1850 in
472 1789 566 1851 tribus
588 1790 708 1871 syllabis
730 1800 885 1851 accentum
908 1792 1087 1870 quaerimus.
1123 1792 1348 1870 incompositis

69 1891 240 1952 sermonibus
268 1911 361 1972 aeque
390 1911 465 1955 unus
493 1900 633 1954 accentus
655 1894 818 1963 invenitur,
848 1895 924 1953 sicut
951 1895 1032 1953 etin
1053 1890 1251 1971 simplicibus,
1279 1893 1348 1971 quia

42 1995 92 2053 uin
111 1993 200 2056 tribus
223 1993 344 2074 syllabis
364 1996 514 2056 invenitur
537 2002 675 2056 accentus
699 1993 744 2074 [in
766 1993 890 2056 bacchio
912 2013 983 2055 vero
1005 1997 1036 2054 iu
1057 1994 1220 2074 penultima
1234 1995 1348 2055 inveni·

69 2104 106 2155 tur
125 2097 129 2174 l
150 2104 254 2160 acutus
282 2105 436 2167 accentus„
467 2099 527 2158 sive
554 2095 604 2158 illa
630 2097 778 2176 positione
806 2099 845 2158 sit
866 2096 954 2175 longa
975 2098 1037 2156 sive
1058 2095 1188 2177 natura}
1233 2098 1349 2157 interea

66 2199 89 2255 in
113 2198 343 2279 antepenultima
372 2207 425 2259 est.
463 2233 505 2242 —
540 2200 687 2259 Accentus
714 2200 744 2260 in
768 2197 908 2289 Romanis
929 2197 1027 2260 verbis
1055 2206 1085 2260 et
1109 2200 1140 2259 iu
1162 2197 1351 2276 regularibus
1362 2205 1395 2253 24

67 2319 194 2378 qrnmcre
214 2299 369 2362 debemus.
414 2303 572 2381 peregriua
596 2302 730 2369 nomina,
754 2319 829 2380 quac
852 2310 921 2362 sunt
942 2300 1077 2372 barbara,
1101 2299 1147 2362 vel
1169 2301 1349 2362 interiectio-

66 2420 116 2468 oes,
138 2421 211 2481 quae
238 2421 272 2462 ex
296 2403 403 2464 ellectu
427 2405 517 2463 animi
540 2413 709 2473 nascuntur,
734 2410 874 2476 accentus
897 2402 1007 2466 habere
1029 2421 1090 2464 non
1112 2410 1251 2483 possunt,
1275 2402 1350 2464 heus

37 2503 121 2562 atreo.
146 2503 313 2565 -Nulli
341 2507 438 2566 certi
465 2513 565 2566 suut:
603 2513 742 2567 accentus
770 2504 867 2584 legem
891 2507 962 2567 dicit
982 2506 1224 2586 pronuntiatione
1247 2512 1395 2566 como-⁸25

65 2615 148 2682 ptam,
178 2609 249 2684 quia
278 2605 434 2685 dissyllaba
464 2606 553 2668 verba
582 2607 627 2667 vel
654 2609 789 2677 nomina,
819 2626 893 2687 quae
922 2614 1038 2668 constat
1064 2609 1096 2668 in
1123 2609 1218 2688 prima
1239 2605 1350 2686 syllaba

65 2705 163 2770 habere
197 2702 355 2768 accentul'h
392 2707 432 2789 [si
455 2708 604 2790 tenores],
638 2711 670 2769 in
702 2710 945 2789 pronuntiatione
972 2715 1113 2770 accentus
1146 2708 1182 2768 arl
1216 2706 1350 2769 ultimam

65 2811 250 2879 transierunt,
282 2829 357 2890 quae
379 2811 499 2901 quitlem
522 2831 582 2873 nou
605 2810 718 2872 videtur
742 2829 806 2872 esse
827 2811 944 2881 ultima,
975 2814 1044 2892 quia
1067 2811 1122 2872 hac
1144 2811 1351 2871 coniunctione

63 2911 181 2990 inpletur
204 2912 355 2992 periodos,
381 2947 420 2956 —
444 2913 561 2994 Saepe
583 2913 799 2975 conturbat:
832 2915 1055 2975 meminerimus
1078 2921 1111 2974 ut
1132 2931 1239 2991 graeca
1262 2912 1395 2978 verbaat

34 3018 171 3085 carrecta
199 3012 376 3075 accentibus
398 3017 640 3095 pronuntiemus,
669 3033 744 3096 quae
769 3014 857 3076 verba
886 3017 916 3076 iu
939 3014 1049 3076 ultimis
1071 3013 1190 3094 syllabis
1212 3021 1352 3076 accentus

17 3169 24 3186 ,
63 3114 177 3186 habeut,
209 3135 287 3197 quae
311 3116 407 3177 Latini
428 3116 540 3179 babere
563 3136 622 3178 nou
644 3125 782 3196 possunt,
808 3126 841 3179 ut
862 3117 936 3179 Dido
959 3116 1037 3178 Nais.
1065 3116 1069 3198 Ι
1097 3114 1138 3198 [iu
1161 3117 1208 3177 his
1232 3115 1352 3177 ultimae

63 3217 163 3279 habeut
185 3219 413 3279 circumflexum
432 3216 612 3300 accentum]
635 3219 778 3280 —Nisi
801 3219 1047 3281 discretionis
1075 3237 1201 3279 causa:
1230 3226 1299 3279 tuuc
1321 3220 1397 3278 inas

62 3318 151 3380 latinis
173 3319 276 3380 verbis
298 3322 329 3381 iu
351 3320 454 3381 ultima
477 3320 588 3400 syllaba
611 3329 751 3383 accentus
773 3322 939 3390 invenitor,
969 3321 1107 3400 quotiens
1128 3320 1219 3381 luerit
1241 3321 1352 3384 discre-

64 3422 97 3480 tio
118 3422 280 3484 verborum
304 3405 477 3502 separanda,
503 3431 534 3483 ιιι
549 3419 562 3506 Η
578 3441 649 3502 ergo
674 3421 721 3503 [ut
741 3441 834 3502 pone,
858 3422 926 3483 ideo
949 3440 987 3483 ue
1009 3421 1132 3482 verbum
1154 3430 1276 3502 putetur
1298 3424 1352 3481 im·

39 3526 178 3599 aspersuri
201 3522 315 3605 morli],
340 3543 378 3585 ne
401 3526 571 3585 coniunctio
593 3524 797 3602 intellegatur,
828 3543 911 3604 quae,
925 3542 1044 3585 causam
1066 3525 1224 3602 siguificat,
1254 3533 1285 3585 ut
1309 3522 1351 3584 ul·

66 3626 125 3684 tima
145 3626 350 3707 producatur,
374 3628 406 3688 in
427 3626 529 3687 ultima
553 3627 774 3687 circumflexum
797 3626 913 3706 recipit
944 3628 1067 3696 heutua,
1091 3629 1202 3704 gravis,
1227 3628 1352 3687 circum·

64 3725 162 3798 herus,
179 3728 298 3800 brevis,
317 3719 662 3808 optmtiaaorolq—
678 3729 721 3789 Ne
745 3721 894 3789 dicatur‘
875 3724 965 3807 υφέν
987 3729 1191 3808 conspicit
1212 3732 1352 3789 ursus'.

63 3861 98 3871 -
120 3831 258 3892 Δασεῑα
285 3825 382 3910 palai:
418 3827 536 3891 taram
568 3830 746 3910 adspiratio,
779 3824 862 3910 pata
895 3831 1022 3891 siccitas,
1067 3829 1141 3890 haec
1168 3831 1251 3908 sigua
1278 3826 1354 3909 apud

64 3929 194 3994 Graecos

124 4173 186 4226 eod.
207 4171 291 4227 Bem,
310 4173 334 4222 V
352 4170 454 4223 5*-7.
524 4170 761 4239 2amphimacrns]
780 4169 948 4235 amflbracbys
1019 4170 1045 4220 iu
1060 4171 1285 4236 antepenultimam

65 4239 119 4291 atti
192 4245 220 4294 iu
242 4241 466 4309 antepenultimam
537 4243 732 4292 lamiimaerus
801 4241 858 4292 bin
878 4240 1044 4306 penultimam
1112 4240 1222 4292 fllaabet
1283 4240 1354 4290 amli-

66 4311 160 4364 hracbuc
225 4315 253 4363 iu
271 4312 437 4380 penultimam
507 4313 566 4360 liu
584 4311 741 4362 omhbrachu
809 4310 1011 4378 9peuuit1mam
1025 4310 1180 4375 arnhbrachy
1250 4311 1283 4362 10
1300 4311 1354 4360 lou·

67 4395 113 4444 gam
183 4385 219 4436 11
242 4383 384 4450 penultima
454 4382 486 4433 12
505 4398 538 4432 ex
556 4379 707 4447 pluribus]'
702 4397 728 4430 ιιι
745 4380 840 4445 plumis
858 4398 930 4435 corr.
948 4384 983 4431 ol.
1002 4398 1066 4434 mon.
1092 4381 1118 4429 ia
1135 4382 1252 4447 plurimis
1323 4380 1356 4432 ta

66 4457 218 4518 repperimus
292 4454 327 4506 14
345 4455 404 4515 qnia
421 4455 447 4502 iu
465 4453 559 4502 stribus
628 4453 662 4502 20
680 4461 824 4516 correptum
893 4452 958 4504 21·
952 4454 1070 4516 imprimo
1138 4453 1173 4501 24
1191 4453 1291 4520 graecis
1308 4467 1354 4503 om,
1430 4484 1433 4491 -

124 4525 157 4575 ’29
178 4520 257 4587 ideo]
278 4526 314 4573 ibi
384 4524 418 4574 30
436 4538 512 4573 caiisa
583 4523 615 4574 31
635 4523 761 4587 recipiant
829 4522 864 4574 32
882 4523 1022 4587 conspiciet
1043 4537 1111 4572 corr.
1130 4523 1177 4571 -cit
1243 4521 1277 4574 33
1296 4531 1357 4586 aput

68 4605 160 4656 gmecos
178 4597 315 4661 positurae
336 4594 453 4660 ponenda
525 4591 559 4644 34
578 4607 653 4644 aacra
670 4593 708 4643 his

104 4735 218 4742 ..-Q-..-

72 4819 165 4940 5¹¹1qu
173 4821 298 4884 fortasse
317 4818 474 4869 iuteroaloci:
497 4819 522 4867 iu
541 4815 739 4882 antepenultimo
758 4823 796 4864 est
814 4822 933 4865 accentus
986 4811 1021 4864 32
1040 4812 1176 4880 conspicit]
1197 4815 1277 4878 Verp.
1290 4812 1356 4865 Aen.

111 4979 297 5024 omumarru
310 4977 443 5021 namura.
1136 4969 1157 5032 3
