3350 5442
678 345 749 410 ms
949 411 957 432 ,
1317 349 1358 416 m

1166 471 1187 512 p.
1202 461 1258 500 1912.
1273 461 1297 500 lli
1311 458 1333 499 Ρ.

82 533 182 614 quando
202 535 233 594 in
259 532 310 605 bo,
339 533 498 612 aliquando
521 536 552 594 iu
575 553 621 596 am
645 541 675 595 et
695 535 726 595 in
748 535 797 596 bo.
835 543 865 596 et
886 537 917 598 in
940 555 1004 607 am,
1038 545 1069 598 ut.
1098 536 1164 616 lego
1188 537 1297 616 legam3
1327 539 1358 598 in

81 637 110 696 bo
128 646 193 697 tunc
216 643 276 705 est,
298 637 324 696 si
347 637 440 716 prima
462 655 589 717 persona
611 639 622 696 i
643 656 729 699 suurn
751 645 864 709 teneat,
890 645 922 699 ut
944 641 1044 700 munio
1067 639 1203 708 munibo,
1234 658 1269 700 eo
1298 639 1358 702 ibo.

80 739 119 798 sed
138 739 224 808 diris,
249 757 286 798 eo
308 741 318 798 i
340 758 400 801 non
422 738 520 800 babet.
558 741 637 801 iuxta
660 738 900 820 orthographiam
930 739 1033 802 babet:
1066 759 1133 803 nam
1163 749 1192 802 et
1219 741 1358 804 scribitur

80 850 104 900 ut
121 843 155 900 sit
175 839 394 921 diphthongus,
416 841 493 902 sicut
515 843 606 912 citur,
630 851 660 902 et
681 849 715 902 ut
736 842 951 923 diphthongum
974 862 1091 924 semper
1113 852 1221 905 teneat.
1257 847 1288 905 in
1311 863 1358 906 am

61 955 101 1004 oet
119 946 146 1002 in
166 942 220 1012 bo,
244 950 279 1005 ut
299 943 389 1004 audio
410 942 528 1004 audiam
550 942 668 1005 audibo.
691 979 733 989 -
756 945 930 1018 Quartam
959 948 1264 1024 coniugationem
1291 951 1476 1028 pir-3822?

78 1055 156 1114 tant,
177 1044 277 1124 quod
299 1045 462 1107 futurum
493 1053 636 1127 tempus
664 1048 757 1109 etin
780 1066 832 1108 am
857 1053 893 1108 et
919 1049 953 1109 in
977 1067 1028 1120 ar,
1059 1057 1095 1109 et
1124 1049 1160 1108 in
1188 1049 1231 1110 bo
1261 1051 1358 1111 etin

80 1149 132 1208 bor
150 1164 168 1200 a
192 1149 269 1209 rite
289 1151 395 1210 exire
411 1168 533 1230 posse:
556 1155 589 1209 ut
603 1147 761 1211 Terentius
783 1152 931 1210 ‘matris
953 1149 1105 1211 servibo
1128 1149 1357 1220 commodis',

80 1259 106 1311 ut
124 1250 269 1330 Vergilius

213 1352 374 1424 audiam,
398 1353 545 1414 ethaeo
566 1357 683 1415 manis
706 1355 830 1414 veniet
853 1353 941 1415 mibi
963 1355 1057 1416 lama
1080 1355 1144 1416 sub
1166 1356 1268 1416 imus.

53 1455 162 1522 ro-Et
176 1456 283 1533 siqua
298 1463 384 1516 sunt
399 1455 552 1517 similia:
568 1465 601 1518 ut
617 1476 652 1518 eo
667 1458 693 1518 is
708 1458 739 1527 it,
764 1463 793 1517 et
807 1455 897 1518 babet
912 1465 980 1518 aute
996 1477 1013 1517 o
1030 1476 1060 1527 e;
1084 1459 1188 1518 tertiae
1204 1465 1247 1519 est
1262 1452 1274 1538 j}
1289 1477 1357 1520 con·
1371 1463 1404 1512 34

79 1559 221 1635 legationis
242 1557 423 1638 productae,
447 1559 511 1630 ibo,
535 1577 595 1620 nou
617 1578 691 1631 eam,
716 1577 753 1620 ne
776 1561 815 1620 sit
836 1561 1024 1620 coniunctivo
1041 1560 1181 1642 temporis
1195 1561 1360 1641 praesentis

80 1659 181 1730 similis,
204 1679 276 1722 curn
299 1679 375 1722 eam.
413 1663 514 1722 nutrio
536 1667 566 1722 et
585 1663 712 1723 nutriam
730 1669 759 1722 et
779 1661 916 1730 nutribo,
942 1664 1009 1738 quia
1031 1661 1040 1722 i
1062 1661 1170 1723 babeat
1192 1670 1259 1722 ante
1275 1682 1302 1724 o.
1318 1697 1359 1708 -

79 1763 163 1824 Tertia
178 1771 317 1844 correpta
333 1782 349 1823 a
365 1767 451 1825 tertia
466 1763 608 1844 producta
624 1764 680 1825 bac
695 1766 811 1825 ratione
825 1764 1014 1834 discernitur,
1031 1763 1108 1844 quod
1124 1765 1211 1826 tertia
1222 1773 1359 1845 correpta

80 1867 225 1945 inpassiro
246 1885 304 1946 pro
319 1868 329 1926 i
345 1885 361 1926 e
375 1864 467 1927 babet
481 1876 664 1946 correptam,
687 1874 719 1927 ut
740 1865 807 1945 lego
829 1864 904 1944 legis
927 1865 1009 1944 legor
1031 1865 1154 1944 legerim
1179 1869 1265 1927 tertia
1289 1887 1359 1928 vero

53 1967 206 2047 oproduota
231 1968 359 2030 eandem
380 1969 393 2028 i
415 1977 445 2028 et
465 1971 496 2030 in
518 1971 633 2050 passivo
655 1975 766 2038 serrat,
797 1976 829 2029 ut
851 1969 950 2028 nutrio
972 1969 1068 2028 nutris
1090 1970 1205 2029 nutrior
1228 1971 1359 2031 nutriris.

82 2105 111 2114 —
131 2071 172 2131 Eo
193 2069 320 2132 verbum
343 2069 477 2132 neutrale
498 2071 657 2131 indicativo
679 2070 767 2132 modo
790 2069 900 2131 dictum
922 2088 1066 2149 personae
1089 2072 1202 2150 primae
1217 2073 1357 2152 coniuga-

81 2173 156 2232 tionis
177 2181 303 2251 quartae
325 2173 502 2254 productae,
527 2191 563 2234 eo
584 2173 610 2232 is
623 2174 647 2232 it
661 2174 737 2236 imus
752 2175 800 2234 itis
815 2180 900 2241 eunt;
924 2173 1085 2251 praeterito
1099 2173 1265 2252 inperfecto
1281 2174 1358 2236 illam

82 2273 134 2334 ibas
154 2274 228 2346 ibat,
258 2283 289 2337 et
306 2274 464 2356 »pluraliter
485 2274 602 2337 ibamus
628 2273 716 2336 ibatis
737 2274 832 2343 ibant;
853 2273 858 2355 Ι
877 2277 1037 2353 praeterito
1059 2274 1192 2354 perlecto
1215 2277 1236 2336 ii
1259 2283 1288 2336 et
1309 2277 1358 2344 ivi,

81 2377 133 2445 isti,
154 2378 187 2436 iit
210 2376 257 2437 rel
280 2379 348 2447 irit,
377 2384 408 2437 et
428 2375 581 2458 pluraliter
603 2378 690 2438 iimus
712 2377 758 2438 vel
779 2378 902 2446 ivimus,
932 2377 1009 2447 istis,
1043 2379 1142 2438 ierunt
1164 2376 1207 2438 vel
1231 2379 1358 2448 iverunt,

56 2481 133 2542 olere
153 2479 196 2540 rel
218 2482 319 2548 irere;
342 2481 503 2560 praeterito
525 2478 817 2560 plusquamperfecto
831 2481 923 2541 ieram
941 2478 987 2538 vel
1008 2479 1132 2553 iveram,
1156 2481 1250 2552 ieras,
1274 2482 1358 2551 ierat,

83 2589 106 2640 et
117 2579 269 2661 pluraliter
282 2584 411 2644 ieramus
428 2582 474 2642 rei
487 2585 649 2654 iveramus,
665 2584 781 2656 ieratis,
798 2583 908 2651 ierant;
932 2580 1032 2641 tuturo
1047 2579 1097 2642 ibo
1112 2580 1168 2642 ibis
1182 2580 1238 2644 ibit
1252 2581 1360 2643 ibimus

84 2681 152 2750 ibitis
171 2684 273 2746 ibunt:
304 2685 469 2765 inperatiro
492 2684 581 2746 modo
604 2685 639 2746 ad
661 2685 821 2746 secundam
844 2691 873 2744 et
895 2683 1012 2744 tertiam
1035 2701 1191 2763 personam
1214 2684 1224 2744 i
1247 2691 1308 2753 eat,
1332 2691 1361 2744 et

84 2781 222 2862 pluraliter
250 2803 354 2846 eamus
376 2789 417 2846 ite
446 2793 527 2856 eunt;
556 2787 656 2848 luturo
683 2788 726 2847 ito
753 2789 825 2848 itote
854 2793 958 2846 cuuto:
988 2786 1115 2864 optativo
1144 2786 1256 2846 utinam
1285 2804 1359 2858 earn,

83 2887 231 2966 inperfecto
256 2889 368 2948 utinam
390 2891 479 2962 bem,
508 2892 642 2972 perlecto
665 2891 778 2950 utinam
805 2889 891 2950 ierim
914 2885 959 2947 vel
981 2887 1100 2956 iverim,
1124 2885 1224 2948 futuro
1246 2887 1360 2949 utinam

57 3006 149 3048 seam:
176 2991 367 3051 coniunctivo
395 3009 463 3053 curn
492 3011 557 3054 eam
585 3011 635 3053 eas
664 3001 725 3062 eat,
752 2991 887 3072 perlecto
916 3008 983 3050 cum
1007 2989 1106 3058 ierim,
1136 2987 1361 3069 plusquamper-

84 3091 148 3150 lecto
167 3109 235 3152 eum
269 3095 358 3154 issem
382 3116 399 3147 a
426 3094 527 3157 tuturo
555 3097 630 3156 itum
658 3097 717 3156 ire:
745 3091 926 3174 inpepsonali
954 3093 1027 3160 itur,
1058 3091 1222 3170 inperfecto
1250 3093 1358 3166 ibatur,

81 3193 203 3266 perfecto
222 3197 297 3256 itum
320 3204 374 3266 est,
398 3197 703 3277 plusquamperfecto,
726 3198 799 3256 itum
823 3203 901 3265 erat,
926 3192 1025 3254 tuturo
1048 3194 1137 3255 ictuc.
1177 3193 1360 3271 usqueadeo

85 3297 198 3357 tutorum
226 3297 377 3378 duplicem
399 3299 489 3361 habet
515 3307 621 3378 quarta
649 3299 830 3377 coniugatio,
865 3305 898 3357 ut
926 3296 1084 3356 Terentius
1106 3295 1219 3357 diceret
1241 3292 1247 3377 Ι
1273 3301 1361 3356 ‘uon

86 3401 164 3459 eam?
186 3419 229 3462 ne
253 3419 348 3462 nunc
370 3401 551 3480 quidem',
582 3409 611 3462 et
633 3398 778 3479 Vergilius
807 3397 886 3459 ‘ibo
915 3398 1045 3459 animis
1072 3403 1229 3460 coutra'.
1268 3399 1361 3460 itaet

59 3517 102 3560 au
119 3503 209 3563 nutrio
232 3502 377 3565 debemus
398 3504 497 3565 dicere
520 3512 549 3565 et
571 3504 700 3564 nutriam
723 3509 753 3563 ct
776 3498 905 3562 nutribo.

155 3603 337 3683 Deponentia
366 3623 421 3684 per
449 3607 659 3668 catantilrasin.
702 3613 731 3666 et
757 3604 913 3684 deponens
939 3610 1038 3683 potest
1065 3602 1164 3664 lacere
1191 3620 1358 3674 commune,

86 3710 111 3762 ut
133 3709 283 3777 ronriror;
313 3716 344 3769 et
371 3727 529 3770 commune
556 3707 709 3788 deponens
740 3707 837 3766 lacere
865 3723 924 3766 non
953 3713 1063 3786 potest,
1095 3713 1128 3766 ut
1154 3703 1293 3768 obsonor.
1318 3741 1361 3752 -

87 3805 226 3886 beponens
241 3809 359 3878 dicitur,
375 3809 453 3889 quod
466 3810 596 3890 deponat
609 3810 796 3889 participium
811 3809 904 3870 luturi
916 3809 1057 3887 temporis
1067 3808 1098 3867 iu
1111 3807 1174 3880 dus,
1190 3815 1222 3868 ut
1234 3825 1360 3868 nascens

87 3916 157 3970 natus
176 3921 301 3974 naturus
325 3909 400 3992 [non
421 3909 617 3992 nasciturus],
641 3919 671 3972 et
692 3909 857 3973 nascendus
879 3929 938 3974 non
961 3909 1031 3970 lacit
1056 3907 1138 3990 [quia
1160 3909 1198 3970 ab
1221 3929 1257 3970 eo
1280 3908 1359 3990 quod

62 4018 122 4070 sot
139 4020 227 4074 natus.
267 4013 360 4076 addes
380 4016 536 4096 participio
558 4016 684 4094 perlecti
704 4015 847 4094 temporis
869 4031 884 4074 a
907 4013 1021 4093 passivo
1035 4029 1103 4083 rus,
1128 4019 1156 4074 et
1170 4013 1267 4073 fecisti
1281 4011 1360 4074 lutu-

100 4147 105 4152 ·
124 4150 174 4158 —-
195 4153 373 4160 -0—-—-—-

142 4201 199 4254 eod.
218 4203 302 4255 ΒΜ.
318 4201 344 4252 X
364 4199 468 4253 1-2*.
554 4202 772 4269 aonhogreuam
859 4201 927 4252 rsit
946 4201 1077 4266 dyptongs
1167 4209 1194 4250 ut
1212 4199 1359 4265 diptongam

141 4270 261 4338 brodio]
282 4273 387 4323 audiam
475 4274 507 4324 ll
533 4287 564 4322 ne
582 4274 794 4323 slt'coninnctiuo
821 4271 912 4319 similis
931 4285 986 4320 cum
1007 4285 1062 4320 eam
1082 4270 1202 4336 temporis
1220 4271 1361 4335 praesentis

89 4340 155 4390 nutrio
235 4344 269 4394 12
288 4341 511 4405 quaeihsbeant
598 4342 631 4395 13
647 4342 795 4409 aJaoorr.
815 4343 851 4392 ni.
868 4357 932 4394 roan.
951 4351 976 4390 et
1057 4340 1119 4390 2le
1142 4341 1179 4392 .i.
1199 4341 1360 4388 eramusuel

90 4407 180 4460 ieramus
196 4413 285 4462 ieratis
337 4413 371 4464 22
386 4410 405 4478 i]
425 4415 487 4465 ,i.i
541 4411 674 4462 ibituirs
724 4413 807 4462 ibatur
820 4411 934 4476 perlecto
951 4426 998 4462 om.
1052 4409 1086 4460 29
1103 4406 1215 4475 quidem]
1236 4411 1360 4472 quaedam

141 4485 216 4532 contri
233 4498 302 4534 corr.
318 4487 431 4537 niman.
447 4493 534 4534 contra
590 4498 670 4535 nom.
732 4480 1360 4532 31mtanltnnnmcmr.at.mosomensem

142 4549 174 4602 32
192 4554 323 4602 comninos
340 4568 409 4608 corr.
429 4557 463 4606 al.
483 4570 548 4604 man.
567 4556 690 4604 conuinor
741 4550 776 4603 33
796 4553 821 4602 in
841 4555 875 4602 at.
892 4567 957 4604 man.
977 4550 1039 4604 add.
1095 4547 1129 4602 ab
1148 4547 1263 4616 perlecti]
1282 4549 1361 4600 iuturi

144 4723 157 4771 i
174 4726 254 4789 possit
272 4726 414 4780 mutue.
437 4727 485 4777 red
498 4735 558 4792 port
575 4728 673 4778 Donati
689 4725 768 4776 uerba
784 4728 862 4788 plura
884 4723 1012 4776 earddirre
1028 4723 1145 4773 ridentur
1213 4719 1358 4789 Terentius]

91 4787 140 4846 dec.
159 4795 234 4859 1115,
252 4796 286 4846 ⁴5
373 4795 628 4865 8Vergilins]Aen.
648 4793 762 4847 1111387
850 4794 885 4846 28
901 4789 1046 4858 Terentius]
1066 4791 1132 4844 Eun.
1154 4793 1163 4842 l
1184 4793 1240 4855 l,t
1328 4793 1361 4843 tu

91 4857 213 4933 inguim]
229 4866 295 4919 Aer.
313 4865 351 4916 XI
370 4865 423 4919 438
