3350 5442
174 1608 326 1677 Oledonii
347 1618 450 1675 artem
471 1607 612 1696 primum
636 1607 742 1673 edidit
757 1607 932 1674 Putschius
955 1615 1014 1672 ‘ex
1035 1606 1119 1674 libro
1140 1605 1382 1674 cl.vi1·iF1-an-

99 1713 170 1778 cisci
189 1711 350 1795 Pithoei',
372 1721 410 1776 ut
432 1710 548 1777 scribit
568 1709 603 1774 in
624 1709 733 1774 indice
757 1711 951 1796 scriptorum
972 1709 1170 1796 praefationi
1191 1711 1226 1774 in
1247 1732 1383 1795 gramm.

98 1815 148 1879 ist.
170 1823 258 1879 auct.
283 1822 349 1878 ant.
372 1813 529 1878 subiecto.
558 1811 687 1877 Pithoei
709 1821 816 1876 autem
839 1811 946 1877 codex
967 1821 1083 1898 postea
1102 1813 1137 1877 in
1150 1811 1383 1878 bibliothecam

97 1917 290 1982 Bemensem
304 1914 481 1980 translatus
496 1935 582 1980 nunc
597 1915 683 1979 inter
697 1912 799 1979 libros
814 1935 912 1977 manu
927 1914 1067 1999 scriptos
1082 1914 1151 1978 eius
1166 1913 1385 1980 bibliothecae

98 2029 143 2084 est
161 2041 190 2081 n.
208 2017 284 2082 380.
309 2017 449 2103 scriptus
472 2027 524 2086 est
545 2015 663 2081 litteris
685 2003 889 2097 udcialibus,
912 2037 993 2102 quas
1015 2014 1123 2080 dicere
1144 2017 1383 2091 consuevimus,

97 2119 238 2202 saeculo,
261 2128 299 2182 ut
320 2118 400 2183 mihi
414 2119 524 2184 visum
547 2128 611 2201 est,
636 2126 747 2200 sexto,
770 2119 862 2183 utin
884 2117 1013 2182 Sinneri
1035 2116 1186 2204 catalogo
1208 2117 1281 2182 cod.
1303 2116 1384 2184 bibl.

96 2223 186 2286 Bern.
208 2219 227 2284 I
250 2245 282 2307 p.
305 2219 368 2286 342
390 2220 570 2285 iudicatum
593 2231 657 2292 est,
687 2220 843 2307 septimo,
873 2219 908 2282 in
929 2219 1130 2284 membranis
1153 2219 1278 2284 formae
1306 2242 1383 2306 qua-

95 2325 202 2388 dratae
216 2322 354 2388 minoris
366 2344 500 2388 numero
512 2331 642 2387 centum
654 2333 686 2387 et
698 2323 852 2408 quinque.
876 2330 1007 2386 constat
1017 2324 1102 2385 enim
1114 2321 1384 2408 quaternionibus

96 2424 244 2489 tredecim
256 2424 395 2508 integris
408 2434 538 2510 praeter
550 2423 729 2489 secundum
741 2423 1001 2510 quaternionem,
1014 2423 1106 2488 euius
1118 2423 1259 2509 primum
1268 2422 1384 2487 folium

95 2525 191 2608 deest,
207 2535 241 2590 et
256 2525 386 2591 duobus
401 2525 489 2591 foliis
506 2549 548 2590 ex
563 2527 654 2590 initio
670 2525 777 2613 quarti
800 2524 917 2590 decimi
932 2525 1155 2611 quaternionis
1174 2525 1316 2608 relictis,
1337 2525 1384 2590 ita

95 2639 127 2692 ut
145 2649 204 2692 sex
226 2627 327 2710 solia,
351 2649 434 2714 quse
456 2638 610 2714 quartum
638 2627 800 2693 decimum
823 2627 1070 2713 quaternionem
1092 2623 1307 2714 conplebant,
1329 2625 1384 2692 vel

95 2727 196 2815 plures
220 2729 322 2794 etiam
343 2729 568 2811 membranas,
590 2729 766 2815 inquibus
790 2738 938 2794 extrema
958 2750 1036 2815 pars
1058 2727 1135 2794 libri
1158 2729 1282 2816 scripta
1303 2739 1383 2808 erat,

95 2831 124 2892 in
137 2829 201 2895 tine
216 2829 341 2896 codicis
356 2833 475 2919 periise
487 2831 654 2917 adpareat.
677 2831 711 2894 in
726 2829 864 2917 singulis
880 2830 1008 2916 paginis
1023 2829 1214 2916 plerumque
1228 2830 1336 2896 viceni
1351 2841 1385 2896 et

93 2933 171 2996 terni
198 2956 318 2999 versus
349 2935 462 3020 scripti
490 2941 566 2997 sunt
591 2930 729 3015 litteris,
757 2942 795 2998 ut
820 2933 857 2996 in
882 2931 945 2998 hoc
966 2953 1084 3016 genere
1107 2932 1290 3018 scripturae
1311 2932 1383 2996 lieri

94 3033 185 3118 solet,
209 3044 364 3100 accurate
386 3045 420 3100 et
442 3033 623 3122 aequaliter
643 3035 740 3120 pictis
763 3056 871 3122 neque
891 3032 968 3098 ullis
991 3033 1180 3120 conpendiis
1203 3034 1385 3120 scripturae

93 3137 246 3202 adhibitis
270 3146 400 3226 praeter
421 3135 479 3201 illa
500 3135 729 3222 antiquissima
750 3157 853 3222 eaque
874 3158 949 3202 raro
976 3136 1101 3224 posita,
1129 3147 1151 3199 st
1178 3157 1238 3222 pro
1260 3157 1327 3219 run,
1355 3159 1383 3215 q.

93 3261 147 3325 pro
161 3261 229 3320 que,
248 3243 275 3304 b.
292 3262 351 3327 pro
367 3245 429 3305 beu.
455 3237 603 3324 singulae
618 3237 748 3304 litterae
763 3238 794 3301 in
811 3239 968 3304 continua
982 3239 1146 3324 scriptura
1160 3239 1301 3303 omissae
1315 3260 1385 3303 sae-

93 3344 160 3426 pius
171 3365 192 3407 a
205 3353 322 3408 vetere
337 3340 471 3407 librario
486 3363 585 3426 super
599 3361 714 3406 versus
727 3339 915 3426 adscriptae
930 3349 1023 3424 sunt3
1037 3338 1133 3425 plura
1148 3339 1271 3404 recenti
1286 3353 1385 3404 manu

93 3453 254 3526 eorreota,
277 3443 442 3508 interdum
464 3443 563 3507 etiam
586 3451 696 3506 vetere
718 3441 881 3528 scriptura
901 3440 935 3506 in
956 3441 1160 3526 marginibus
1181 3463 1295 3508 umore
1316 3464 1386 3507 cor-

93 3547 170 3610 rosis
201 3543 317 3610 deleta
344 3544 473 3613 litterae
499 3543 686 3628 restitutae,
716 3543 774 3608 sed
801 3551 870 3608 tam
896 3540 981 3607 male
1002 3545 1109 3630 pictae
1132 3551 1223 3627 sunt,
1246 3554 1284 3608 ut
1305 3543 1385 3630 quid

94 3646 249 3735 scriptum
278 3646 380 3711 fuerit
407 3668 471 3711 non
499 3656 587 3712 certo
611 3646 781 3732 adpareat.
824 3645 876 3709 his
899 3653 1008 3709 autem
1030 3645 1193 3733 exeeptis,
1216 3667 1299 3732 quae
1320 3668 1386 3710 non

93 3750 135 3812 ita
161 3746 271 3814 multa
299 3757 393 3830 sunt,
420 3746 555 3835 reliquis
583 3748 662 3814 locis
690 3757 785 3813 vetus
813 3749 977 3834 scriptura
1005 3747 1086 3813 satis
1114 3757 1206 3813 certa
1233 3757 1267 3813 et
1287 3748 1387 3836 plana

94 3861 148 3916 est.
192 3851 230 3914 in
259 3850 285 3914 s.
310 3851 326 3914 1
356 3851 481 3937 scripta
509 3861 560 3916 est
588 3849 728 3938 epistula
754 3849 961 3935 grammatici
983 3848 1026 3914 ad
1048 3848 1188 3915 amicum
1210 3850 1384 3936 quendam,

95 3955 141 4017 oui
167 3952 295 4018 librum
322 3951 544 4039 inscripserat.
589 3951 647 4016 sed
675 3951 797 4017 detrita
829 3952 992 4039 scriptura
1023 3953 1059 4016 in
1091 3951 1259 4039 superiore
1290 3963 1387 4038 parte

93 4055 214 4141 primae
237 4054 381 4142 paginae
403 4054 576 4142 inscriptio
599 4051 759 4140 epistulae
781 4053 992 4141 cumprimis
1015 4055 1166 4120 versibus
1189 4053 1317 4120 duobus
1339 4055 1387 4120 ita

95 4155 199 4222 deleta
226 4165 299 4238 est,
326 4164 364 4221 ut
390 4177 515 4242 paucae
541 4155 671 4221 litterae
700 4153 895 4243 adpareant,
924 4178 1009 4244 quas
1036 4177 1102 4220 una
1129 4177 1203 4221 cum
1228 4156 1280 4221 iis.
1303 4177 1387 4242 quae

94 4258 273 4325 recentiore
301 4267 408 4324 aetate
436 4257 552 4323 addita
579 4267 656 4322 sunt
682 4259 717 4325 in
745 4259 910 4345 scriptura
935 4257 1057 4324 codicis
1080 4255 1218 4323 editioni
1239 4256 1388 4324 subiecta

96 4359 236 4426 exhibui.
283 4359 350 4424 Η
383 4358 475 4446 prior
505 4359 625 4447 pagina
657 4357 763 4426 solum
796 4359 928 4427 titulum
954 4357 1032 4424 libri
1059 4381 1080 4424 a
1106 4368 1218 4424 vetere
1251 4357 1387 4425 librario

96 4463 252 4549 scriptum
273 4460 435 4545 continet,
458 4466 540 4526 ARS
558 4465 757 4526 CLEDONII
775 4465 947 4527 ROMANI
962 4464 1198 4526 SENATORIS
1217 4465 1387 4527 OOSTAN-

97 4567 399 4646 ΤΙΝΟΡΟΖΙΤΑΜΙ
416 4567 701 4637 GRAMMATICI:
728 4564 853 4630 recenti
882 4586 981 4654 manu
1009 4563 1230 4649 subscriptum
1257 4573 1306 4629 est
1333 4568 1390 4628 ΑΙ)

97 4671 239 4732 FIDUM.
262 4665 341 4730 inde
356 4667 399 4731 ab
413 4664 518 4731 altera
531 4668 653 4752 pagina
671 4665 743 4754 ipse
763 4665 848 4731 liber
862 4667 1004 4755 scriptus
1027 4675 1186 4731 est‘nova
1208 4664 1321 4731 addita
1339 4665 1388 4729 in-

96 4768 281 4854 scriptione,
295 4771 561 4834 EXPLANATIO
579 4771 728 4835 TOTIUS
740 4769 744 4854 l
758 4771 885 4833 ARTIS
899 4772 1107 4833 COLLEOTA
1124 4771 1186 4832 EX
1194 4769 1392 4833 PIUERSIS

100 4877 206 4950 {CUM
226 4873 409 4937 aarum
431 4877 436 4950 Ι
459 4875 520 4936 DE
536 4873 747 4938 PARTIBUS
769 4873 996 4943 ORATIONIS
1010 4868 1101 4956 (ante
1122 4877 1302 4952 exfflanotto
1325 4867 1390 4933 alia

1144 4974 1187 5038 1*
