3350 5442
508 361 556 423 DE
578 361 701 442 DVBllS
724 360 932 423 NOhlllVlBVS
1297 361 1362 426 579

1183 484 1204 525 p.
1219 473 1293 512 'ill—81
1308 471 1334 514 H.

157 551 259 610 Funus
281 551 400 626 generis
422 550 537 618 neutri,
561 550 666 610 ‘lunus
688 548 744 609 hoe
766 552 969 629 exequimnr’.

157 652 252 712 Frons
274 653 394 729 generis
416 651 566 720 seminini,
590 657 624 710 ut
646 651 788 728 Virgilius
811 650 857 728 (A.
880 651 893 711 l
917 649 986 731 166)
1010 653 1125 713 ‘lroute
1141 652 1197 714 suh
1212 654 1358 714 adversa’.

156 753 280 814 Flumen
302 755 422 831 generis
444 754 557 821 neutri,
581 758 613 813 ut
635 755 784 815 Ausonius
806 754 920 814 ‘redite
943 771 1061 815 rursum
1083 755 1233 816 llumina'.

155 855 261 916 Vatum
283 857 403 933 generis
425 857 539 924 neutri,
562 863 595 914 61
616 854 757 933 Virgilius
781 853 827 934 (A.
850 855 904 915 llll
926 852 977 936 20)
1002 858 1077 917 ‘lata
1100 857 1254 936 Sychaei’.

38 971 51 1008 5
154 956 264 1018 Varum
291 958 412 1036 generis
439 958 554 1026 neutri,
583 965 615 1017 61
642 957 714 1018 illud
739 953 797 1036 (ps.
824 953 872 1028 18,
898 955 946 1037 11)
970 958 1078 1038 ‘super
1100 959 1158 1020 mel
1180 967 1210 1019 et
1232 961 1357 1021 lavum'.

67 1058 228 1138 pluraliter
250 1067 350 1120 autem
372 1059 445 1129 lavi;
467 1063 511 1120 sic
533 1065 566 1118 et
585 1059 668 1120 caeli.

155 1161 348 1221 Frumentum
370 1163 491 1238 generis
513 1165 626 1230 neutri,
658 1170 689 1221 ut
711 1161 852 1238 Virgilius
876 1158 915 1240 (a.
938 1158 1046 1242 1315)
1075 1164 1240 1224 ‘lromenta
1262 1166 1293 1224 in
1316 1167 1357 1224 ri-

68 1263 129 1322 ridi
153 1262 292 1342 stipula'.
337 1265 380 1322 sie
403 1272 433 1323 et
455 1263 614 1333 hordeum,
646 1260 1277 1345 161210)’66611660666610616616’.
1314 1268 1358 1326 sic

68 1373 99 1423 et
122 1367 240 1425 vinum:
264 1383 331 1424 nam
355 1371 385 1425 et
408 1363 548 1426 Salomon
571 1361 653 1444 (eccl.
676 1361 711 1436 2,
735 1360 765 1443 8)
789 1365 865 1426 dixit
887 1366 1031 1446 ‘scyphos
1053 1374 1083 1428 et
1104 1385 1210 1428 urceos
1232 1368 1268 1428 ad
1291 1371 1357 1429 vina

29 1483 53 1520 ro
69 1466 250 1527 lundenda'.
295 1465 346 1526 sed
370 1464 531 1545 prohibent
551 1469 747 1544 grammatici.
792 1468 844 1528 sed
866 1475 896 1528 el
918 1469 1058 1547 Virgilius
1081 1470 1156 1530 dixit
1177 1474 1261 1530 ‘nam
1284 1473 1358 1530 rivis

67 1568 155 1628 mella
183 1567 304 1628 lluent'.
349 1587 434 1629 omne
463 1571 542 1629 enim
570 1568 648 1648 quod
677 1577 818 1648 pensatur
847 1572 877 1630 in
906 1571 1027 1650 liquidis
1055 1571 1220 1633 masculino
1247 1590 1356 1649 genere

65 1672 253 1746 grammatici
275 1669 368 1730 scribi
391 1670 501 1731 volunt.

152 1771 306 1832 Filomella
339 1775 459 1849 generis
491 1773 642 1842 seminini,
682 1779 714 1832 61
751 1772 912 1852 Dynamius
952 1775 1045 1834 ‘laeta
1077 1775 1186 1836 sedens
1218 1776 1355 1838 lilomella

66 1873 202 1934 lronde'.
1047 1936 1049 1941 .

27 1993 52 2028 15
153 1975 281 2036 Germen
308 1979 428 2054 generis
455 1979 568 2044 neutri,
598 1983 630 2037 ut
658 1977 803 2038 luveneus
832 1973 860 2052 (l
884 1973 954 2058 703)
978 1982 1119 2059 ‘proprio
1141 1982 1266 2042 vestitur
1287 1999 1355 2058 ger-

67 2079 147 2137 mino
170 2079 280 2157 pomi'.

154 2179 300 2240 Gaudium
322 2183 443 2257 generis
465 2183 577 2250 neutri,
602 2189 634 2240 61
656 2180 729 2240 illud
751 2180 956 2242 ‘cumulantur
978 2183 1085 2260 gaudia
1107 2183 1223 2243 nobis’.

153 2280 282 2342 Gramen
314 2285 434 2359 generis
465 2283 577 2351 neutri,
612 2288 643 2341 61
669 2282 812 2360 Virgilius
847 2279 898 2361 (A.
928 2284 954 2344 ll
981 2282 1060 2364 471)
1096 2286 1190 2348 ‘mala
1222 2290 1356 2364 gramina

67 2391 169 2462 pastus
179 2387 199 2442 '.
276 2401 280 2410 ·

25 2503 51 2542 a,
153 2484 275 2545 Gladius
304 2487 423 2561 generis
451 2485 622 2555 masculini,
652 2495 685 2546 61
712 2486 852 2548 Scdulius
880 2486 903 2566 (l
927 2485 996 2570 151)
1026 2489 1177 2550 ‘fervidus
1205 2493 1355 2568 ingentem

65 2586 182 2663 gladius
204 2593 394 2647 consumeret
414 2587 558 2648 hostem'.

154 2687 254 2748 Genus
269 2690 389 2765 generis
412 2691 528 2760 neutri,
552 2700 585 2752 ut
598 2691 742 2768 Virgilius
758 2687 804 2768 (A.
821 2691 876 2751 llll
894 2687 942 2771 12)
959 2693 1073 2770 ‘genus
1087 2711 1152 2754 esse
1169 2695 1309 2756 deorum’
1326 2703 1356 2756 ot

66 2791 248 2851 Prudentius
271 2798 373 2850 eontm
395 2807 525 2870 paganos
553 2809 663 2871 genera
685 2792 777 2853 multa
800 2794 923 2854 deorum
945 2795 1106 2855 ridiculum
1128 2814 1204 2856 esse.

152 2892 231 2952 Gens
253 2895 371 2970 generis
392 2895 544 2965 l'cminini,
568 2904 601 2956 61
623 2894 766 2972 Virgilius
790 2893 833 2974 (A.
857 2896 869 2956 l
892 2891 943 2975 67)
967 2899 1056 2974 ‘gens
1076 2899 1200 2959 inimica
1221 2899 1323 2960 mihi’.

27 3014 51 3052 aa
155 2990 160 3074 )
185 2992 376 3073 Gymnasium
404 2998 525 3074 generis
554 2999 666 3068 neutri,
697 2999 773 3057 sicut
795 2997 954 3072 balncum:
984 3000 1014 3058 in
1042 2999 1197 3079 Apollonio
1218 3001 1354 3080 ‘gymna-

64 3097 144 3155 sium
167 3099 274 3173 patet’.

152 3195 260 3256 Guttur
287 3201 408 3275 generis
434 3202 549 3269 neutri,
578 3209 610 3261 ut
638 3200 781 3280 Virgilius
810 3199 862 3280 (A.
885 3201 922 3261 Vl
943 3199 1021 3283 421)
1052 3206 1215 3265 ‘trilormia
1237 3213 1356 3283 guttura

62 3299 226 3377 prarrdens'.

152 3401 231 3460 Grex
253 3403 373 3478 generis
395 3403 566 3472 masculini,
591 3411 622 3463 ut
637 3403 817 3464 Prudentius
834 3401 922 3483 (cath.
939 3403 968 3476 3,
989 3403 1058 3486 157)
1082 3411 1190 3485 ‘grege
1205 3409 1353 3470 candido'.
1404 3429 1407 3434 ·

58 3621 62 3629 ¹
152 3637 255 3688 216066
275 3639 336 3701 Cap.
355 3638 424 3690 2248
443 3641 507 3690 Noa.
527 3639 580 3690 204
660 3641 675 3689 7
691 3639 846 3692 frumentum
867 3633 943 3696 0606.
967 3642 1018 3702 34,
1033 3645 1075 3696 22.
1096 3644 1145 3705 93,
1164 3646 1182 3696 9
1200 3661 1256 3696 exo.
1278 3645 1353 3700 coar.

61 3706 124 3770 550,
147 3707 180 3758 26
199 3706 281 3762 Prisc.
302 3711 359 3774 175,
377 3711 409 3761 17
478 3710 512 3760 20
527 3709 631 3776 gladius
644 3710 708 3761 Non.
722 3710 773 3761 208
844 3714 876 3762 27
895 3722 982 3779 gutlur
1002 3713 1066 3764 Noa.
1086 3714 1136 3766 207
1154 3716 1239 3769 Prisc.
1257 3716 1316 3780 155,
1329 3718 1354 3772 7,

63 3779 124 3840 170,
145 3775 157 3827 l
231 3778 264 3830 29
284 3775 347 3845 g'rex
365 3780 430 3829 Non.
450 3777 500 3829 208
520 3781 595 3834 Odor.
617 3780 660 3840 02,
680 3781 714 3832 20

135 4018 266 4069 21606106
285 4018 332 4067 665
352 4020 384 4069 M
393 4020 446 4070 VL
516 4020 532 4071 3
550 4021 670 4070 auronius
696 4020 769 4071 redit*
786 4021 828 4070 M:
852 4023 923 4083 apud
938 4023 1075 4074 Ausonium
1096 4023 1175 4073 cerba
1190 4038 1240 4075 606
1256 4026 1356 4076 inventa

61 4095 122 4140 6661
168 4117 169 4122 =
192 4087 304 4138 5161616
320 4090 411 4153 priore
427 4090 481 4140 loco
501 4090 534 4139 M
600 4090 687 4141 01661
706 4100 730 4141 61
744 4092 807 4141 eseli
827 4090 912 4141 MVL
982 4092 1179 4159 linamentum]
1198 4095 1318 4145 frumenti
1332 4097 1356 4146 L

135 4157 215 4208 uiride
232 4159 327 4224 stipula
343 4160 377 4209 M
384 4159 408 4208 V
426 4160 508 4209 uiride
526 4159 633 4223 ustipula
648 4163 672 4211 L
741 4163 758 4212 9
773 4161 887 4226 scyphus
902 4175 927 4212 et
944 4178 1034 4213 urceus
1058 4162 1082 4210 V
1098 4162 1202 4229 sciphus
1221 4175 1246 4214 et
1263 4181 1356 4215 urceos

65 4229 88 4276 L
105 4226 170 4276 schu
189 4228 294 4294 sciphus
313 4239 337 4278 et
359 4241 449 4277 urceus
469 4231 503 4279 M
576 4229 608 4281 10
631 4231 775 4282 laudandas
794 4231 842 4282 sed
861 4232 996 4296 prohibent
1018 4230 1066 4281 hoo
1090 4235 1236 4299 grammicis
1255 4235 1280 4284 L

63 4295 201 4363 Virgilius]
223 4313 312 4364 georg.
334 4300 342 4348 l
365 4299 411 4351 132
436 4309 460 4347 et
483 4301 579 4364 passim
603 4301 665 4349 rivis
689 4303 814 4352 currentia
838 4303 898 4352 vina
922 4303 1058 4368 repressit,
1079 4303 1158 4356 56001.
1177 4303 1203 4367 3,
1221 4302 1256 4354 80
1279 4304 1355 4353 616116

63 4366 196 4416 1166611111
245 4368 275 4419 11
291 4369 448 4432 pensatnsL
502 4369 640 4421 masculino
659 4369 762 4438 genere]
779 4375 795 4423 l.
807 4371 930 4437 singulari
949 4374 1058 4422 numero
1107 4373 1139 4424 13
1157 4373 1285 4424 dinamius
1301 4376 1356 4424 ML

117 4438 151 4488 15
169 4439 300 4502 germinon
317 4440 385 4504 pomi
402 4438 435 4487 M
485 4439 518 4490 17
536 4439 693 4492 eomolanlur
712 4441 780 4491 MV
832 4441 864 4491 10
882 4457 973 4506 passos
993 4444 1016 4492 L
1068 4441 1102 4493 20
1119 4442 1226 4493 sidnlius
1241 4443 1307 4494 MV

62 4509 167 4572 ingente
180 4506 213 4556 M
221 4508 246 4556 V
250 4508 274 4558 L
343 4510 376 4560 22
394 4523 452 4558 esso
468 4524 513 4558 ora.
530 4508 598 4558 MV
646 4511 679 4562 23
692 4512 826 4564 Prudentia*
843 4527 928 4562 nomen
947 4528 994 4578 quo
1006 4514 1134 4576 pertineat
1148 4529 1197 4563 606
1207 4521 1307 4564 constat
1351 4516 1356 4576 ξ

64 4576 204 4626 radiculam
222 4578 245 4626 L
264 4578 369 4628 ridicula
385 4578 440 4630 0110
493 4577 796 4645 2416161106]161161Μ
865 4583 898 4632 25
915 4583 1064 4648 gennasium
1082 4591 1187 4649 utroque
1205 4584 1303 4634 loooL

63 4648 88 4694 iu
107 4645 254 4710 appollonio
274 4646 306 4696 M
313 4647 350 4698 V:
370 4651 395 4699 ia
412 4652 558 4700 6066011060
573 4665 656 4699 eorum
678 4667 742 4716 quae
760 4655 917 4718 contigerunt
935 4654 1068 4717 Apollonio
1084 4654 1171 4718 71610,
1193 4654 1295 4705 Venere·
1313 4671 1353 4717 op.

64 4718 103 4770 ed.
125 4715 237 4766 Norimd.
256 4733 280 4768 0.
301 4715 368 4769 1082
382 4734 408 4782 p.
426 4717 478 4770 686
496 4719 581 4769 666116
599 4719 680 4778 cives,
700 4721 786 4773 audite
799 4723 943 4789 peregrini,
962 4723 1067 4789 ingenui
1087 4733 1111 4772 et
1129 4722 1205 4785 servi,
1225 4723 1268 4788 qui
1287 4725 1353 4773 ablui

64 4785 125 4850 vult,
145 4789 307 4852 gymnasium
325 4797 402 4854 patet.
421 4791 583 4855 0606100616
597 4791 655 4840 midi
670 4792 790 4844 indicauit
804 4790 933 4855 Houptius
1014 4792 1048 4842 27
1069 4790 1166 4859 guttur]
1187 4804 1261 4857 gnato
1278 4794 1311 4856 L,
1328 4796 1355 4843 ia

63 4871 110 4919 pao
128 4867 216 4922 gultur
235 4883 268 4895 -
286 4859 400 4924 pandens
417 4860 575 4924 transposito
591 4868 647 4912 suat
662 4869 720 4924 posi
737 4878 802 4929 grex
820 4889 854 4901 -
871 4861 978 4914 0666160
