3350 5442
514 354 586 419 tus
615 355 680 417 Vlll
701 356 825 419 r-lx
849 358 865 416 l
1269 352 1333 419 435

74 474 94 515 p.
109 462 249 503 ure-rar.
1151 462 1306 516 naraon.

130 542 243 613 Qumta
263 544 433 623 coniugatio
454 542 501 605 vel
522 545 609 604 tertia
631 542 790 623 producta,
813 562 901 623 qnam
924 545 1118 623 imperativus
1139 544 1243 605 modus
1264 562 1332 623 pro-

52 644 91 705 dit
112 647 122 707 i
145 644 278 707 litteram
300 646 331 707 in
353 646 410 707 tlne
433 634 846 725 conservans‚'praetcritum
862 643 876 729 Η
897 647 1064 727 perlectum
1086 648 1118 707 in
1139 648 1168 705 vi
1190 644 1334 726 syllabam

51 748 139 807 mittit
169 746 215 808 vel
241 748 311 807 ini
339 748 500 828 duplicem,
528 754 561 809 ut
589 749 677 810 audio
704 749 803 810 audivi
831 748 877 809 vel
905 748 1001 819 audii,
1030 750 1132 809 munio
1154 750 1266 810 munivi
1288 747 1334 808 vel

51 849 155 918 munii,
179 851 278 911 saevio
300 849 408 911 saeviri
432 851 477 911 vel
499 850 604 920 saerii,
635 850 713 911 lenio
735 851 824 912 lenivi
847 851 893 912 vel
915 850 1005 921 lenii,
1035 849 1134 912 mollio
1156 849 1267 912 mollivi
1289 849 1334 910 vel

31 949 156 1021 amollii,
185 952 258 1012 tinio
284 952 365 1011 tinivi
392 951 438 1012 vel
465 954 545 1022 iinii,
567 954 661 1032 punio
679 954 785 1043 punivi
806 952 852 1015 vel
874 955 975 1033 punii,
999 954 1082 1033 sopio
1105 954 1197 1033 sopivi
1219 951 1265 1011 vel
1287 970 1333 1011 so-

51 1052 102 1130 pii,
130 1054 216 1113 accio
244 1054 337 1115 acciri
364 1053 411 1114 vel
438 1055 528 1125 accii,
559 1056 622 1115 scio
643 1057 716 1115 scivi
739 1054 785 1115 vel
806 1057 876 1125 scii,
899 1055 1002 1116 hinnio
1024 1055 1139 1117 binnivi
1160 1053 1205 1116 vel
1227 1053 1333 1122 binnii,

51 1172 82 1213 eo
102 1157 144 1215 ivi
168 1155 216 1216 rel
237 1156 277 1225 ii,
300 1173 373 1217 eaeo
395 1158 473 1218 exivi
495 1154 541 1215 vel
563 1158 637 1227 exii,
660 1158 730 1217 ineo
745 1157 818 1218 inivi
833 1157 878 1217 vel
894 1158 949 1219 inii
972 1164 1002 1217 et
1023 1162 1121 1217 cetera
1143 1155 1191 1217 his
1214 1154 1334 1216 similia.

50 1274 139 1338 pauca
169 1259 203 1319 in
223 1260 249 1319 si
277 1264 401 1327 exeunt,
425 1264 455 1319 et
476 1264 547 1318 sunt
567 1258 641 1319 haec
662 1259 742 1329 iere,
770 1261 867 1320 sarcio
889 1260 1096 1330 sarsi„iarcio
1118 1260 1206 1329 tarsi,
1229 1258 1335 1318 haurio

51 1358 146 1429 hami,
172 1361 257 1441 sepio
279 1362 374 1440 sepsi,
397 1361 494 1421 sentio
516 1361 610 1432 sensi;
633 1360 811 1431 ahainai,
840 1361 913 1423 baec
935 1361 1011 1432 sola,
1034 1362 1133 1425 sancio
1156 1362 1255 1431 sanxi,
1278 1360 1335 1423 iul·

22 1462 93 1523 urio
114 1461 205 1531 ivrlxi,
233 1461 330 1521 vincio
352 1462 440 1523 vinxi.
485 1479 577 1523 unum
604 1462 753 1523 invenitur
781 1462 861 1543 quod
882 1463 1008 1542 primam
1032 1462 1174 1542 syllabam
1196 1462 1227 1523 in
1248 1480 1335 1541 prae·

51 1564 122 1625 senti
151 1563 290 1645 corripit,
319 1563 349 1623 in
376 1565 539 1643 praeterito
561 1564 700 1643 producit
728 1566 814 1626 venio
837 1566 919 1635 veni;
949 1572 979 1625 et
1005 1564 1165 1645 composita
1188 1583 1223 1627 ex
1247 1582 1282 1625 eo
1304 1566 1335 1627 in

50 1662 124 1725 bunc
146 1665 270 1729 modum
291 1665 495 1745 proteruntur.
517 1685 536 1721 ιι
566 1667 669 1747 aperio
691 1668 808 1745 aperui,
832 1668 881 1729 cui
904 1668 1100 1747 compositum
1116 1666 1264 1737 dissentit,
1287 1684 1334 1728 re·

50 1768 131 1846 perio
153 1768 286 1849 repperi.
311 1766 315 1849 Ι

129 1868 165 1931 1ιι
192 1868 247 1930 bas
274 1868 337 1930 iere
367 1868 493 1948 syllabas
514 1871 612 1931 omnia
634 1870 739 1941 verba,
771 1890 847 1952 quae
872 1871 949 1931 trina
971 1871 1211 1948 coniugationnm
1233 1889 1337 1931 norma

22 1969 264 2050 aromplectitur,
286 1974 317 2033 in
339 1971 501 2051 praeterito
517 1972 665 2035 desinunt.
694 1973 747 2034 sed
768 1973 880 2054 nequid
903 1971 1103 2051 ambiguitatis
1125 1973 1246 2035 subesse
1268 1991 1336 2053 pos-

52 2073 88 2131 sit
107 2072 286 2143 lectoribus,
309 2092 369 2134 non
391 2072 642 2136 dissimulabimus
664 2075 701 2136 de
723 2076 782 2137 illis
805 2076 920 2147 dicere,
950 2094 1026 2155 quae
1048 2076 1155 2138 rationi
1183 2076 1335 2153 refragan-

52 2180 105 2234 tur.
149 2182 220 2235 sunt
247 2175 328 2235 enim
355 2174 445 2237 verba
473 2195 549 2257 quae
571 2178 707 2257 personis
728 2178 872 2240 deliciunt
900 2184 930 2238 et
956 2177 1165 2259 impersonalia
1188 2177 1335 2247 dicamur,

53 2275 103 2336 alia
124 2276 236 2347 modis,
260 2276 315 2337 alia
338 2275 537 2359 temporibus,
561 2277 617 2340 alia
639 2279 913 2357 coniugationibus,
940 2280 997 2341 alia
1018 2280 1194 2360 participiis.
1232 2279 1268 2339 de
1290 2278 1337 2339 bis

52 2395 239 2456 exponemus,
257 2385 288 2438 et
308 2381 439 2460 primum
461 2380 498 2440 de
519 2381 779 2459 impersonalibus,
803 2401 879 2461 quae
902 2389 953 2443 aut
975 2381 1122 2443 secundae
1145 2389 1214 2442 sunt
1235 2381 1336 2441 coniu-

22 2481 175 2555 ugationis
196 2486 249 2541 aut
269 2481 392 2551 tertiae,
415 2487 558 2562 quantum
573 2500 610 2544 ex
624 2484 713 2546 tertia
728 2502 856 2563 persona
872 2484 1067 2563 contemplari
1089 2482 1167 2543 licet.
1192 2505 1211 2541 ιι
1233 2499 1337 2542 eorum

54 2580 103 2642 alia
131 2584 335 2643 accusativum
362 2600 461 2645 casum
489 2584 627 2656 trahunt,
656 2591 690 2646 ut
718 2585 811 2665 pudet
838 2586 938 2647 taedet
959 2587 1041 2665 piget
1062 2584 1194 2665 poenitet
1215 2584 1338 2644 miseret

53 2682 149 2757 decet3
172 2683 231 2745 alia
253 2684 402 2756 dativum,
425 2693 459 2746 ut
478 2684 549 2747 licet
571 2686 665 2768 liquet
685 2686 767 2749 libet.
807 2706 899 2749 unum
922 2686 1067 2768 estquod
1089 2704 1158 2748 casu
1181 2704 1240 2746 non
1261 2684 1337 2745 indi·

53 2792 269 2869 get-oportet.
315 2793 345 2847 et
371 2789 469 2849 omnia
495 2790 691 2867 praeteritum
717 2790 748 2849 in
775 2790 820 2851 uit
848 2789 976 2869 syllabas
1004 2790 1140 2860 mittunt,
1170 2793 1204 2849 ut
1232 2787 1338 2868 puduit

54 2890 145 2968 piguit
166 2888 314 2971 poenituit
334 2887 417 2950 licuit
438 2888 527 2951 libuit
548 2890 656 2961 decuit,
678 2900 798 2971 praeter
821 2893 891 2962 tria,
915 2910 1041 2973 quorum
1064 2891 1122 2952 duo
1145 2890 1285 2951 deliciunt
1306 2890 1337 2949 in

22 2992 227 3070 epraeterito,
256 2990 349 3072 liquet
378 2998 409 3052 et
434 2991 548 3062 taedet,
576 3010 668 3053 unum
696 2996 780 3074 quasi
806 2997 953 3075 passivam
981 2993 1071 3055 babet
1098 2992 1337 3059 declinationem,

54 3094 188 3155 miseret:
216 3110 286 3163 nam
311 3094 479 3154 miseritum
507 3100 552 3154 est
579 3093 716 3156 dicimus.
760 3102 790 3156 et
816 3096 888 3159 licet
916 3102 1015 3159 tantm
1042 3103 1071 3155 et
1098 3094 1172 3155 libet
1203 3093 1239 3154 ad
1261 3093 1338 3153 hanc

54 3193 275 3256 similitudinem
301 3196 431 3275 proferri
458 3201 595 3277 possunt,
623 3196 736 3257 licitum
763 3206 810 3258 est
837 3206 868 3259 et
894 3198 1011 3260 libitum
1040 3205 1099 3267 est,
1132 3202 1163 3255 et
1184 3194 1285 3256 taedet
1306 3196 1338 3256 in

55 3298 213 3379 composita
234 3297 343 3375 figura,
366 3303 536 3379 pertaesum
559 3305 613 3359 est.
648 3299 752 3359 tertiae
775 3300 991 3378 coniugationis
1012 3294 1116 3381 imperi
1129 3296 1241 3358 sonalia
1263 3295 1337 3357 dati-

54 3416 116 3459 rum
138 3416 243 3461 casum
264 3398 437 3469 adsumunt,
460 3406 493 3460 ut
514 3400 659 3478 contingit
687 3402 786 3461 evenit
807 3401 917 3463 accidit
938 3401 1068 3481 expedit.
1112 3400 1256 3479 quaedam
1277 3398 1338 3477 pri·

23 3518 113 3562 omae
143 3499 362 3577 coniugationis
388 3501 597 3583 impersonalia
629 3504 835 3585 reperiuntur,
864 3510 898 3563 nt
925 3504 1005 3565 iuvat
1031 3508 1177 3582 praestat,
1212 3518 1286 3579 quae
1309 3505 1340 3560 et

143 3704 157 3755 l
178 3712 268 3767 quarta
285 3705 431 3771 coniugatio
449 3704 526 3760 Odor.
541 3704 601 3769 246,
621 3706 662 3758 17.
681 3721 741 3758 exe.
762 3705 837 3760 utar.
856 3705 917 3770 565,
935 3705 969 3758 76
1039 3706 1070 3758 17
1089 3706 1121 3756 de
1137 3703 1341 3769 inperaonalibus

55 3772 127 3828 Gloer.
142 3772 204 3833 753,
221 3773 248 3829 6.
267 3774 349 3827 Diam.
367 3773 428 3840 am,
447 3776 479 3827 11

56 3948 149 3997 candae
167 3954 192 3996 et
213 3955 254 3997 eet
270 3948 369 4013 primae
388 3947 574 4013 coniugationie
592 3960 610 4005 ς
678 3951 695 4000 2
714 3948 740 3999 in
757 3947 834 3999 linem
853 3955 987 3998 conseruat
1003 3948 1028 3997 F
1096 3944 1172 3998 trel
1191 3946 1272 3996 saevii
1292 3960 1337 3997 om.

56 4016 78 4064 P
145 4016 220 4067 drel
240 4017 288 4068 scii
306 4032 354 4071 om.
372 4018 398 4069 P
464 4018 480 4069 7
499 4033 529 4069 eo
549 4018 583 4067 ibi
602 4017 642 4068 uel
660 4019 678 4069 ii
696 4018 729 4080 P,
748 4035 795 4073 oar.
813 4020 859 4077 ne
920 4017 1033 4070 diulcio
1053 4013 1129 4081 iulxi]
1149 4015 1220 4066 ialtio
1239 4014 1302 4065 lalxi
1317 4017 1342 4065 P

120 4088 258 4153 leoperto
276 4089 365 4153 aperui
383 4088 423 4138 evi
442 4089 602 4169 coppositum
622 4088 745 4141 dementit
763 4089 879 4155 repperio
898 4089 998 4155 repperi
1016 4088 1042 4137 F
1056 4086 1143 4153 aperio
1161 4086 1250 4151 aperui
1261 4087 1340 4135 cuius

55 4157 220 4239 compositam
245 4157 362 4209 dissentit
385 4160 502 4225 repperio
521 4158 623 4223 repperi
644 4172 661 4215 ς
683 4174 699 4209 a
716 4174 788 4225 pano
807 4160 950 4224 composita
969 4157 1147 4209 dissentiunt'
1141 4170 1167 4205 m
1193 4156 1338 4221 praeterito.

55 4228 140 4290 aperio
161 4227 229 4275 enim
251 4228 341 4295 aperui
364 4226 441 4289 iacit,
463 4227 551 4293 operio
575 4229 672 4293 operui
703 4230 802 4295 reperio
817 4238 902 4279 autem
921 4229 1017 4295 reperi,
1038 4236 1062 4277 et
1081 4226 1209 4292 comperio
1228 4227 1340 4291 comperi

55 4296 193 4353 Patrcba'ac.
212 4298 306 4348 ἱαιιιιια
323 4313 395 4363 quara
413 4298 522 4349 brdicaai
539 4300 656 4362 evemplo
670 4298 799 4350 rerbmum
814 4315 890 4353 ecc.
911 4299 983 4349 venio
1001 4298 1183 4362 cooperirentur
1200 4304 1226 4347 et
1253 4296 1339 4359 destoi-

56 4368 84 4416 u'o
98 4369 197 4419 iiim
217 4382 283 4431 qaae
294 4369 483 4434 prouentum·
472 4384 499 4417 ιιι
513 4367 540 4417 ni
554 4368 653 4433 sociant
669 4371 798 4421 εωιίᾱὶιιε
813 4369 932 4420 ridentur
999 4367 1116 4433 repperio
1132 4366 1234 4433 repperi
1247 4365 1274 4414 P

57 4436 86 4487 16
100 4433 146 4502 de]
163 4436 210 4487 sed
228 4439 253 4489 P
322 4436 501 4504 refrangantur
517 4437 543 4488 P
557 4437 722 4504 tetragami*
790 4440 823 4491 17
840 4453 905 4502 quae
921 4438 946 4487 ia
963 4437 1081 4503 personis
1099 4436 1221 4487 deliciunt
1239 4445 1264 4485 et
1282 4450 1339 4499 per-

57 4506 153 4557 sonalia
169 4508 196 4557 P
261 4506 297 4559 ²0
312 4508 427 4559 lamam
443 4524 517 4573 quara
528 4509 637 4559 indicavi
652 4510 777 4574 supplerit
790 4508 933 4571 ΡιιιιεΙιίιιι,
952 4520 1015 4571 quae
1034 4506 1161 4557 secundae
1180 4506 1339 4571 coniugatio-

57 4576 92 4624 ais
110 4586 180 4639 aunt,
198 4591 287 4627 eorum
299 4577 349 4627 alia
366 4586 414 4629 etc.
427 4593 573 4644 quanqum
586 4581 664 4641 puero
679 4578 793 4639 [ortam
810 4581 843 4631 de
854 4579 1025 4631 terminatione
1039 4577 1232 4640 inperconctiarn
1242 4576 1341 4639 septa

57 4654 138 4697 erant:
162 4647 197 4707 es.
216 4648 283 4701 Dor.
305 4664 332 4713 p.
350 4647 415 4713 384,
432 4650 467 4701 24
485 4662 550 4711 qnae
569 4661 628 4697 vero
647 4648 672 4699 in
689 4657 714 4697 et
732 4658 841 4714 exeant,
856 4664 886 4699 ea
904 4648 980 4699 modo
998 4647 1085 4697 dativo
1102 4645 1178 4699 modo
1196 4646 1339 4697 accusativo

57 4717 124 4767 mni
138 4716 253 4767 serviunt
321 4718 356 4767 22
373 4726 401 4768 ut
418 4717 477 4769 licet
497 4717 562 4778 liqui
584 4726 609 4766 et
625 4731 705 4768 unum
726 4726 764 4769 eet
781 4721 815 4769 P.
874 4717 907 4770 23
926 4718 952 4767 in
971 4718 1009 4767 uit
1026 4715 1149 4782 syllabam
1163 4714 1243 4772 Pre
1261 4717 1286 4765 in
1304 4716 1341 4765 uit

57 4787 149 4839 diuisas
168 4786 281 4852 syllabas
304 4786 436 4848 Paracletus
504 4785 539 4850 20
562 4786 693 4849 misertum
716 4797 755 4843 ert
778 4789 887 4848 dicimus
910 4788 967 4847 ticet
990 4794 1074 4845 tamen
1096 4796 1121 4839 et
1143 4790 1180 4850 (et
1201 4793 1286 4840 tamen
1303 4785 1340 4851 F)

57 4856 113 4909 libet
130 4858 176 4918 Fe
