3350 5442
544 350 594 412 ΒΕ
617 350 763 413 NOMINE
788 355 923 411 11-22
1312 353 1375 418 559

1183 474 1205 514 p.
1219 463 1308 504 181-33
1321 463 1348 502 V.

169 535 273 598 Omnia
302 556 335 597 er
363 540 537 607 terminata,
567 557 634 598 cum
663 541 769 600 amissa
793 559 809 598 e
832 542 897 600 siue
920 542 1105 600 incremento
1126 545 1289 619 genitivum
1311 546 1372 604 siu·

83 639 217 716 gularem
251 659 305 719 per
337 642 378 700 ris
413 639 554 719 syllabam
586 642 754 720 proleraut,
785 643 814 701 in
843 641 920 702 banc
948 651 1126 704 commutata
1156 645 1236 706 lmali
1263 644 1372 724 syllaba

83 761 171 800 rasus
193 743 380 812 nominativi,
405 741 564 803 ablativum
580 741 759 820 singularem
775 743 862 803 modo
885 761 902 802 e
922 745 1029 804 tinient
1050 762 1143 824 eaque
1166 749 1197 806 in
1221 765 1270 806 um
1293 766 1372 806 com-

83 850 196 904 mutata
219 844 330 904 sacient
352 846 514 922 genitivum
536 842 696 924 pluralem,
726 853 758 904 ut
780 845 829 904 bic
852 852 936 924 pater
958 846 1048 906 buius
1068 848 1163 925 patris
1185 847 1222 908 ab
1245 850 1299 908 hoc
1322 869 1372 928 pa-

53 957 128 1006 stro
159 946 264 1006 horum
293 954 427 1026 patrum,
455 946 528 1007 haec
557 955 652 1008 nrater
679 947 769 1006 huius
796 948 903 1007 matris
929 946 967 1007 ab
989 947 1044 1008 hac
1066 956 1161 1009 matre
1183 949 1287 1010 barum
1311 969 1371 1012 ma·

81 1056 176 1108 trum:
207 1047 293 1109 modo
322 1051 347 1116 i,
377 1056 406 1108 ot
434 1048 587 1129 adsumpta
617 1067 666 1109 um
694 1047 807 1128 syllaba
829 1049 941 1109 sacient
962 1052 1124 1126 genitivum
1151 1050 1311 1130 pluralem,
1341 1061 1373 1112 ut

80 1151 131 1210 bic
160 1149 257 1210 imber
284 1150 372 1210 huius
400 1149 507 1210 imbris
534 1149 570 1211 ab
599 1149 654 1210 hoc
683 1149 773 1211 imbri
801 1149 909 1210 horum
936 1150 1092 1222 imbrium,
1122 1152 1172 1213 bic
1195 1160 1262 1214 uter
1284 1155 1372 1216 buius

80 1254 160 1312 utris
187 1252 224 1312 ab
252 1253 308 1314 hoc
336 1253 396 1313 utri
423 1252 530 1313 horum
558 1254 680 1313 utrium.
725 1270 793 1312 cum
817 1270 886 1312 vero
908 1271 941 1312 er
963 1262 1100 1314 nraucute
1124 1254 1204 1315 smali
1227 1257 1253 1315 is
1276 1257 1371 1316 adsci-

81 1356 179 1416 verint
202 1353 360 1433 syllabam,
390 1353 550 1415 ablativum
580 1354 762 1432 singularem
789 1373 806 1414 e
835 1353 1039 1415 terminabunt
1060 1374 1153 1435 eaque
1175 1358 1207 1417 iu
1230 1376 1280 1418 um
1302 1377 1372 1418 con-

42 1473 167 1515 reversa
197 1456 308 1516 sacient
336 1452 508 1536 gelnitivum
537 1457 698 1536 pluralem,
727 1461 759 1515 ut
787 1473 891 1535 passer
912 1459 1044 1536 passeris
1065 1477 1186 1537 passere
1208 1477 1371 1538 passerum,

79 1576 171 1617 auser
195 1559 310 1618 anseris
333 1576 439 1618 ansere
462 1577 615 1627 anserum,
639 1576 753 1638 pauper
776 1559 918 1637 pauperis
939 1577 1070 1638 paupere
1093 1578 1268 1640 pauperum,
1291 1562 1373 1622 celer

78 1661 189 1721 celeris
211 1661 309 1720 celere
332 1661 478 1730 celerum;
507 1662 551 1722 sic
574 1667 604 1720 et
631 1659 705 1720 uber
729 1646 871 1740 [οὖθαρ]
896 1659 984 1719 tuber
1009 1654 1145 1742 [ὕδνον]
1169 1662 1255 1739 giber
1278 1659 1373 1744 [xiia
1449 1650 1453 1656 ’

77 1761 187 1842 ampo]
213 1770 242 1822 et
258 1781 326 1822 acer
343 1757 603 1842 [optvoapvogy
627 1763 744 1841 quando
760 1761 898 1822 arborem
918 1764 1079 1839 significat,
1104 1764 1173 1824 licet
1195 1765 1372 1844 quibusdam

78 1865 153 1924 baec
182 1882 286 1924 aceras
313 1866 495 1925 nominativo
523 1864 581 1925 dici
605 1863 715 1924 debere
737 1864 869 1943 placeat;
898 1866 942 1924 sic
964 1872 994 1924 et
1015 1866 1102 1945 piper
1124 1868 1205 1926 cicer
1229 1863 1371 1946 [ἐρέβιν-

39 1987 63 2025 15
77 1965 156 2046 θος]
181 1965 284 2026 aether
306 1967 381 2026 siser
403 1984 463 2036 aer,
488 1973 518 2026 et
540 1968 624 2045 siqua
648 1966 766 2027 similia.
811 1968 908 2026 omnia
932 1969 1021 2026 etiam
1044 1985 1120 2045 quae
1143 1986 1179 2028 er
1201 1970 1372 2030 nominibus

77 2069 213 2128 derivata
241 2075 287 2128 ter
314 2067 426 2148 syllaba
455 2070 651 2129 terminantur
680 2075 710 2128 et
737 2069 880 2129 feminina
908 2087 945 2128 ex
974 2087 1006 2128 se
1034 2071 1149 2129 iaciunt
1176 2072 1231 2130 tris
1259 2069 1372 2151 syllaba

79 2171 253 2240 terminata,
278 2177 310 2230 ut
331 2170 380 2230 bic
402 2177 542 2249 equester
564 2169 636 2230 baec
652 2171 813 2250 equestris,
838 2176 1005 2248 campester
1024 2174 1216 2249 campestris,
1240 2173 1372 2252 paluster

77 2272 236 2351 palustris,
260 2271 388 2332 ablativo
411 2289 482 2332 casu
509 2272 652 2350 singulari
676 2274 685 2332 i
714 2272 858 2332 liniuntur
880 2279 910 2330 et
932 2271 1030 2332 addita
1054 2291 1103 2332 um
1126 2272 1235 2353 syllaba
1259 2275 1371 2336 iaciunt

75 2376 242 2451 genitivum
271 2374 427 2456 pluralem,
458 2373 494 2434 ab
528 2375 583 2434 boc
611 2375 742 2453 equestri
770 2373 876 2433 horum
899 2376 1093 2453 equestrium.
1130 2393 1199 2435 acer
1221 2384 1250 2436 et
1273 2377 1372 2438 alacer
1413 2425 1422 2450 ,

35 2496 62 2534 ao
78 2468 113 2556 [d
137 2469 326 2554 πρόθυμος]
351 2475 478 2536 ablativo
500 2494 569 2536 caso
592 2475 736 2553 singulari
761 2477 770 2534 i
793 2476 937 2536 liniuntur
953 2483 983 2535 et
1004 2476 1102 2536 addita
1118 2495 1167 2536 um
1189 2479 1300 2539 facient
1320 2498 1370 2555 ge·

76 2580 205 2638 nitivum
228 2577 389 2657 pluralem,
419 2578 456 2638 ab
479 2578 534 2638 boc
557 2580 618 2638 acri
642 2578 747 2637 borum
770 2579 898 2646 acrium,
927 2576 963 2638 ab
992 2575 1048 2637 boc
1071 2577 1160 2640 alacri
1182 2579 1287 2640 horum
1310 2581 1370 2642 ala-

76 2681 192 2748 crium,
216 2678 287 2739 licet
308 2679 356 2738 bic
379 2677 486 2748 alacris
510 2679 620 2740 lectum
643 2681 697 2739 sit:
720 2676 869 2756 Vergilius

938 2792 975 2840 ut
997 2781 1099 2842 videt

232 2885 394 2953 Aenean,
420 2883 560 2944 alacris
582 2882 722 2962 palmas
745 2891 924 2961 utrasque
947 2882 1120 2943 tetendit.

36 3005 63 3043 rs
77 2985 131 3045 sod
156 2983 263 3044 melius
285 2992 344 3054 ost,
369 2987 460 3045 immo
482 2985 608 3054 rectius,
631 2985 681 3045 hie
705 2985 802 3046 alacer
825 2993 855 3044 et
877 2985 950 3045 baec
972 2984 1092 3055 alacris,
1126 2995 1158 3045 ut
1180 2987 1228 3046 hic
1251 3005 1319 3047 acer
1341 2997 1373 3049 et

77 3089 154 3147 baec
177 3088 264 3146 acris.
310 3087 378 3146 inde
402 3089 482 3148 euim
505 3089 594 3146 etiam
617 3094 723 3146 neutra
744 3086 800 3146 hoc
824 3104 893 3148 acre
916 3094 947 3146 et
967 3087 1023 3146 boc
1046 3087 1157 3156 alacre,
1186 3091 1265 3149 sicut
1292 3109 1371 3152 cam·

79 3196 181 3269 pestor
204 3190 380 3268 campestris
403 3194 584 3268 campestre,
609 3197 748 3268 equester
764 3191 913 3268 equestris
931 3197 1081 3267 equestre.
1112 3197 1268 3267 praeterea
1283 3193 1371 3253 etiam

77 3291 255 3370 superlativi
277 3291 387 3367 gradus
410 3291 513 3368 regula
536 3291 614 3350 bunc
637 3291 729 3368 exigit
751 3292 981 3360 nominativum,
1010 3293 1062 3370 qui
1084 3290 1229 3351 detractis
1251 3291 1372 3371 syllabis

79 3392 193 3453 ultimis
220 3390 334 3452 duabus
361 3392 396 3453 ad
424 3395 583 3472 positivum
612 3393 705 3462 redit,
736 3399 767 3453 ut
789 3394 954 3453 acerrimus
977 3409 1060 3460 acer,
1090 3393 1168 3452 sicut
1189 3396 1373 3471 asperrimus

35 3515 62 3552 :vo
78 3513 182 3574 asper,
207 3495 389 3571 nigerrimus
411 3495 512 3572 niger,
541 3495 751 3574 pauperrimus
772 3511 896 3573 pauper.
941 3493 1088 3572 luppiter,
1112 3511 1179 3553 cum
1203 3497 1242 3554 sit
1263 3488 1371 3574 ἑτερό-

77 3595 212 3665 κλιτον,
241 3595 361 3673 regulae
395 3598 517 3656 minime
545 3595 724 3664 subicietur,
753 3594 887 3674 luppiter
914 3593 992 3655 lovis
1024 3595 1084 3654 lori
1117 3595 1216 3655 lovem
1244 3595 1281 3656 ab
1314 3596 1371 3656 boc

77 3699 157 3760 love.
189 3699 287 3758 omnia
308 3715 342 3756 or
364 3700 523 3758 terminata
539 3696 666 3759 ablativo
688 3697 832 3773 singulari
856 3716 872 3756 e
895 3697 1038 3757 liniuntur
1058 3714 1151 3775 eaque
1175 3699 1206 3757 in
1228 3715 1279 3756 um
1300 3715 1370 3757 con·

76 3819 164 3860 versa
181 3799 290 3860 facient
309 3801 472 3876 genitivum
489 3798 649 3878 pluralem,
668 3805 787 3877 praetor
804 3805 942 3877 praetore
962 3806 1150 3875 praetorum,
1173 3806 1256 3858 actor
1271 3805 1371 3859 actore

76 3909 223 3971 actorum,
237 3901 344 3962 Nestor
356 3901 482 3963 Nestore
496 3900 662 3970 Nestorum,
676 3899 766 3960 arbor
778 3899 886 3959 arbore
902 3898 1052 3969 arborum,
1069 3919 1122 3960 cor
1137 3899 1226 3960 corde
1237 3899 1370 3970 cordum,

35 4023 61 4059 as
76 4022 209 4064 marmor
230 4022 377 4064 marmore
400 4021 596 4073 marmorum,
621 4021 732 4082 aequor
754 4019 883 4081 aequore
905 4019 1078 4081 aequorum.
1115 4000 1189 4062 nihil
1212 4003 1370 4080 excipitur.

77 4106 177 4166 omnia
200 4107 289 4166 etiam
313 4123 349 4165 ur
370 4107 528 4166 terminata
550 4105 648 4166 eidem
667 4105 788 4183 regulae
803 4107 952 4174 serviunt,
976 4112 1009 4164 ut
1030 4111 1128 4164 turtur
1144 4111 1259 4164 turture
1274 4111 1371 4164 turtu-

77 4227 160 4278 rum,
177 4225 272 4285 augur
287 4225 398 4285 augure
414 4225 568 4284 augurum,
585 4209 634 4268 lur
648 4208 714 4267 lure
730 4209 838 4276 lurum,
859 4224 994 4266 murmur
1008 4224 1161 4267 murmure
1174 4223 1370 4266 murmurum.
1437 4273 1443 4287 ,

164 4309 270 4372 Omnia
293 4329 325 4370 as
349 4312 506 4371 terminata
529 4308 656 4370 ablativo
679 4329 748 4371 casu
777 4309 922 4386 singulari
945 4327 962 4367 e
984 4309 1129 4369 liniuntur
1151 4325 1244 4386 eaque
1266 4309 1298 4366 in
1320 4325 1372 4366 um

77 4427 222 4480 conversa
250 4413 364 4473 iaciunt
391 4413 555 4489 genitivum
582 4410 745 4490 pluralem,
768 4430 822 4472 seu
844 4428 949 4488 graeca
972 4411 1085 4471 luerint
1106 4428 1160 4471 seu
1182 4405 1294 4485 laltiua,
1317 4426 1372 4468 seu

36 4516 69 4572 ω’
78 4513 243 4576 masculina
271 4533 324 4574 seu
351 4515 510 4583 feminina,
541 4519 574 4573 ut
601 4512 699 4574 Thoas
727 4512 860 4573 Thoante
894 4512 1076 4582 Thoantum,
1110 4511 1214 4572 dorcas
1243 4509 1370 4570 dorcade

78 4615 256 4684 dorcadum,
280 4635 351 4677 anas
375 4606 410 4695 [ἡ
427 4611 550 4693 νῆσσα]
568 4622 654 4675 anate
670 4623 802 4684 anatum,
819 4634 883 4675 mas
897 4632 979 4676 mare
994 4633 1126 4687 marum,
1148 4631 1181 4673 as
1205 4605 1240 4692 [ἡ
1257 4609 1369 4691 λίτρα]

150 4749 192 4819 ld
203 4729 384 4820 versiones—B
455 4767 488 4820 15
506 4769 737 4832 sisereoepwrctwn
754 4776 791 4818 cat
808 4769 834 4818 in
851 4767 877 4817 B
949 4767 1027 4818 '23ot
1051 4764 1130 4833 videt]
1156 4765 1316 4830 νημαι.
1337 4765 1371 4813 Vl
1438 4739 1448 4752 Χ

77 4839 129 4891 684
202 4831 556 4908 th‘rqooa]unnccaB
