3350 5442
313 331 356 396 34
874 327 1049 392 CLEllONll

340 439 507 497 umen

731 597 734 606 ι
829 535 877 597 DE
899 534 1096 596 Postrvuts

162 668 220 729 372,
235 667 311 717 loli
397 659 548 720 Positurae
570 675 585 717 a
608 655 747 737 ponendo
770 653 876 715 diotae.
912 653 991 714 unde
1006 660 1036 713 et
1050 653 1149 714 theses
1164 653 1325 714 dictae-
1341 653 1376 712 Vt
1396 660 1441 712 est
1462 649 1535 711 illud
1550 651 1603 711 'le-

268 759 545 830 19renti,‘iaoio
568 766 603 834 te
625 756 717 838 apud
740 755 844 822 illum
866 755 997 817 deum'.
1023 790 1062 799 -
1085 755 1205 816 bledia
1228 762 1297 816 est:

464 861 655 941 principio
677 858 816 920 caelum
840 876 881 918 ao
902 863 1027 918 terras
1049 875 1272 937 camposque
1293 856 1486 937 liquentes

462 963 732 1042 lucentemque
754 958 904 1039 globum
927 957 1036 1020 lunae
1058 959 1284 1039 Titaniaque
1308 957 1313 1040 Ι
1338 965 1453 1027 astra,

266 1073 435 1147 eapropter
457 1064 580 1144 longum
604 1080 739 1133 sensum,
762 1069 795 1123 ut
818 1060 981 1123 habeamus
1002 1060 1175 1121 dilationem
1197 1059 1376 1140 respirandi.
1397 1095 1440 1104 —-
1463 1059 1605 1120 Periodos

312 1176 358 1228 est
389 1165 538 1228 conclusio
572 1168 662 1228 totius
694 1183 813 1232 sensus;
855 1181 970 1224 comma
999 1172 1045 1225 est
1070 1181 1195 1263 caeqpra
1228 1163 1310 1224 linita
1338 1181 1406 1223 cum
1436 1181 1541 1231 sensu,
1576 1169 1607 1221 ut

312 1271 465 1332 ‘Caesar
498 1270 534 1330 in
563 1288 658 1330 arma
692 1269 855 1333 lurens';
890 1265 977 1326 colon
1011 1275 1056 1326 est
1088 1283 1210 1328 caesura
1243 1272 1340 1332 curta.
1373 1273 1407 1326 ut
1441 1263 1605 1326 ‘ltaliam

310 1373 388 1432 lato
416 1370 625 1451 prologus’.

766 1621 864 1698 ARS
906 1621 1148 1698 SECVNDA

666 1777 719 1838 on
746 1775 971 1872 enarrevs
1000 1776 1245 1839 onlrronrs

266 1942 299 1992 26
397 1931 444 1993 Ex
473 1932 530 1992 bis
558 1931 654 1991 duae
682 1939 767 1992 sunt
794 1931 1045 2012 principales,
1074 1950 1205 1992 nomen
1233 1940 1268 1992 et
1289 1929 1458 1992 verbum:
1493 1948 1530 1990 ex
1553 1947 1607 1988 no·

309 2036 389 2095 mine
412 2042 442 2095 et
456 2031 547 2095 verbo
569 2049 664 2111 genus
687 2033 797 2094 ducunt
819 2040 937 2093 ceterae
958 2041 1068 2113 partes.
1084 2068 1127 2076 -
1141 2032 1389 2113 Principales:
1414 2034 1479 2094 sine
1495 2029 1607 2112 quibus

309 2134 390 2216 loqui
423 2153 484 2197 uon
517 2152 684 2214 possumus.
727 2133 807 2196 unde
836 2144 867 2194 et
892 2136 1008 2214 primae
1035 2144 1134 2215 partes
1167 2136 1308 2197 orationis
1336 2130 1502 2215 ponuntur,
1538 2134 1606 2214 quia

309 2237 440 2317 reliquae
469 2237 574 2299 harum
603 2243 673 2299 sunt
699 2245 809 2317 partes.
860 2253 1026 2317 pronomen
1054 2236 1111 2296 hoc
1140 2244 1185 2297 est
1213 2232 1218 2318 Ι
1249 2255 1345 2316 paene
1372 2236 1451 2316 quod
1478 2249 1641 2301 nomon;1⁵

309 2338 482 2401 adverbium
512 2357 589 2418 quae
616 2357 686 2419 pars
713 2339 778 2400 sine
806 2338 898 2400 verbo
925 2357 986 2400 non
1013 2340 1138 2419 patitur;
1176 2340 1366 2419 participium
1389 2337 1504 2399 babere
1524 2340 1606 2399 enim

308 2443 387 2522 parti
405 2442 534 2502 nominis
557 2449 587 2502 et
608 2441 691 2502 verbi
713 2441 918 2520 coniungitnr;
941 2441 1070 2501 nominis
1084 2446 1114 2500 et
1135 2439 1219 2501 verbi
1241 2442 1362 2521 ponitur
1377 2437 1561 2511 coniunctio,
1587 2460 1605 2490 o

310 2544 423 2604 nomini
439 2550 538 2604 autem
553 2545 747 2624 praeponitur
760 2541 904 2613 etverbo;
920 2543 1087 2603 interiectio
1103 2543 1216 2604 nomini
1231 2541 1389 2622 adponitur
1402 2550 1431 2603 et
1446 2541 1549 2603 verbo.
1563 2577 1607 2586 —

261 2648 294 2697 2⁷
308 2644 530 2709 Articulum:
554 2646 631 2707 male
654 2645 727 2706 dixit
749 2645 889 2706 Donatus.
935 2643 1080 2706 babemus
1102 2653 1201 2706 autem
1223 2643 1379 2736 ordeolus,
1403 2645 1510 2705 sedin
1533 2663 1606 2723 pro-

307 2749 442 2819 nomine,
467 2766 528 2808 non
549 2749 580 2808 in
603 2749 737 2817 nomine,
760 2756 793 2808 ut
815 2747 930 2808 Graeci.
973 2739 1012 2806 τὰ
1033 2739 1167 2827 ἄρθρον
1188 2765 1256 2808 cum
1278 2749 1309 2809 io
1332 2748 1452 2809 nomine
1473 2744 1642 2807 habeantur

307 2851 426 2920 Graeci,
460 2851 699 2912 interiectionem
731 2850 763 2909 in
794 2848 933 2909 adverbio
967 2856 1152 2909 enumerant.
1203 2849 1262 2910 beu
1294 2847 1467 2911 adverbium
1495 2849 1606 2910 Graeci

306 2952 421 3022 dieunt,
445 2949 541 3012 Latini
562 2952 808 3012 interiectionem.
855 2967 927 3028 ergo
942 2968 998 3009 noa
1013 2949 1170 3011 articulum
1186 2959 1354 3030 separatum
1370 2968 1429 3011 non
1445 2949 1606 3020 habemus,

260 3057 293 3104 ‘28
306 3052 412 3114 Graeci
441 3053 687 3115 interiectionem.
720 3088 763 3097 —
794 3049 970 3112 Aristoteles
999 3051 1071 3113 duas
1096 3053 1181 3128 dicit,
1217 3055 1302 3115 stoici
1335 3056 1481 3134 quinque,
1515 3051 1607 3114 multi

307 3172 428 3224 novem,
452 3153 536 3215 multi
559 3154 677 3224 decem,
700 3152 836 3234 plerique
858 3153 1006 3215 undecim.

848 3324 896 3384 ou
917 3324 1062 3386 nouruu
1108 3304 1111 3308 ’
1619 3341 1645 3381 e

204 3457 291 3518 avua
389 3443 504 3506 Nomen
532 3451 582 3510 aut
610 3441 795 3522 corporalem
822 3461 888 3504 rem
916 3444 1062 3521 significat
1089 3453 1140 3505 aut
1160 3445 1387 3526 incorporalem.
1433 3443 1607 3526 corporalia

304 3553 373 3607 sunt
397 3541 400 3626 l
423 3565 500 3627 quae
527 3553 556 3606 et
583 3550 744 3622 tanguntur
773 3555 803 3606 et
823 3545 975 3616 videntur,
1000 3552 1033 3607 ut
1054 3546 1143 3608 bomo
1165 3554 1246 3609 terra
1269 3567 1364 3617 mare;
1401 3545 1605 3628 incorporalia

305 3655 374 3708 sunt
396 3665 471 3726 quae
493 3665 553 3708 non
581 3653 741 3725 tanguntur
764 3655 793 3708 et
815 3647 967 3716 videntur,
1005 3654 1038 3707 ut
1060 3647 1171 3709 eaelum
1196 3649 1240 3710 sol
1263 3655 1328 3718 aem
1366 3648 1422 3710 alia
1444 3667 1521 3730 quae
1542 3667 1605 3710 nec

276 3755 465 3826 otanguntur
487 3767 542 3810 neo
563 3748 716 3820 videntur,
741 3757 773 3810 ut
792 3749 889 3830 pietas
910 3750 1020 3811 iustitia
1042 3749 1179 3828 dignitate.
1203 3752 1357 3813 —Vnius
1378 3751 1506 3813 hominis
1528 3769 1605 3830 pro·

302 3852 367 3930 pria
401 3851 521 3910 nomina
554 3848 758 3934 appellanlitur
792 3849 1010 3930 [multorum
1043 3850 1262 3915 vocabulum
1295 3853 1407 3914 iaciunt
1438 3872 1474 3914 ex
1506 3872 1539 3915 se
1574 3856 1646 3915 siut

375 4022 437 4074 θοὰ,
456 4021 536 4073 Bem.
556 4021 578 4069 V
599 4018 713 4072 7-8*.
801 4021 921 4072 'liberis
1006 4021 1063 4074 illut
1082 4022 1173 4075 ferenti
1261 4023 1450 4089 badspirandi
1468 4024 1601 4090 principio

303 4091 434 4143 conclusio
506 4093 612 4140 icomc
631 4100 818 4142 estocesusrae
836 4092 918 4155 (corr.
940 4091 1028 4156 urae)
1046 4094 1071 4142 io
1091 4095 1127 4145 ita
1145 4109 1203 4144 curn
1255 4092 1371 4161 8ooloo]
1392 4093 1449 4144 eolo
1500 4093 1603 4159 ilpro·

302 4163 382 4214 iuvne
408 4161 512 4227 explicit
535 4175 576 4210 ars
600 4164 691 4226 prima.
716 4162 826 4226 inquipit
850 4175 892 4211 ars
915 4163 1029 4212 seconde
1052 4163 1159 4214 feliciter
1185 4165 1351 4229 departibor
1370 4164 1492 4215 orationis
1562 4163 1602 4214 20

302 4227 333 4283 τὸ
367 4248 415 4282 ron
487 4231 519 4282 21
538 4241 688 4282 enumerant
756 4234 791 4283 24
809 4229 937 4298 plerique]
958 4248 1040 4296 usque
1109 4237 1143 4286 25
1161 4249 1195 4284 on
1213 4249 1310 4285 norrun
1329 4251 1376 4288 om.
1448 4233 1482 4285 29
1499 4233 1601 4283 hunius

300 4316 368 4352 corr.
388 4305 423 4354 ol.
443 4317 508 4351 onan.
528 4304 604 4352 unius
674 4301 709 4354 30
724 4315 756 4351 ex
774 4299 812 4367 ee]
830 4317 878 4352 exe

372 4454 516 4523 2‘lerenti]
543 4456 651 4520 Adelph.
671 4457 716 4506 llll
736 4458 764 4518 l,
786 4456 818 4507 19
889 4460 906 4506 t
930 4455 1066 4524 principio]
1092 4461 1171 4525 Verp.
1191 4458 1258 4514 Aen.
1281 4459 1315 4509 Vl
1332 4461 1384 4511 724
1454 4459 1597 4524 ucoesar]

303 4527 403 4581 Lucan.
418 4527 539 4579 Pbareol.
560 4529 582 4576 lt
598 4527 650 4579 439
721 4523 829 4592 ltaliam]
855 4529 934 4593 Verp.
951 4527 1017 4578 Aen.
1039 4529 1083 4579 12
1155 4528 1187 4579 l'l
1205 4531 1333 4596 lemmata,
1354 4548 1404 4597 qrco
1421 4532 1546 4596 quaedam
1564 4534 1600 4581 de

299 4600 488 4659 praepositione
505 4596 664 4660 exciderunt,
681 4596 796 4659 indicaui,
813 4599 913 4664 reliqua
931 4606 1061 4661 corrupta,
1074 4604 1140 4650 deut
1156 4602 1184 4649 iu
1199 4601 1285 4650 codiee
1300 4604 1399 4665 scripto
1412 4610 1479 4665 eunt,
1494 4604 1597 4667 reliqui.

300 4671 422 4718 cententio
440 4666 571 4718 verboruma
584 4665 632 4717 doc
647 4669 705 4730 fere
720 4668 793 4718 modo
811 4668 914 4718 restitui
926 4677 1020 4732 potest,
1038 4670 1195 4734 adverbium,
1214 4685 1280 4733 quae
1298 4687 1358 4738 pore
1373 4673 1430 4721 eine
1448 4673 1525 4723 verbo
1543 4687 1598 4721 nou

301 4738 418 4802 ponitur;
435 4737 598 4802 participium
618 4736 692 4786 habet
704 4745 802 4803 partem
821 4738 931 4788 nominis
949 4748 973 4789 et
992 4747 1087 4803 partem
1102 4741 1188 4804 vorbi3
1201 4742 1345 4792 coniunctio
1359 4742 1463 4801 nomina
1479 4752 1503 4792 et
1515 4743 1598 4793 verba

301 4809 446 4872 coniungit3
466 4808 621 4872 praepositio
641 4808 735 4856 nomini
754 4802 920 4874 praeponitur
937 4817 962 4858 et
980 4808 1057 4858 verbo
