3350 5442
282 352 286 364 ¹
317 358 380 419 634
874 360 1050 421 unenossu

343 467 501 519 pmcn

927 580 994 662 ΙΙΙ
1112 630 1114 637 ·

676 818 679 824 ,
761 733 1158 805 unrnneo

401 1128 580 1207 Saepissime
605 1125 659 1185 uui
683 1128 864 1205 requirenti,
896 1126 1090 1186 disertissime
1113 1125 1312 1185 studiosorum
1336 1126 1461 1196 Severe,
1484 1124 1606 1187 verbum

316 1232 462 1290 sermonis
484 1247 540 1291 usu
561 1246 602 1288 aa
626 1231 741 1288 ratione
763 1230 894 1288 alicuius
916 1229 1035 1305 regulae
1059 1228 1215 1304 dirigatur,
1239 1246 1273 1287 ac
1301 1229 1478 1306 postulanti,
1510 1230 1606 1308 siquid

316 1349 406 1410 snper
429 1349 464 1390 eo
486 1329 662 1391 declinando
684 1332 831 1409 scriptum
854 1330 899 1389 vel
928 1330 1070 1390 traditum
1091 1331 1241 1397 noverim,
1270 1338 1302 1389 ut
1325 1330 1481 1400 ducerem,
1512 1330 1629 1390 liban-³»

316 1433 429 1493 tissime
459 1435 554 1511 parui,
577 1452 635 1513 quo
665 1441 695 1491 et
717 1434 865 1493 amicitiae
889 1431 990 1492 debito
1012 1432 1110 1491 olfacio
1125 1432 1266 1508 fungerer
1289 1439 1318 1491 et
1341 1450 1356 1491 a
1379 1449 1487 1509 graeca
1509 1432 1608 1511 lingua

316 1553 468 1595 romanam
503 1534 592 1593 nullis
625 1542 675 1594 aut
708 1538 811 1613 paucis
845 1534 1002 1595 admodum
1036 1533 1225 1595 ostenderem
1255 1532 1488 1613 discrepantem.
1534 1554 1608 1613 qrrae

315 1639 408 1714 igitur
430 1636 474 1696 vel
497 1638 657 1715 antiquitas
678 1636 850 1713 vestigando
871 1634 918 1695 vel
940 1637 1098 1714 posteritas
1119 1636 1232 1715 reperit
1261 1636 1449 1714 exsequendo
1476 1639 1505 1696 in
1531 1637 1607 1697 laune

282 1805 291 1826 .
315 1736 450 1797 libellum
478 1738 588 1798 contuli
618 1740 722 1799 stricto
748 1754 885 1797 sermone
913 1737 1061 1817 decerpta.
1106 1737 1291 1797 doctissimas
1318 1738 1397 1797 enim
1425 1757 1515 1799 aures
1545 1748 1608 1799 tuas

315 1858 373 1899 non
397 1846 456 1901 tam
478 1840 667 1900 instruendas
689 1839 803 1900 credidi
826 1858 914 1919 quam
935 1839 1173 1900 commonendas
1621 1852 1633 1887 ¹·

401 1940 433 2000 ln
455 1944 563 2020 primis
584 1943 676 2018 igitur
698 1943 932 2018 coniugationes,
955 1961 1028 2021 quas
1051 1942 1086 2002 lV
1108 1943 1229 2003 omnino
1257 1959 1312 2001 nec
1335 1942 1463 2021 amplius
1484 1945 1607 2023 recepit.

315 2042 351 2102 ad
374 2042 599 2104 similitudinem
622 2042 881 2103 circumlloxilium
904 2042 980 2122 apud
997 2043 1124 2103 Graecos
1141 2043 1299 2103 verborum
1322 2062 1357 2103 cx
1385 2048 1517 2105 secunda
1540 2064 1606 2125 per·-

315 2164 387 2205 sona
408 2149 522 2226 primae
545 2146 705 2228 positionis
726 2148 926 2221 agrammatus,
961 2164 1028 2205 erim
1052 2146 1177 2225 primam
1199 2165 1225 2215 a,
1248 2143 1407 2205 secundam
1432 2165 1463 2215 e,
1487 2150 1606 2206 tertiam

314 2250 324 2307 i
353 2248 443 2308 modo'
466 2248 624 2327 producta,
653 2247 739 2307 modo
767 2256 918 2326 correpta,
949 2246 994 2306 vel
1027 2255 1094 2307 anto
1122 2247 1253 2307 litteram
1282 2246 1325 2306 vel
1358 2256 1427 2308 ante
1462 2248 1604 2327 syllabam

314 2369 448 2430 quaeque
476 2352 571 2428 posita
599 2350 748 2425 designet:
772 2357 841 2409 aute
870 2349 999 2409 litteram
1022 2348 1141 2428 quidem
1165 2350 1195 2409 in
1218 2348 1265 2410 lais
1293 2366 1369 2428 quae
1394 2369 1421 2418 o,
1455 2358 1525 2411 ante
1548 2350 1634 2429 syl-1·

312 2451 408 2511 labam
432 2470 502 2511 vero
524 2454 555 2510 in
577 2450 625 2510 ins
647 2469 722 2529 quae
745 2468 779 2509 or
801 2453 1010 2519 terminantur,
1035 2459 1066 2510 ut
1087 2470 1154 2511 amo
1168 2469 1257 2519 amas,
1281 2449 1374 2511 doceo
1396 2450 1494 2519 doces,
1518 2452 1605 2513 audio

313 2552 406 2622 audis,
429 2553 495 2630 lego
518 2553 602 2629 legis,
626 2571 707 2612 amor
729 2554 853 2621 amaris,
889 2553 997 2612 doceor
1020 2552 1149 2622 doceris,
1174 2552 1278 2612 audior
1300 2552 1428 2622 audiris,
1459 2553 1542 2632 legor
1564 2554 1605 2613 le

313 2657 403 2732 geris
448 2656 536 2713 tertia
565 2655 643 2713 enim
673 2662 810 2732 correpta
839 2654 895 2713 ltoc
922 2674 938 2713 a
961 2657 1071 2714 ceteris
1097 2654 1202 2723 ‹listat,
1232 2655 1309 2733 qarod
1342 2654 1443 2715 iuliis
1472 2674 1548 2734 quae
1571 2674 1604 2715 or

313 2759 512 2816 terminantur
535 2759 544 2815 i
568 2758 599 2815 in
623 2776 638 2815 e
662 2758 818 2815 convertit.
863 2755 931 2814 ideo
959 2765 1056 2816 autem
1085 2756 1213 2816 (linimus
1241 2758 1272 2817 in
1294 2755 1438 2834 hisquae
1462 2776 1480 2816 o
1502 2757 1549 2817 rel
1570 2776 1603 2816 or

314 2860 521 2927 terminantur,
543 2838 684 2936 quomam
707 2860 914 2918 universorum
936 2876 1011 2937 quae
1034 2858 1112 2935 apud
1135 2876 1186 2933 eos
1213 2857 1394 2935 regulariter
1416 2857 1635 2919 declinantur&

314 2957 369 3018 liae
392 2960 467 3019 (luae
490 2966 603 3019 tantum
626 2959 712 3018 modo
734 2968 802 3019 sunt
824 2957 956 3037 syllabae
978 2959 1159 3021 terminales.
1204 2978 1271 3020 naut
1294 2977 1328 3019 ea
1351 2978 1426 3039 quae
1453 2980 1481 3019 m
1506 2958 1551 3040 [ct
1572 2960 1600 3039 s]

314 3069 344 3121 et
366 3069 377 3119 t
399 3059 404 3143 Ι
429 3061 474 3121 vel
494 3063 504 3120 i
527 3062 637 3120 litteris
658 3063 802 3121 sarriuntur
823 3060 917 3121 solius
939 3062 1116 3121 auctoritate
1140 3061 1277 3121 lectionis
1292 3079 1347 3120 nec
1370 3059 1460 3121 ullius
1483 3080 1602 3121 normae

313 3163 378 3239 lege
411 3164 581 3231 firmantur,
615 3170 648 3222 ut
675 3181 739 3222 suan
769 3181 800 3220 es
827 3171 882 3231 est,
905 3181 1040 3241 quaeque
1062 3181 1099 3222 ex
1121 3182 1156 3223 co
1189 3170 1410 3241 conponuntur,
1439 3172 1472 3223 ut
1501 3163 1601 3223 adsum
1673 3238 1674 3245 ἵ

313 3282 434 3343 prosum
457 3265 561 3324 desum
583 3281 702 3342 possum
725 3271 809 3342 potes
831 3271 938 3342 potest,
963 3263 1061 3325 taedet
1082 3265 1174 3343 pudet
1196 3266 1277 3343 piget
1293 3264 1362 3323 lieet
1388 3265 1511 3349 miseret
1534 3284 1601 3343 pae·
1673 3268 1674 3349 ξ

312 3368 397 3436 nitet,
420 3366 470 3426 odi
492 3368 559 3426 novi
581 3368 713 3435 menrini,
736 3384 810 3445 (puae
833 3368 923 3427 etiam
945 3366 1089 3426 defectiva
1118 3366 1266 3433 dicuntur,
1289 3365 1367 3444 quod
1390 3365 1528 3444 plurimis
1550 3367 1599 3426 do·
1615 3380 1635 3414 τ’·

313 3470 421 3536 dciairt,
440 3477 473 3528 nt
487 3467 746 3545 coniugationibus
760 3466 923 3545 generibus
939 3468 1034 3527 modis
1048 3466 1233 3546 tomporilurs
1248 3468 1424 3546 participiis,
1442 3467 1478 3526 dc
1494 3467 1602 3547 qrritns

313 3579 342 3628 ct
364 3572 438 3650 ipsis
460 3570 645 3649 postmodum
668 3569 858 3631 disseremus.

397 3672 498 3731 llodos
520 3654 619 3740 otiam,
642 3690 716 3750 qnos
739 3671 780 3732 illi
806 3669 972 3750 ἐγκλίσεις
994 3670 1152 3750 appellant,
1177 3672 1296 3732 cosdem
1312 3690 1346 3731 ac
1362 3690 1457 3750 paene
1481 3674 1600 3734 totidem

314 3770 423 3832 haltere
451 3781 629 3842 noscuntur,
663 3774 856 3833 indicativum
878 3775 1086 3851 imperativum
1121 3776 1282 3855 optativum
1316 3772 1535 3835 subiunctirum
1559 3778 1600 3835 in-

313 3874 437 3943 sanitum,
461 3893 549 3953 quem
572 3876 607 3935 ad
623 3876 742 3935 rutulum
758 3876 865 3934 Graeci
881 3866 1055 3953 ὁριστικῆν
1066 3866 1319 3955 ’προστακτικήν
1341 3868 1502 3955 εὐκτικὴν
1518 3868 1600 3937 ὑπο·
1612 3892 1633 3925 :a

313 3968 475 4054 τακτικὴν
502 3969 756 4056 ἀπαρὲμφατον.
802 3996 869 4036 nam
893 3976 1090 4055 inpcrsoualis
1112 3995 1169 4036 non
1191 3976 1297 4037 modus
1319 3979 1412 4053 magis
1434 3984 1494 4047 est,
1517 3998 1602 4059 quiam

313 4078 404 4139 altera
428 4079 587 4138 declinatio
609 4081 698 4138 unius
720 4081 863 4157 cuiusque
888 4077 971 4137 verbi
995 4081 1057 4138 sino
1080 4081 1218 4157 personis
1239 4098 1273 4137 ac
1295 4080 1429 4139 numeris
1443 4098 1499 4159 per
1514 4100 1598 4161 supra

313 4178 408 4238 dictos
432 4180 533 4239 modos
556 4179 717 4259 eademque
741 4187 873 4258 tempora
896 4180 1067 4249 decurrens,
1091 4181 1167 4260 quod
1184 4190 1214 4239 et
1237 4182 1333 4259 ipsum
1349 4189 1447 4240 tamen
1468 4184 1599 4262 reperies

397 4354 425 4407 B
447 4356 540 4410 codex
562 4355 714 4409 Rodiensis
735 4371 813 4409 aurae
838 4355 1058 4410 l'indodonensis
1083 4354 1118 4409 17

313 4486 495 4493 ——--——--
524 4488 616 4493 -—--

379 4570 537 4619 lsermonis
555 4606 633 4622 .....
651 4570 747 4617 ratione
823 4570 896 4619 euius
913 4568 953 4618 B:
969 4571 1094 4634 srtppleoit
1106 4568 1234 4619 edVind.
1316 4572 1481 4620 'dromarmrn
1502 4572 1526 4621 B

314 4640 345 4685 12
362 4648 483 4687 exsecuta
500 4652 626 4705 personae
637 4654 705 4687 eom.
717 4654 750 4685 ex
762 4638 874 4686 secunda
888 4638 1035 4703 personali
1086 4638 1433 4701 ldaaitelittcraquidemB
1488 4642 1520 4690 18
1533 4640 1593 4701 qrrnd
1671 4654 1672 4688 ι

312 4705 368 4753 aliis
384 4722 454 4755 corr.
468 4706 535 4769 quod
553 4707 578 4754 in
592 4706 631 4755 liis
644 4706 670 4754 B
737 4708 769 4754 21
782 4704 844 4754 laneo
857 4706 922 4753 duae
934 4706 960 4757 B
1037 4707 1068 4755 22
1086 4706 1165 4768 soline
1183 4707 1332 4755 arroteritate
1351 4708 1391 4755 uel
1409 4707 1595 4757 lectionibusB

312 4772 836 4825 aolaanetoriaatemdlectionibnslonus
912 4775 944 4823 27
962 4774 1146 4823 ‹leseremnsB
1222 4776 1255 4823 '28
1273 4774 1488 4839 ipslcorr.illiB
1555 4777 1595 4825 toti

312 4840 417 4888 idemB
484 4841 1043 4892 29coniunctinumrorr.sublunctiunt
1464 4850 1468 4859 '

1606 5023 1616 5050 4
