3350 5442
674 371 746 433 lits
1293 364 1354 431 391

88 494 106 521 e.
119 483 141 522 o.
155 480 188 522 ro.
1179 488 1200 531 p.
1215 479 1291 517 ιι-ιι
1306 477 1329 519 e.

64 568 93 621 et
116 564 277 641 ‘conque
304 557 556 620 tubernalem'
585 578 641 639 pro
668 558 926 628 contubernalem,
954 576 1013 639 quo
1041 558 1173 619 Lucilius
1200 560 1232 617 in
1260 565 1355 619 metro

63 662 174 724 crebro
201 665 304 723 utitur.
349 661 402 722 sed
428 676 484 739 ego
511 660 642 721 arbitror
670 661 738 722 ideo
770 661 927 741 plerosque
955 662 1011 722 hoc
1039 663 1120 722 inter
1148 648 1356 739 metaplasmos

63 783 125 825 non
147 765 311 844 recepisse,
335 764 486 843 quianon
508 763 545 823 de
564 782 621 823 una
637 764 778 823 orationis
799 769 883 842 parte
906 764 979 823 haee
1002 762 1200 823 consideratio
1222 769 1354 842 putetur.

62 885 132 927 narn
157 867 230 927 duas
250 873 352 945 partes
374 883 440 925 esse
463 865 566 925 dieunt
594 884 652 925 nou
675 872 705 925 et
726 864 799 934 ulla,
822 866 895 925 item
916 873 978 925 tres
1003 872 1104 944 partes
1129 883 1194 925 esse
1223 863 1355 925 subiecta

37 976 93 1027 εει
122 975 246 1048 septem
275 974 306 1027 et
332 968 431 1027 trioni.
476 967 529 1027 sed
556 969 612 1047 qui·
635 948 860 1045 metaplasmum
882 972 1002 1045 putant,
1032 967 1133 1027 dieunt
1154 968 1242 1026 unius
1264 967 1357 1045 partis

63 1070 302 1131 consideratione
325 1069 411 1129 aliter
433 1070 604 1129 enuntiatae
626 1068 851 1147 metaplasmum
866 1070 997 1129 laetum.
1042 1086 1110 1129 nam
1132 1068 1231 1129 videre
1254 1066 1356 1127 dicunt

63 1191 94 1231 se
119 1190 210 1231 unam
237 1178 353 1250 partem
382 1171 536 1241 orationiS,
565 1170 596 1230 id
619 1180 664 1230 cst
685 1170 780 1240 nulla,
804 1170 889 1231 aliter
912 1172 1109 1241 enuntiatam
1132 1171 1202 1230 item
1227 1177 1355 1249 septem·

64 1276 192 1333 trionem
216 1274 407 1353 compositam
431 1291 496 1333 εεεε
519 1272 600 1332 illam
622 1273 756 1353 quidem,
781 1280 881 1333 ιιιιιιειι
903 1280 1019 1353 partem
1042 1290 1130 1333 unam
1155 1271 1240 1331 aliter
1263 1289 1355 1331 enun-

62 1378 182 1447 tiatam;
206 1374 340 1436 similiter
363 1382 393 1434 et
414 1374 667 1435 contubernalem.

26 1496 50 1533 ro
152 1477 197 1538 Ad
223 1477 297 1537 haee
324 1478 422 1537 omnia
449 1495 525 1555 quae
553 1494 644 1555 supra
670 1476 797 1539 diximus
824 1479 899 1538 baec
927 1476 1120 1538 ammonenda
1144 1475 1255 1547 habeo,
1279 1475 1358 1555 quod

64 1580 243 1659 plerumque
271 1579 313 1639 sic
341 1578 440 1639 littera
468 1578 653 1640 subtrahitur
681 1598 735 1658 per
757 1580 981 1659 metaplasmum
1005 1586 1056 1639 aut
1078 1579 1220 1649 adicitur,
1244 1584 1357 1637 utnon

63 1681 161 1741 solum
185 1682 214 1741 in
237 1700 273 1741 eo
295 1680 407 1748 littera,
431 1680 484 1740 sed
505 1688 536 1740 et
558 1678 669 1759 syllaba
685 1682 736 1752 sit,
759 1681 851 1742 veluti
874 1688 920 1741 est
934 1682 1047 1743 omitte.
1078 1698 1145 1741 nam
1169 1700 1187 1739 o
1209 1689 1239 1740 et
1260 1680 1357 1740 littera

63 1789 94 1841 et
116 1781 230 1861 syllaba
252 1789 311 1850 est,
335 1789 423 1862 atque
447 1781 534 1842 aliter
556 1801 587 1843 se
610 1781 666 1841 boc
688 1782 793 1853 babet,
817 1802 906 1863 quam
922 1802 988 1843 cum
1012 1782 1138 1843 dicimus
1160 1790 1280 1861 gnatum
1303 1800 1358 1861 pro

62 1892 144 1945 nato.
189 1885 259 1943 item
287 1884 360 1944 illud
387 1892 448 1954 est,
480 1884 559 1964 quod
586 1885 628 1944 sie
654 1884 829 1965 plerumque
852 1886 951 1946 littera
974 1884 1174 1955 subtrahitur,
1198 1892 1230 1945 nt
1253 1883 1358 1964 perid

27 2003 50 2043 ra
63 1996 91 2047 et
115 1986 297 2065 syllabarum
320 1987 460 2047 damnum
483 1988 548 2054 liat,
571 1993 604 2047 ut
619 1992 664 2046 est
678 1996 842 2066 repostum.
873 2006 941 2048 narn
963 1988 1033 2047 licet
1056 1988 1149 2048 solum
1174 1986 1357 2047 subtractum

63 2090 151 2157 siti,
175 2095 264 2168 atque
292 2106 351 2148 non
378 2096 412 2148 ut
440 2087 566 2167 syllaba,
596 2088 649 2148 sed
672 2095 706 2148 ut
732 2088 847 2159 littera,
875 2097 975 2150 tamen
998 2097 1170 2150 remanente
1193 2088 1252 2149 illic
1275 2107 1289 2148 s
1311 2088 1358 2147 lit·

64 2198 146 2260 tera,
170 2208 246 2269 quae
273 2191 305 2249 in
332 2190 488 2269 complexu
515 2189 646 2269 syllabae
669 2198 748 2260 erat,
771 2190 924 2270 trisyllaba
947 2209 1017 2271 pars
1039 2193 1181 2253 orationis
1203 2192 1280 2250 lacta
1303 2196 1358 2257 est,

62 2312 142 2372 quae
165 2298 231 2352 erat
257 2298 397 2371 quattuor
425 2291 613 2371 syllabarum.
659 2294 731 2353 item
758 2293 934 2373 plerumque
958 2294 1103 2354 dictiones
1125 2300 1208 2363 sunt,
1233 2293 1268 2353 de
1292 2294 1358 2371 qui-

64 2395 120 2455 bus
144 2394 285 2455 contendi
305 2400 404 2472 potest
431 2396 511 2453 inter
534 2394 742 2473 metaplasmos
769 2414 850 2465 esse,
875 2414 942 2456 eum
965 2414 1024 2455 uon
1047 2398 1118 2464 siut,
1142 2403 1175 2456 ut
1197 2412 1264 2455 eum
1287 2394 1359 2453 dicit

27 2497 172 2577 eoaliquis
194 2496 290 2557 bonos
311 2496 414 2566 arbos,
438 2496 554 2557 videtur
576 2496 709 2557 ultimam
732 2496 860 2557 litteram
882 2499 1049 2559 mutavisse.
1081 2498 1133 2558 sed
1155 2498 1211 2557 hoe
1233 2514 1292 2556 non
1315 2502 1360 2554 est

64 2599 291 2679 metaplasmus,
315 2600 384 2678 quia
406 2606 436 2657 et
463 2597 557 2659 bonos
580 2607 610 2659 et
632 2599 721 2659 arbos
743 2607 773 2659 et
794 2600 889 2660 bonor
911 2606 941 2660 et
963 2597 1053 2659 arbor
1076 2598 1239 2658 secundum
1262 2597 1358 2657 latini·

63 2703 134 2762 tatis
155 2700 291 2778 regulam
312 2708 413 2761 rectus
436 2719 535 2760 sermo
558 2710 612 2762 est.
657 2701 752 2761 simiIe
775 2710 886 2771 estet,
910 2718 978 2762 cum
1001 2701 1071 2761 dicit
1097 2701 1164 2780 quis
1186 2698 1360 2779 lapidicinas

65 2811 94 2863 et
115 2803 308 2883 lapicidinas:
332 2803 363 2862 in
378 2809 505 2883 utroque
521 2804 601 2863 enim
615 2802 827 2882 metaplasmus
848 2823 908 2865 nou
931 2812 976 2864 est
999 2821 1052 2882 per
1073 2802 1358 2870 transmutationem,

63 2908 206 2985 ‹proniam
229 2911 388 2985 utrumque
411 2912 493 2965 certa
516 2905 691 2984 etymologia
714 2913 795 2965 reete
819 2913 849 2965 et
870 2906 960 2967 latine
983 2904 1102 2965 dieitur.

28 3025 52 3063 aa
152 3004 156 3088 l
182 3007 271 3068 Nune,
288 3008 348 3067 iam
370 3007 479 3086 quibus
501 3006 596 3067 modis
619 3006 822 3068 barbarismus
841 3011 906 3083 fiat,
931 3008 1137 3086 tempestivius
1158 3005 1358 3085 proferemus,

63 3110 94 3169 in
121 3129 184 3189 spuo
212 3110 350 3188 equidem
378 3128 438 3169 non
464 3109 603 3169 imitabor
630 3128 682 3169 eos
709 3111 886 3189 scriptoreS,
920 3110 970 3189 qui
999 3109 1134 3188 exempla
1166 3108 1253 3168 huius
1281 3108 1359 3168 modi

62 3212 205 3271 vitiorum
234 3211 270 3271 da
298 3213 473 3273 auctoritate
500 3212 658 3271 lectionum
688 3212 760 3272 dare
782 3211 957 3283 voluerunt;
985 3230 1044 3291 quo
1067 3231 1100 3272 ea
1123 3212 1260 3271 vitiorum
1283 3211 1360 3271 iacta

64 3322 109 3373 est
132 3314 284 3383 conlusio,
314 3322 346 3374 ut
368 3332 462 3393 paene
491 3314 550 3373 iam
573 3331 661 3373 nemo
688 3314 854 3391 intellegat,
884 3314 955 3393 quid
979 3308 1182 3373 barbarismus
1211 3314 1264 3382 sit,
1288 3312 1360 3392 quid

63 3415 288 3495 metaplasmus.
339 3434 408 3475 nam
436 3415 611 3495 plermnque
640 3415 689 3475 alii
717 3423 804 3495 atque
835 3416 899 3484 alii,
930 3416 1079 3475 interdum
1110 3416 1200 3475 iidem
1229 3415 1300 3493 ipsi,
1332 3420 1361 3474 et

29 3536 52 3573 ao
64 3517 296 3598 metaplasmum
319 3525 350 3577 et
364 3516 582 3577 barbarismum
606 3520 740 3578 dicentes
762 3517 894 3577 eiusdem
917 3516 1052 3577 lectionis
1067 3524 1192 3577 utuntur
1208 3515 1359 3595 exemplis

64 3640 161 3701 eoque
186 3628 293 3680 cuneta
308 3620 502 3680 contundunt.
532 3638 587 3679 nos
610 3618 745 3699 exempla
766 3619 855 3679 huius
877 3619 956 3678 modi
980 3618 1130 3688 dabimus,
1154 3637 1229 3697 quae
1252 3620 1282 3678 in
1305 3636 1361 3677 usu

65 3724 176 3783 cotidie
200 3722 384 3801 loquentium
413 3722 647 3782 animadvertere
676 3739 848 3801 possumus,
879 3720 904 3780 si
925 3720 1013 3799 paulo
1036 3740 1069 3781 ea
1092 3721 1238 3781 curiosius
1261 3720 1361 3781 audia-

64 3844 140 3885 mus.
189 3824 317 3885 diximus
337 3842 392 3903 per
414 3824 610 3885 adiectionem
632 3823 748 3884 litterae
771 3822 899 3903 syllabae
922 3825 1064 3902 temporis
1087 3829 1226 3883 accentus
1248 3824 1360 3901 aspira·
1448 3830 1451 3835 '

65 3930 155 3988 tionis
177 3926 244 3987 lieri
266 3924 496 3987 barbarismum.
541 3944 596 4006 per
619 3926 812 3986 adiectionem
836 3925 954 3985 litterae
978 3926 1020 3985 sic
1043 3926 1089 3995 fit,
1113 3933 1146 3985 ut
1168 3926 1261 4004 siquis
1283 3925 1362 3985 dieat

133 4117 149 4166 l
171 4115 285 4163 Lucilius
305 4114 439 4165 Cremerae
456 4124 479 4164 et
500 4115 621 4164 Hertzr‘ae
643 4114 734 4177 ephem.
754 4114 831 4177 antiq.
854 4113 967 4177 (Ztselrr.
989 4112 1013 4176 s.
1032 4110 1227 4177 Altertbarnsro.)
1247 4128 1272 4162 α.
1295 4112 1361 4164 1845

64 4184 258 4248 paestanus
278 4184 310 4232 M
393 4184 423 4234 ll
452 4184 577 4234 adiecitur
596 4185 629 4233 Μ
715 4183 748 4235 16
767 4184 884 4246 sortasse
907 4184 994 4246 utique
1019 4197 1068 4232 nou
1093 4182 1190 4289 spllaba
1214 4184 1259 4231 sed
1279 4182 1360 4289 littepa

66 4314 255 4355 remanente-
266 4312 328 4367 erat,
342 4313 425 4355 tamen
437 4305 569 4369 trisyllaba
622 4308 656 4355 22
668 4306 751 4355 simile
763 4312 801 4354 est
814 4313 841 4353 ιιι
856 4320 912 4353 ειιιιι
924 4304 953 4353 Μ
1004 4303 1154 4369 lapidicinas
1169 4310 1194 4353 et
1212 4303 1360 4369 lapicidinas

66 4375 97 4422 M
167 4377 202 4426 25
222 4376 395 4426 barbarismus
411 4377 561 4440 tempestiua
581 4375 734 4441 proterimus
758 4376 888 4438 adscripto
906 4376 932 4423 ιἰι
949 4389 1030 4438 marry.
1058 4374 1210 4438 oportunius
1229 4374 1269 4421 uel
1293 4388 1360 4422 sere-

67 4450 123 4494 nius
142 4446 192 4495 M:
206 4446 382 4496 barbarismus
397 4453 551 4510 ternperatur
567 4446 645 4496 edidit
665 4446 831 4495 Batanarrrrus
884 4446 918 4495 26
933 4444 1055 4493 ειιιίιιιιιιιι
1074 4443 1106 4491 M
1152 4444 1185 4492 27
1205 4456 1254 4507 quo
1273 4456 1359 4493 eorum

67 4517 155 4565 uitium
176 4516 271 4565 lactum
296 4522 335 4563 est
354 4524 382 4565 at
400 4516 519 4565 constasse
538 4529 603 4578 pene
620 4514 654 4564 M
670 4531 719 4578 quo
739 4530 825 4564 eorum
849 4514 910 4564 vitio
929 4515 995 4563 lacta
1018 4523 1057 4562 est
1076 4512 1192 4563 eortiusio
1212 4514 1361 4563 Grarnerua:

67 4586 109 4649 qui
126 4600 215 4635 eonem
230 4585 321 4634 uitium
335 4584 426 4634 laetum
446 4594 484 4634 est
501 4592 528 4632 ut
542 4585 649 4634 oculose
667 4600 732 4648 pene
750 4586 799 4634 iam
819 4599 893 4633 nemo
912 4584 1038 4648 intelligat
1054 4584 1121 4646 quod
1142 4583 1315 4632 barbarismus
1335 4584 1361 4633 llt

67 4656 134 4717 quod
153 4655 336 4721 metaplasmus
356 4655 484 4706 Clemena'
536 4654 571 4705 30
591 4655 774 4704 barbarismum
793 4655 892 4705 hisdem
912 4654 1023 4703 Clemens
1040 4654 1227 4702 barbarismum
1246 4653 1359 4703 eiusdem

69 4725 110 4775 M:
127 4734 153 4775 et
171 4726 366 4790 metaplasmum
386 4735 411 4775 et
427 4725 613 4775 barbarismum
632 4725 744 4774 eiusdem
758 4725 872 4775 lectionis
886 4732 987 4773 tuentur
1005 4722 1130 4787 exemplis
1148 4722 1314 4773 Buttmoanus

67 4793 99 4844 32
118 4810 257 4859 possumus
275 4798 297 4845 si
318 4796 394 4860 paulo
413 4812 443 4845 ea
461 4796 577 4843 curiosus
599 4795 732 4843 ιιιιιιίιιιιιιιε
751 4795 861 4844 (lemene
884 4794 1012 4859 possimus
1032 4794 1052 4841 si
1072 4793 1148 4858 paulo
1172 4794 1297 4843 curiosius
1317 4808 1359 4843 au-

67 4866 168 4914 ‹liaruus
182 4882 213 4916 ea
232 4867 265 4915 M
