3350 5442
690 379 762 442 ins
1310 383 1373 451 445

79 566 162 630 haec
184 563 308 649 6611616
330 571 406 628 6661
428 574 504 631 6616
526 563 646 630 librum
667 567 890 650 grammatici,
919 571 1038 649 Septem
1058 577 1305 636 circumstantiae
1326 594 1372 638 re-

79 671 248 746 quirendae
268 677 337 731 sunl
358 672 389 729 in
411 689 474 732 una
496 683 616 747 quoque
637 679 720 751 orte,
743 674 776 733 ia
795 680 841 733 est
859 676 943 735 locus
968 681 1085 752 tempus
1102 693 1235 753 persono
1253 678 1373 751 factum

80 789 178 833 causo
198 773 303 833 modus
321 771 461 844 facultas
482 776 529 833 uel
549 777 705 834 materies:
726 776 811 836 locus
833 792 893 851 quo
911 775 1003 846 facto
1024 785 1079 856 cst,
1102 786 1217 854 tempus
1238 782 1390 855 quando,-

77 891 215 952 personu
243 876 310 950 quis
335 873 424 952 fecit,
449 875 569 948 factum
597 877 671 951 quiri
695 876 787 950 fecit,
817 893 912 938 causa
941 896 1000 954 666
1022 883 1111 940 modo
1128 880 1218 958 fecit,
1238 881 1374 954 facultas

80 981 129 1038 uel
150 979 289 1037 materies
311 978 392 1038 unde
409 977 497 1050 fecit.
528 993 606 1052 quae
626 983 737 1053 septem
760 981 803 1039 ita
825 983 1006 1041 conueniunt
1027 983 1097 1042 ltine
1117 984 1205 1043 libro.
1243 990 1373 1059 tempus:

79 1083 111 1141 in
134 1085 268 1155 tenpore
281 1079 398 1139 Iuliani
416 1081 561 1152 consults,
578 1080 660 1154 quod
680 1081 751 1140 inde
773 1082 983 1157 intelleaimus,
1008 1085 1081 1158 quia
1103 1059 1286 1164 Priscianus,
1309 1103 1372 1145 ma·

78 1187 176 1259 pistor
198 1183 323 1260 liuticis,
346 1181 529 1258 temporibus
549 1182 681 1242 ciusdem
704 1183 819 1242 Iuliani
835 1182 908 1254 fuit.
941 1200 1094 1259 persono:
1123 1187 1223 1247 Eutex
1244 1190 1291 1248 uel
1312 1189 1372 1249 Eu-

79 1289 172 1362 time,
195 1287 249 1360 qui
268 1287 487 1358 interpretatur
504 1283 683 1356 fatunatus
705 1286 752 1344 oel
775 1284 858 1357 felix
880 1287 926 1346 uel
946 1287 1040 1346 bonus
1060 1294 1177 1362 textor,
1207 1293 1280 1365 quia
1301 1291 1374 1350 bene

79 1394 110 1447 et
129 1386 263 1459 feliciter
284 1388 382 1446 texuit
406 1388 530 1460 repulus
550 1388 771 1461 prammaticae
792 1390 878 1448 artis.
920 1386 1041 1460 factum
1062 1390 1130 1465 ipsa
1152 1407 1205 1450 ars
1226 1393 1372 1467 intellepi·

78 1498 142 1550 tur.
185 1503 296 1562 causa,
324 1490 396 1563 quia
419 1488 577 1560 Craterus,
601 1504 673 1547 suus
695 1488 878 1567 accipens,
901 1491 1069 1564 postulauit
1090 1491 1147 1550 luoc
1168 1507 1243 1566 opus
1263 1493 1301 1552 ab
1322 1496 1374 1553 illo

75 1594 165 1665 fieri,
195 1595 227 1650 ut
251 1593 416 1664 potuissent
444 1589 576 1650 Romani
599 1605 782 1664 copnoscere
802 1593 1030 1665 coniupationcs
1049 1609 1090 1654 eu
1110 1597 1216 1668 prima
1231 1610 1373 1669 persona,

77 1697 161 1754 sicut
190 1691 314 1766 faciunt
347 1693 467 1753 Graeci.
511 1692 631 1751 mortus:
659 1707 802 1752 numerus
833 1692 982 1754 librarian
1016 1696 1062 1753 acl
1088 1710 1146 1768 quo
1172 1698 1259 1757 morlo
1282 1695 1371 1770 fecit,

78 1798 221 1857 uidelicet
247 1795 380 1867 artificio
407 1795 454 1854 uel
481 1809 638 1869 prospere.
676 1795 817 1854 materies
844 1797 891 1854 uel
914 1795 1069 1868 facultas:
1097 1799 1178 1858 unae
1194 1798 1285 1872 fecit,
1316 1800 1374 1858 loc

77 1905 124 1958 esl
147 1899 185 1958 de
205 1896 411 1957 discernendis
431 1895 700 1970 coniupotlonibns.
731 1891 766 1955 in
779 1892 1015 1977 Bamhergensi
1031 1903 1139 1957 autem
1162 1895 1275 1960 codice
1297 1897 1373 1962 sub·

77 1997 205 2081 6611616
227 2001 304 2058 6661
324 1992 420 2076 haec,
444 1998 582 2057 Euticius
595 2003 640 2056 est
655 2000 703 2056 oir
717 1998 891 2072 inpeniosus
905 2000 944 2058 de
960 2001 1047 2060 Utica
1062 2006 1147 2060 ortus
1162 2003 1370 2076 provintia*).

77 2104 224 2162 Briantes
256 2100 451 2177 appellantur
477 2101 581 2160 euticii
610 2101 699 2174 quasi
730 2102 796 2160 ocri
825 2102 993 2161 iudiciales.
1037 2104 1149 2163 euticie
1180 2105 1258 2163 enim
1289 2107 1374 2179 apud

71 2203 283 2282 phylosophos
304 2181 497 2277 appellantur
519 2217 591 2260 uera
613 2202 736 2262 indicia.
782 2203 863 2263 unde
885 2203 987 2265 Eulea
1009 2205 1180 2280 appellatus
1201 2211 1260 2279 est,
1285 2207 1374 2280 quasi

75 2323 152 2367 nere
173 2306 326 2378 iudicans,
355 2319 390 2364 eo
412 2303 495 2380 quod
520 2305 699 2378 sapientiam
727 2304 882 2364 iudicauit.
927 2305 1028 2365 Eutex
1048 2308 1127 2365 enirn
1147 2322 1312 2381 copnomen
1334 2309 1373 2366 de

76 2411 241 2484 aqnomine
268 2412 419 2466 ornatum.
464 2399 604 2486 denique
632 2401 674 2466 ab
701 2399 763 2464 hoc
790 2401 1002 2486 grammatico
1024 2425 1090 2468 666
1112 2400 1244 2468 11116161
1265 2404 1370 2470 (11161-

76 2531 137 2572 666
166 2527 239 2571 6666
270 2505 298 2568 16
332 2503 424 2569 66166
457 2511 614 2590 excerpta
641 2502 682 2567 de
714 2502 914 2589 aspiratione
939 2503 1050 2591 posuit
1077 2503 1296 2570 Cassiodorus
1329 2506 1370 2570 de

75 2608 226 2694 orthogr.
242 2630 272 2694 p.
289 2605 383 2672 2311.
405 2627 480 2670 nam
503 2603 613 2691 siquid
635 2602 788 2690 colligere
809 2603 887 2670 licet
900 2627 943 2670 ex
965 2605 1130 2671 tractandi
1152 2615 1185 2670 et
1205 2607 1371 2672 scribendi

75 2711 207 2776 ratione
229 2711 264 2773 in
285 2707 357 2773 istis
381 2706 560 2794 excerptis,
576 2706 734 2792 conplura
755 2707 885 2792 utrique
907 2706 1058 2794 scriptori
1080 2709 1262 2772 6616616616
1283 2718 1368 2773 6661.

74 2816 105 2879 16
131 2811 235 2898 igitur
255 2807 439 2895 Eutychum
461 2807 546 2874 dixit
567 2809 601 2873 in
623 2806 763 2873 rubricis
785 2832 817 2895 p.
839 2808 924 2874 2280
946 2814 1092 2891 Eutychis
1113 2815 1152 2874 cle
1172 2815 1369 2894 aspiratione,

72 2917 138 2982 ubi
160 2919 255 2980 euticis
276 2933 358 2978 6611.
381 2915 500 2975 eutitbis
522 2909 622 2975 hahet
644 2909 749 2975 codex
770 2910 946 2976 Beruensis
968 2912 1042 2993 330,
1064 2916 1152 2976 ulicis
1173 2911 1245 2976 cod.
1261 2911 1369 2977 Paris.

74 3017 181 3098 1496,
208 3024 241 3080 61
270 3037 302 3100 p.
324 3012 424 3092 2311,
452 3011 508 3077 ubi
535 3017 660 3077 eutichis
689 3010 797 3078 (161616
824 3023 939 3099 666166
966 3037 982 3078 s
1009 3013 1119 3079 1111616
1146 3014 1244 3080 habet
1265 3014 1370 3080 codex

73 3116 256 3184 Ber-nensis
279 3115 359 3196 330,
382 3120 458 3179 eutis
479 3135 563 3180 corr.
585 3112 626 3179 61.
649 3135 692 3178 61.
714 3121 810 3181 eutius
831 3114 903 3180 eod.
925 3115 1022 3180 Bern.
1043 3116 1120 3197 243,
1142 3122 1276 3182 euticetis
1296 3116 1367 3182 cod.

73 3218 185 3285 Paris.
208 3216 291 3283 1495
297 3264 307 3299 ,
335 3226 368 3282 et
395 3215 436 3281 de
462 3213 578 3280 iisdem
606 3216 768 3302 excerptis
797 3216 910 3286 (116666
938 3215 978 3281 (16
1007 3217 1109 3280 166111.
1133 3217 1235 3283 (11116.
1259 3219 1368 3304 script.

73 3347 103 3388 c.
131 3321 174 3386 30
195 3344 227 3407 p.
249 3318 312 3383 478
334 3317 386 3383 ed.
409 3318 535 3383 (16661.
559 3318 706 3401 61656,
730 3323 953 3398 orthoprapbos
973 3324 1114 3398 antiquos
1135 3325 1237 3399 lepant
1251 3357 1291 3368 -
1308 3326 1369 3385 Eu-

72 3431 178 3490 lichen
201 3429 238 3487 de
259 3425 457 3502 aspiratione.
496 3419 592 3484 editis
615 3428 724 3484 autem
746 3418 841 3487 libris
869 3418 1033 3486 (16161116
1055 3421 1197 3506 primum
1219 3418 1368 3486 Camera-

72 3531 146 3592 rius
174 3524 318 3610 Eutychi
345 3544 463 3590 nomeu
496 3523 700 3608 praeposuit,
734 3531 866 3586 secutus
900 3521 988 3586 haud
1015 3520 1115 3588 dubie
1142 3522 1367 3588 auctoritatem

72 3628 202 3696 codicis
232 3626 294 3707 sui,
322 3626 356 3690 in
385 3647 448 3711 quo
476 3629 568 3689 eutici
593 3623 748 3711 scriptum
776 3624 961 3706 invenerat,
989 3623 1108 3689 deinde
1131 3624 1302 3689 Putschius
1325 3649 1366 3690 ex

16 3765 20 3772 ·
71 3730 229 3797 Parisino
256 3726 384 3808 codice,
412 3748 476 3813 quo
504 3747 577 3790 eum
604 3747 699 3790 usum
727 3746 799 3790 6666
827 3747 927 3811 supra
953 3725 1038 3806 dixi,
1062 3731 1206 3808 Eutychis
1228 3728 1366 3812 recepit,

71 3842 242 3921 postremo
262 3827 504 3894 Lindemannus
520 3827 692 3893 Bohiensis
714 3826 838 3893 codicis
861 3826 1101 3914 subscriptione
1123 3826 1284 3892 adductus
1308 3838 1368 3909 661,

71 3947 110 4002 61
146 3929 347 4018 Eutychium
374 3953 488 3996 verum
517 3951 588 3994 6666
616 3951 734 3994 661666
760 3928 989 4020 contenderet,
1022 3928 1110 4015 quod
1138 3927 1215 3993 inde
1241 3928 1283 3993 ab
1310 3928 1367 3995 illo

72 4051 225 4123 16166616
251 4031 350 4119 vulgo
378 4033 551 4120 probatum
579 4041 643 4112 661,
675 4031 870 4119 praesertim
903 4053 977 4095 cum
1008 4030 1072 4096 hoc
1102 4031 1231 4094 nomine
1264 4029 1367 4095 161666

70 4139 215 4205 16116661
238 4136 484 4221 grammaticum
512 4132 711 4220 temporibus
734 4133 776 4199 M.
800 4133 959 4198 Antonini
981 4141 1108 4198 constet
1128 4142 1261 4197 auctore
1283 4130 1367 4196 Iulio

72 4237 263 4328 Capitolino
286 4237 345 4304 111.
369 4237 490 4302 Α6166.
513 4233 631 4322 philos.
654 4257 682 4299 6.
703 4235 733 4299 2.
779 4235 932 4300 0666666
955 4234 1092 4321 symbol.
1114 4233 1177 4298 litt.
1200 4232 1235 4298 ΙΙ
1257 4257 1288 4320 p.
1306 4234 1367 4298 164

72 4343 225 4430 probatis
247 4339 467 4406 Lindemanni
488 4337 670 4404 rationibus
693 4347 802 4402 tamen
824 4336 860 4400 in
881 4335 1003 4402 incerto
1024 4336 1278 4422 relinquendum,
1294 4357 1366 4399 6666

162 4530 189 4597 *)
207 4531 261 4581 Vix
279 4530 355 4580 credi
372 4533 464 4595 potest
480 4528 531 4579 1166
549 4528 670 4594 16661166
693 4527 934 4593 grammaticorum
952 4543 985 4578 ex
1003 4541 1088 4592 61616
1107 4524 1291 4591 etymologiae
1309 4530 1365 4577 stu·

72 4621 119 4670 dio
138 4622 216 4668 61166
234 4614 357 4666 fraudem
376 4615 476 4665 1661666
495 4614 562 4664 11116
579 4611 677 4675 doctis,
697 4628 762 4678 quos
780 4612 813 4662 (16
832 4611 967 4662 Africana
984 4611 1117 4674 Eutychis
1135 4610 1242 4675 origine
1260 4611 1365 4676 cogita-

72 4709 151 4755 visse
178 4701 276 4752 scribit
301 4699 432 4750 Burthius
460 4699 772 4764 61161611126611
798 4697 846 4748 ‘ex
870 4696 984 4760 16116616
1007 4696 1042 4744 uh
1064 4695 1189 4760 Eutyche
1217 4694 1365 4759 aliquando

75 4788 266 4840 Grammatico
288 4784 416 4836 laudatur
440 4782 584 4851 (Statius),
607 4783 716 4834 11661166
735 4781 843 4834 Graeco
861 4787 892 4832 ut
908 4781 1004 4846 credo,
1023 4781 1068 4832 161
1085 4781 1164 4842 Afro,
1183 4784 1214 4828 ut
1231 4779 1365 4831 Pithoeus

73 4879 103 4925 61
121 4872 173 4924 6111
190 4871 374 4937 66661666161,
393 4869 443 4922 sed
460 4870 570 4922 Latinis
588 4869 747 4922 auctoribus
765 4867 910 4921 161666ᾶί6
927 4866 1056 4933 diligenti
1073 4868 1102 4917 61
1118 4861 1279 4918 1611661116’.
