3350 5442
624 350 819 413 EXCERPTA
1306 347 1369 410 319

25 571 27 581 ν
76 537 165 609 haec,
189 557 244 620 pro
267 541 418 602 communi
440 540 522 608 ‹lioo;
546 540 664 620 quando
688 539 754 601 dieo
776 538 824 600 hie
847 539 971 600 ethaeo
993 545 1023 599 et
1044 538 1115 609 hoo,
1138 557 1193 618 pro
1216 539 1297 598 omni
1318 555 1369 616 ge·

75 659 150 702 nere
174 643 249 703 dieo.

633 730 651 766 s
715 724 732 762 a
796 725 814 764 a

577 863 626 924 DE
647 861 869 924 Puououtuu
1199 853 1220 895 r·
1234 843 1266 882 a·
1279 843 1305 882 u
1318 840 1343 883 n.

164 983 240 1055 Quid
265 991 309 1044 est
331 983 516 1063 pronomen?
553 983 625 1044 Pars
649 983 790 1042 orationis
813 999 890 1061 quae
915 999 971 1060 pro
993 982 1113 1041 nomine
1135 981 1229 1060 posita
1252 988 1370 1041 tantun-

54 1083 149 1146 adem
184 1103 279 1165 paene
312 1085 457 1163 signifieat
488 1103 707 1165 personamque
735 1083 884 1144 interdum
914 1084 1029 1162 recipit.
1076 1083 1140 1154 Quo
1168 1082 1256 1143 modo
1284 1083 1371 1162 ‘pars

73 1189 257 1248 orationis'l
292 1188 364 1249 Pars
387 1187 551 1248 locutionis.
595 1185 764 1266 quomodo
788 1187 959 1264 ‘quaepro
982 1185 1253 1264 uomiueposita'l
1289 1184 1370 1255 Quae
1463 1240 1467 1251 ,

74 1289 139 1349 viee
163 1291 293 1351 nominis
315 1291 419 1369 posita.
451 1288 516 1360 Quo
540 1288 627 1349 modo
651 1286 842 1348 ‘tantundem
865 1305 959 1366 paene
982 1287 1161 1364 signifieat’?
1184 1286 1258 1358 Quia
1273 1290 1370 1368 ipsum

73 1409 172 1471 poene
202 1393 361 1471 signifieat,
390 1390 469 1472 quod
500 1399 528 1451 et
556 1409 680 1460 nomen,
712 1389 763 1450 sed
788 1407 847 1450 non
870 1388 967 1468 plene.
1013 1387 1206 1460 Quomodo?
1243 1390 1279 1448 vt
1300 1397 1369 1468 puta

73 1495 99 1552 si
129 1492 209 1553 dicat
236 1493 308 1554 milri
337 1492 463 1574 quilibet
491 1493 574 1573 ‘quis
602 1493 722 1573 scripsit
750 1490 931 1561 bueolieal’,
962 1489 1027 1550 dieo
1049 1489 1197 1569 Virgilius
1232 1492 1370 1569 georgica

42 1595 162 1674 roquist
195 1594 340 1674 Virgilius.
386 1594 535 1657 Aeneida?
568 1593 718 1672 Virgilius.
764 1611 833 1654 ecee
861 1610 949 1672 saepe
971 1595 1096 1673 repetita
1118 1591 1228 1654 locutio
1258 1593 1371 1672 proprii

75 1698 206 1756 nominis
227 1696 377 1758 fastidium
399 1704 531 1774 generat.
564 1695 615 1758 seul
638 1705 671 1756 ut
692 1695 843 1757 fastidium
859 1695 1010 1756 auferatur
1026 1702 1054 1755 et
1069 1702 1191 1756 ornatus
1212 1693 1371 1754 locutionis

75 1797 249 1868 inducatur,
273 1797 370 1860 ablato
393 1800 513 1860 nomiae
535 1799 673 1878 ponimus
694 1815 877 1877 pronomen,
901 1796 980 1874 quod
994 1813 1089 1877 paene
1105 1798 1200 1876 ipsum
1216 1798 1369 1876 significat,

74 1901 154 1979 quorl
179 1909 208 1961 et
231 1919 349 1963 nomen.
396 1908 429 1962 ut
450 1909 519 1980 puta
543 1901 626 1980 ‘quis
647 1901 765 1979 scripsit
788 1897 958 1960 bucolieal'
986 1900 1059 1979 ipse.
1103 1897 1252 1960 Aeneida?
1279 1899 1368 1959 idem.

72 1985 145 2064 llum
169 2003 235 2064 dieo
259 2021 383 2073 nomen,
408 2012 437 2065 et
459 2021 508 2064 res
530 2020 604 2083 quae
627 2002 721 2064 laetae
743 2008 813 2062 sunt
834 2003 945 2082 etquis
967 2001 1085 2062 lecisset
1099 2000 1233 2063 ostendo.
1265 1999 1369 2063 tultum

43 2119 201 2176 unomen,
224 2107 353 2185 positum
376 2123 558 2185 pronomen,
587 2123 636 2166 res
659 2123 734 2184 quae
762 2104 857 2164 laetae
878 2112 947 2165 sunt
969 2103 1107 2164 ostendo:
1143 2122 1211 2164 nam
1233 2105 1299 2184 quis
1321 2123 1371 2164 eas

76 2208 146 2269 lecit
175 2225 234 2267 non
264 2208 398 2269 ostendo.
441 2208 518 2268 siout
544 2206 569 2267 sl
598 2207 678 2267 dieas
700 2207 773 2267 milri
796 2208 881 2285 ‘quis
902 2207 1020 2284 scripsit
1042 2205 1269 2286 etymologiast'
1303 2205 1369 2265 dico

74 2308 252 2369 ‘lsirlorus'.
299 2328 369 2370 eece
397 2309 507 2370 dietum
536 2327 644 2369 nomen
674 2307 794 2379 lsidori,
824 2315 855 2368 et
881 2325 929 2368 res
951 2325 1026 2387 quae
1047 2309 1142 2368 laetae
1163 2315 1232 2368 sunt
1253 2315 1282 2367 et
1303 2309 1369 2386 quis

76 2411 196 2471 lecisset
218 2410 362 2480 ostendo;
385 2412 456 2472 item
480 2410 554 2472 dieis
576 2409 648 2472 milri
670 2413 847 2491 ‘synonyma
871 2410 969 2490 quisl’
993 2408 1060 2469 (lieo
1082 2411 1196 2490 ‘ipse'3
1220 2427 1290 2468 ecoe
1312 2408 1367 2468 tul·

76 2521 138 2572 turn
162 2530 270 2573 nomen
294 2513 414 2584 isidori,
439 2515 567 2593 positum
583 2531 748 2593 pronomen
764 2513 841 2594 ipse,
865 2531 914 2573 res
930 2529 1005 2591 quae
1028 2512 1122 2573 laetae
1144 2517 1214 2572 sunt
1229 2511 1367 2572 ostendo:

42 2629 144 2676 aonam
168 2615 218 2694 qui
241 2633 290 2674 eas
312 2614 444 2682 lecisset,
469 2633 528 2677 non
552 2615 686 2677 ostendo.

634 2717 652 2755 ’¹²
716 2717 734 2755 ’l‘
793 2719 809 2755 '¹'
1243 2742 1264 2784 p.
1279 2731 1304 2771 lt
1317 2730 1343 2771 u.

160 2801 192 2862 ln
210 2800 319 2882 quibus
334 2801 524 2882 qualitatibus
541 2803 709 2864 ‹tiviounun
729 2804 925 2883 pronomina?
947 2801 1078 2863 Donatus
1092 2802 1225 2864 delinivit
1239 2804 1269 2862 in
1286 2801 1367 2871 duas

77 2904 104 2963 id
127 2912 174 2965 est
195 2906 226 2965 iu
255 2907 369 2966 linitum
398 2913 427 2966 et
454 2907 484 2966 in
513 2906 676 2976 inlinitum;
707 2904 822 2967 l‘rubus
851 2906 882 2966 in
905 2913 1063 2982 quattuor,
1086 2906 1199 2965 linitum
1222 2905 1368 2965 inlinitum

76 3004 235 3067 articulare
263 3014 293 3067 et
320 2989 533 3087 possessivum:
563 3007 722 3088 Pompeius
749 3009 780 3067 in
803 3009 907 3085 viginti
930 3025 1033 3075 unam,
1062 3005 1092 3068 id
1122 3015 1168 3068 est
1194 3007 1274 3069 linita
1301 3008 1368 3074 tria,

77 3125 129 3185 rgo
153 3116 183 3168 tu
206 3107 270 3178 ille,
294 3111 391 3170 minus
415 3127 502 3189 quam
528 3110 609 3170 linita
631 3129 697 3180 sex,
725 3111 791 3190 ipse
813 3111 868 3169 iste
896 3109 945 3170 lric
967 3107 1092 3169 isidem
1116 3117 1145 3169 et
1166 3111 1226 3180 sui,
1254 3110 1367 3169 inlinita

42 3216 204 3288 aaseptem,
228 3211 294 3290 quis
317 3211 412 3289 qualis
435 3210 501 3273 talis
516 3221 642 3292 quantus
664 3220 762 3272 tantus
785 3219 893 3292 quotum
915 3222 944 3272 et
965 3218 1060 3281 totus;
1089 3213 1255 3291 possessiva
1284 3214 1369 3292 quin-

76 3330 148 3390 que,
172 3331 257 3373 mous
279 3321 347 3374 tuus
368 3333 439 3374 suus
462 3323 563 3375 noster
586 3321 692 3374 vester.

631 3413 649 3450 a
713 3413 731 3450 a
793 3412 811 3451 a
922 3461 925 3464 ⁴
1243 3445 1264 3486 p,
1278 3433 1304 3472 ω
1317 3431 1343 3472 Β,

161 3501 315 3578 Quisquis:
336 3503 402 3582 quis
419 3521 593 3582 pronomen,
609 3503 674 3582 quis
686 3499 836 3569 similiter;
858 3521 893 3562 ex
910 3501 1026 3564 (luobus
1038 3491 1263 3583 pronominibus
1276 3522 1367 3566 unum

77 3609 120 3660 est
136 3621 301 3682 pronomen
315 3605 523 3684 compositum.
545 3603 700 3675 Quisnam:
717 3605 783 3683 quis
794 3621 958 3682 pronomen
973 3613 1025 3674 est,
1043 3623 1112 3666 nam
1123 3607 1292 3667 oouiuuetio
1309 3616 1367 3676 est;

77 3714 105 3763 ot
117 3712 161 3764 est
172 3706 367 3784 compositum
381 3723 545 3785 pronomen
558 3725 593 3766 ex
605 3703 721 3766 duobus
733 3707 867 3784 integris.
876 3706 1017 3777 Quisnam
1029 3705 1185 3768 masculini
1196 3711 1315 3786 generis
1325 3719 1370 3771 est

45 3818 65 3856 a
77 3813 125 3865 aut
139 3807 293 3868 leminini‘l
322 3807 405 3887 Apurl
420 3814 535 3868 veteres
550 3826 708 3870 commune
723 3824 818 3885 genus
833 3807 1008 3870 habebatur.
1040 3810 1080 3870 lla
1097 3812 1160 3872 eius
1176 3811 1352 3891 exemplum.

226 3909 401 3980 Quisnam
426 3929 463 3970 es
487 3917 525 3972 tu
548 3909 696 3980 mulier,
722 3928 814 3989 quae
837 3917 908 3971 tam
931 3911 1155 3974 inconsueto
1178 3932 1368 3995 nuncupas

1056 4018 1214 4078 nomine.

79 4113 241 4192 tluispiam:
271 4114 337 4192 quis
364 4132 530 4192 pronomen
556 4121 613 4183 est,
637 4115 716 4194 piam
739 4123 913 4195 corruptum
936 4123 994 4187 est;
1024 4126 1054 4178 et
1075 4126 1120 4178 est
1142 4137 1177 4178 ex
1199 4120 1316 4197 integro
1339 4128 1369 4180 et

78 4222 215 4294 corrupto
247 4233 337 4276 uuum
365 4235 530 4295 pronomen
558 4217 767 4296 compositum.
813 4217 902 4279 Cuius
934 4221 1054 4297 generis
1087 4221 1149 4282 est?
1186 4221 1366 4292 Communis,

48 4317 219 4396 tiquispiam
243 4317 301 4390 vir,
325 4319 470 4398 quispiam
494 4317 613 4390 mulier,
637 4317 749 4399 aliquid
772 4328 801 4380 et
823 4328 931 4382 cetera.

632 4419 650 4458 ss
716 4416 733 4455 *
791 4417 809 4456 ’lt

148 4571 176 4622 la
193 4569 308 4638 lecisset]
330 4571 459 4624 luissetll
512 4571 612 4640 tultum]
633 4573 744 4626 ablutum
758 4583 864 4640 utroqree
879 4578 935 4627 toro
952 4580 1067 4628 correxit
1082 4579 1165 4629 editor
1184 4581 1308 4634 Romanus

82 4639 111 4688 17
131 4641 244 4691 esidorus
263 4642 321 4692 RB
388 4645 482 4694 esidori
500 4643 553 4693 RB
624 4645 655 4694 19
672 4647 765 4695 esidori
785 4647 840 4697 RB
908 4646 943 4698 23
961 4647 1107 4719 Pompeius]
1127 4667 1155 4715 p.
1175 4653 1235 4706 235.
1253 4654 1365 4708 rauco.

83 4709 155 4758 tina.
235 4713 271 4762 '29
289 4727 322 4762 ex
340 4713 440 4764 duobus
460 4711 577 4779 integris]
599 4727 631 4762 ex
649 4714 748 4780 integro
770 4725 795 4765 et
812 4726 931 4783 corrupto
949 4717 1002 4767 RB
1083 4721 1200 4782 quisnam
1219 4723 1244 4770 B
1263 4725 1365 4788 quun

147 4779 176 4830 ³1
195 4779 324 4847 quisnam]
349 4785 445 4836 Paouo.
467 4784 539 4835 Med.
557 4786 650 4847 fragm.
672 4787 706 4834 ‘20
723 4787 763 4834 erl.
782 4786 855 4840 Ribb.
927 4803 1001 4851 quem
1020 4795 1087 4838 etam
1105 4792 1253 4842 irreomuotu
1272 4796 1297 4845 B

81 4847 113 4898 34
132 4850 194 4913 pium
210 4878 243 4887 -
262 4851 392 4920 corr-opto]
414 4867 471 4902 nam
489 4853 631 4904 coniunctio
649 4863 687 4904 est
704 4863 729 4904 ot
746 4866 829 4906 estex
849 4857 949 4906 «luobus
967 4859 1076 4924 integris
1093 4861 1147 4912 RB
