3350 5442
527 1348 930 1479 attinentia

682 1569 826 1577 ———

150 1745 178 1791 ln
191 1741 305 1792 Glcdonii
321 1752 374 1789 arte
393 1742 492 1791 edenda
510 1754 612 1805 operam
631 1754 704 1788 suam
723 1736 858 1786 liberaliter
871 1736 932 1785 milti
945 1738 1069 1803 praestitit
1082 1736 1241 1786 Hermanntts
1254 1736 1374 1801 Hagenus
1390 1736 1392 1740 ’

80 1811 227 1860 Beruensis.
253 1810 368 1871 quidum
382 1809 473 1858 librum
487 1823 563 1857 manu
575 1808 699 1872 scriptum
717 1807 800 1855 denno
813 1820 870 1854 cnm
885 1820 950 1855 nova
964 1806 1082 1863 editione,
1096 1814 1122 1855 nt
1135 1805 1242 1871 primum
1256 1804 1374 1869 plagulae

81 1894 115 1927 cx
127 1878 229 1927 officina
242 1892 375 1942 operarum
393 1877 550 1942 prodierunt,
570 1875 674 1933 confert,
693 1890 743 1923 non
761 1873 845 1922 solnm
864 1874 958 1922 codicis
972 1876 1123 1939 scripturam
1137 1888 1215 1939 saepe
1228 1874 1375 1921 correctoris

81 1961 161 2011 opera
172 1946 212 1994 vel
227 1946 315 1994 litteris
328 1945 392 1993 male
405 1946 521 1994 obductis
535 1945 695 1992 obscuratam
707 1942 871 2006 conpluribus
892 1942 953 1991 locis
967 1944 1119 2003 accuratius,
1134 1957 1207 2007 quarn
1221 1951 1296 1991 antea
1309 1952 1334 1990 et
1345 1942 1376 1989 ab

82 2015 126 2063 illo
140 2021 165 2062 et
177 2028 193 2062 a
204 2028 244 2061 me
256 2012 350 2062 laetum
365 2023 426 2074 crat,
446 2012 508 2061 nrlbi
525 2010 653 2068 indicavit,
672 2011 717 2059 sed
735 2011 810 2058 etiam
824 2010 924 2059 criticas
938 2011 1135 2071 obsernationes,
1150 2010 1241 2071 quibus
1255 2009 1373 2057 emenda-

82 2084 177 2131 tionem
192 2082 248 2130 llbri
260 2081 444 2146 corruptissimi
462 2081 504 2129 vix
516 2078 658 2128 inchoatam
672 2079 812 2137 adiuvaret,
829 2094 876 2143 per
892 2077 989 2127 litteras
1002 2093 1099 2126 mecum
1114 2078 1319 2128 communicavit.
1345 2092 1375 2125 ex

81 2150 123 2197 lris
137 2165 171 2197 ca
188 2164 253 2210 quae
269 2150 302 2197 ad
318 2149 455 2212 genuinam
474 2148 568 2197 codicis
585 2147 736 2211 scripturam
755 2146 956 2195 constituendam
968 2146 1129 2211 pertinebant
1141 2154 1240 2211 praeter
1251 2146 1377 2209 paucissi-

81 2232 139 2267 mos
157 2217 281 2278 quosdam
300 2226 323 2265 et
342 2218 484 2265 levissimos
502 2215 596 2263 librarii
615 2230 713 2264 errores
731 2230 825 2278 eosque
842 2222 932 2280 postea
951 2225 1076 2263 correctos
1094 2214 1118 2263 ia
1133 2214 1269 2263 editionem
1283 2214 1374 2278 recepi.

87 2285 310 2334 crrrendatioaibns
322 2294 406 2332 antem
420 2284 466 2332 viri
480 2283 629 2331 amicissimi
641 2284 675 2331 lta
688 2292 715 2332 ut
726 2283 860 2348 cupiebam
878 2294 929 2331 tum
943 2284 980 2331 nti
993 2297 1041 2331 non
1055 2290 1177 2347 poteram.
1202 2296 1296 2347 paneas
1310 2282 1376 2329 enim

85 2356 112 2402 in
128 2363 226 2403 textina
241 2354 372 2401 verborum
386 2353 479 2417 recepi,
494 2367 523 2399 ac
537 2366 569 2399 rte
578 2349 617 2399 lris
626 2352 727 2412 quidem
738 2351 856 2399 omnibus
869 2350 892 2399 in
907 2350 1019 2399 subiecta
1032 2350 1205 2414 adnotatione,
1219 2360 1247 2399 nt
1258 2364 1303 2414 par
1317 2359 1377 2407 erat,

87 2437 181 2471 nomeu
195 2421 335 2469 inventoris
348 2420 491 2469 adscribere
504 2434 549 2484 per
561 2419 691 2482 angustias
704 2418 845 2469 chartarum
860 2418 937 2470 licuit.
958 2419 1080 2483 plurimas
1094 2434 1153 2469 vere
1167 2419 1249 2481 omisi,
1263 2432 1313 2467 non
1326 2432 1375 2480 qne

83 2490 257 2553 inprobarem,
277 2489 323 2537 sed
342 2488 401 2549 qnia
418 2489 458 2536 vel
475 2487 553 2551 recipi
570 2488 618 2534 iam
635 2496 812 2552 notrpoterant
825 2487 908 2535 veleb
923 2500 952 2535 co
965 2486 1070 2535 consilio
1083 2486 1150 2549 quod
1163 2487 1189 2535 in
1202 2487 1300 2536 edendo
1315 2486 1375 2534 libro

83 2566 189 2606 secutus
209 2571 276 2604 cram
293 2556 390 2604 alienae
407 2566 486 2606 erant.
511 2570 567 2603 nam
585 2569 641 2603 cum
658 2555 715 2621 ipsc
731 2564 834 2620 propter
856 2570 899 2603 eas
914 2569 1004 2603 causas
1021 2570 1085 2617 quas
1101 2555 1126 2603 in
1145 2555 1303 2620 praelatione
1324 2554 1375 2603 dixi

83 2627 205 2673 ruaiorem
223 2639 309 2671 curam
323 2623 381 2671 lruic
395 2624 456 2672 libro
469 2623 606 2688 inpendere
625 2624 771 2679 noluissem,
790 2624 835 2671 scd
849 2623 958 2671 diversis
971 2624 1145 2672 corttmentarii
1158 2624 1271 2688 partibus
1284 2623 1374 2672 distin-

82 2695 130 2741 ctis
143 2703 168 2740 et
179 2692 338 2756 gratissimis
356 2692 423 2740 vitiis
441 2691 547 2740 sublatis
565 2692 738 2755 perturbatam
757 2691 851 2741 codicis
871 2691 984 2739 ordinem
997 2706 1026 2738 ac
1040 2692 1191 2755 scripturam
1204 2690 1375 2753 reliquissem,

83 2762 126 2809 illc
143 2761 261 2808 disiectas
280 2768 305 2807 et
321 2769 454 2824 corruptas
472 2760 564 2809 veteris
581 2760 755 2807 commentarii
774 2759 893 2821 reliquias
911 2760 1062 2809 coniecturis
1081 2760 1105 2807 in
1124 2760 1238 2808 ordinem
1260 2759 1375 2821 redigere

83 2828 203 2877 institnit.
230 2830 255 2875 in
273 2841 322 2888 quo
340 2828 448 2891 plurima
465 2842 528 2876 sane
543 2828 679 2877 admodum
698 2827 846 2892 probabilia,
865 2841 915 2875 nott
935 2827 1004 2876 nulla
1016 2828 1092 2875 etism
1104 2827 1137 2875 ad
1150 2828 1240 2875 ittstam
1254 2827 1376 2875 emenda·

82 2896 176 2944 tionem
193 2896 456 2958 prorsnsttecessaria
475 2897 615 2959 proposuit.
646 2897 707 2944 lracc
725 2895 800 2957 igitur
816 2897 935 2957 quoniam
955 2896 981 2944 in
1002 2896 1165 2944 adnotatione
1185 2893 1303 2943 exhibere
1326 2909 1374 2943 aon

83 2964 161 3023 licuit,
181 2978 247 3011 ttutrc
263 2962 434 3028 supplementi
451 2963 532 3013 instar
549 2963 654 3012 subieci.
679 2977 829 3026 quamquam
848 2963 880 3011 ad
898 2962 1077 3027 perficiendam
1095 2963 1150 3011 libri
1164 2962 1374 3020 emendationem,
1399 3000 1402 3007 ,

86 3032 109 3079 sl
123 3046 216 3095 operae
229 3033 335 3095 pretinm
349 3041 397 3089 est,
412 3032 488 3080 multo
506 3031 580 3095 plura
593 3032 668 3079 etiam
680 3046 815 3095 superesse
827 3029 901 3080 facile
914 3031 1027 3095 adparet.

102 3118 151 3176 9‚1
189 3115 272 3164 Sb'llll
288 3152 293 3162 .
307 3152 330 3165 ..
349 3116 415 3163 RAT
496 3115 657 3165 taltantvs
674 3118 711 3165 ita
727 3117 826 3179 scripta
842 3123 900 3168 ruat
916 3118 941 3165 itt
959 3117 1054 3176 codice,
1073 3123 1099 3165 rtt
1112 3116 1148 3163 ari
1161 3116 1276 3165 Ciedoat't'
1287 3115 1374 3164 libram

185 3200 235 3232 noa
251 3186 384 3246 pertinere
401 3184 543 3236 oideaatrtr.
565 3186 673 3233 altimum
690 3191 760 3234 certe
776 3184 919 3233 vocabalum
936 3192 1027 3247 pastea
1045 3185 1173 3247 adpictum
1191 3199 1248 3233 esse
1266 3185 1377 3247 adparet
1411 3180 1413 3187 ’

134 3251 150 3298 8
187 3250 347 3300 necessitudo
365 3260 489 3302 versetur.
525 3266 574 3304 non
597 3252 743 3316 adgrediar:
766 3253 902 3301 indevotus
919 3267 958 3300 me
976 3267 1076 3315 quoqne
1096 3261 1234 3300 accusante
1256 3252 1373 3316 reperiar.

177 3318 332 3382 adgrediar:
351 3320 499 3369 temeritatis
516 3320 619 3369 datibus
635 3329 707 3368 aesta
726 3320 866 3384 procellose
880 3321 990 3369 iactabor
1003 3331 1028 3369 et
1040 3332 1089 3368 tam
1103 3322 1251 3369 temerarius
1265 3321 1377 3383 corrigar

186 3400 261 3449 quam
276 3387 376 3435 nomine
389 3387 527 3436 conditoris
540 3388 636 3436 alliciar

137 3455 168 3503 15
186 3454 266 3503 Basso
280 3455 419 3519 (superscr.
432 3455 582 3515 calescenti
597 3472 671 3505 raaatt
682 3457 708 3505 ia
719 3458 832 3520 marpissa
843 3458 964 3519 scriptam
976 3464 1021 3508 est.
1042 3456 1171 3517 lNDUrlS,
1185 3457 1253 3521 qaod
1263 3458 1375 3520 scripse·

184 3530 228 3571 rat
249 3523 380 3580 librarius,
391 3530 482 3587 postea
499 3526 592 3573 litteris
612 3526 675 3572 tacte
692 3524 807 3573 obductis
825 3524 976 3584 factumest
997 3522 1113 3577 Nonas,
1143 3526 1240 3573 recenti
1256 3540 1329 3573 mana
1351 3526 1376 3572 t'a

185 3592 297 3654 maraine
310 3594 398 3640 iterum
414 3593 569 3655 adscriptitiae
580 3599 619 3641 est
631 3590 664 3640 ΙΝ
681 3590 768 3640 DVAS

87 3661 126 3716 ll,
139 3660 170 3708 13
188 3667 216 3706 ut
229 3658 320 3708 eldcax
332 3675 377 3724 pro
391 3658 512 3717 elsteiens,
525 3668 553 3708 ut
567 3659 731 3723 nugigerulus
744 3674 790 3722 pro
806 3674 886 3723 nugas
899 3660 1017 3709 adl'erens

138 3728 239 3776 14-20
253 3727 419 3790 perturbatus
431 3728 561 3777 verborum
573 3729 636 3777 ordo
648 3729 687 3777 sic
698 3729 798 3777 videtur
814 3729 985 3777 restituendae
997 3744 1060 3785 esse,
1075 3743 1087 3777 a
1101 3727 1140 3776 vel
1154 3742 1169 3776 o
1182 3728 1193 3777 l
1195 3730 1276 3777 nerint
1289 3728 1374 3777 termi-

186 3804 257 3843 nata:
276 3804 374 3859 praeter
387 3820 418 3829 —
431 3794 547 3844 anomala
564 3805 631 3846 snat.
656 3796 802 3857 gettetivnm
821 3795 944 3859 pluralem
961 3822 995 3833 -
1011 3798 1034 3844 in
1054 3796 1088 3843 is:
1108 3804 1135 3842 nt
1153 3796 1224 3845 lllnsa
1244 3796 1373 3845 lllnsarttm

186 3861 274 3912 Musis.
299 3863 321 3911 si
334 3878 348 3910 e
360 3872 476 3929 correpta
488 3890 519 3896 -
533 3864 606 3924 siqua
619 3862 687 3913 talia.
713 3863 883 3927 intellegimus
901 3866 976 3914 etiam
989 3864 1046 3913 ltine
1059 3880 1092 3898 —‘
1104 3878 1187 3913 renna

136 3932 168 3979 22
187 3940 214 3979 nt
227 3929 302 3979 ltnitts
315 3931 417 3995 parietis
429 3930 518 3980 horum
532 3932 656 3995 parietum
1140 3934 1145 3941 ’

136 4000 169 4047 26
188 3998 256 4061 qnod
267 3998 308 4046 alii
320 3998 397 4048 alium
411 4014 499 4048 casnm
511 4000 685 4048 demonstrent

137 4068 170 4115 28
187 4066 228 4114 lric
240 4066 331 4115 linctus
343 4066 418 4116 latrias
432 4057 524 4116 ductas
537 4082 551 4115 o
565 4068 655 4116 lluctus

136 4136 168 4183 30
186 4136 211 4181 in
224 4133 254 4193 is,
269 4133 309 4182 ltic
322 4134 410 4184 doetus
423 4135 499 4185 latius
512 4136 579 4184 docti
591 4150 605 4183 o
619 4136 693 4184 docte
705 4134 794 4185 ltornm
808 4137 939 4186 doctorum
953 4136 992 4187 ltis
1006 4146 1030 4187 et
1043 4140 1073 4186 ab
1088 4137 1126 4187 liis
1140 4137 1228 4187 doctis.
1248 4139 1373 4187 interdum

185 4226 220 4237 -
232 4212 259 4250 nt
271 4201 374 4264 Salusti,
387 4204 424 4251 sic
437 4210 461 4250 et
473 4204 577 4264 Varius3
593 4204 688 4266 antiqui

88 4270 168 4330 12,16
186 4270 352 4319 Verriaarnm
365 4268 484 4335 septimo]
499 4274 526 4320 in
543 4272 619 4321 Verr.
633 4280 683 4321 act.
696 4287 748 4321 see.
763 4273 784 4321 V
797 4275 839 4331 et,
853 4276 895 4324 89.
909 4277 940 4325 91

136 4340 169 4387 20
186 4338 328 4401 praelectus
349 4339 371 4387 si
391 4339 551 4403 participium
573 4339 678 4404 dixeris,
701 4342 864 4405 praeteritum
888 4342 1026 4408 perlectum
1048 4352 1086 4393 est
1108 4352 1132 4393 et
1154 4344 1286 4394 laciettdus
1308 4344 1373 4393 luttr-

138 4412 141 4427 “
186 4421 241 4455 rum
258 4414 296 4456 est

137 4476 169 4523 28
187 4484 231 4523 aut
243 4475 368 4538 praeterio
381 4484 425 4523 aut
435 4474 546 4523 tauricae
558 4476 600 4538 qui
613 4478 793 4541 superpositus
812 4476 889 4526 luerit
901 4494 915 4525 a
929 4480 1055 4544 praelecto
1070 4481 1107 4529 vel
1125 4480 1239 4530 leitilane
1252 4480 1290 4529 vel
1304 4494 1375 4545 prae-

187 4543 251 4591 torio
268 4542 307 4590 vel
325 4543 419 4590 civitati
436 4543 554 4594 vicarius.
579 4561 643 4609 quae
659 4552 798 4610 repetuntur
814 4560 863 4595 non
881 4548 946 4595 caim
965 4574 998 4582 -
1016 4548 1148 4599 iaciendas
1172 4558 1209 4597 est
1230 4549 1373 4613 praelectus

188 4612 378 4675 transponenda
389 4617 446 4659 artat
456 4618 517 4674 post
529 4613 561 4661 25
575 4612 594 4661 si
608 4612 697 4661 dixero
709 4613 852 4677 praelectus
865 4615 960 4663 civitati

90 4680 127 4737 ll,
143 4678 240 4727 12-14
257 4678 390 4744 rccipiunt.
415 4679 531 4743 bipertita
551 4689 588 4728 cst
600 4706 631 4714 —
645 4696 691 4744 ego
710 4691 736 4729 tu
755 4681 808 4730 illc:
828 4682 870 4730 ille
884 4692 952 4748 tunc,
968 4684 1068 4749 quando
1082 4686 1113 4733 dc
1127 4685 1254 4751 praesenti
1267 4700 1374 4751 persona

188 4754 317 4797 tractetur.
341 4747 382 4794 alii
599 4800 602 4803 ⁴

137 4817 169 4863 33
187 4815 268 4879 ipsius
280 4840 313 4848 —
326 4814 392 4862 illins
404 4821 462 4878 post
476 4819 515 4876 lt'r,
531 4817 544 4863 1
558 4816 677 4865 alrscrrtcs
690 4820 949 4881 transportaneorum

138 4901 312 4943 casbtmartct
327 4902 417 4943 tantm
433 4902 450 4941 V
1133 4906 1176 4968 44
