3350 5442
599 350 835 416 conduntur
1293 344 1356 410 283

1173 470 1194 511 p.
1207 458 1296 498 ιιι-ιε
1308 456 1331 496 1.

478 501 570 630 'nn
598 553 927 630 nnnuamsuo
1003 565 1007 573 ·

156 709 363 772 Barbarismns
385 718 442 771 est:
474 718 503 771 et
525 710 635 779 definit,
661 710 730 788 quid
754 717 798 772 est
819 709 1030 771 barbarismus.
1074 707 1250 788 plerumque
1277 706 1454 774 volutent

70 831 136 872 ntus
159 811 287 892 aliquem
310 812 546 892 reprehendere,
577 819 606 874 et
627 814 690 892 ipsa
713 812 908 892 reprehensio
931 810 1059 872 ostendit
1081 829 1135 871 nos
1158 811 1355 889 inperitiores,

51 915 141 974 ¹lacit
168 915 270 975 nescio
297 916 348 995 qui
375 915 491 984 vitium,
523 921 553 974 et
579 915 644 974 dico
672 912 714 974 illi
736 901 960 975 ‘soloecismum
989 913 1118 982 lecisti’,
1149 920 1178 973 et
1199 913 1276 973 lorte
1297 931 1356 972 non

46 1017 139 1076 steen
162 1015 379 1085 soloecismum,
403 1016 454 1078 sed
477 1015 710 1084 barbarismum:
735 1023 785 1076 aut
813 1014 1029 1076 barbarismum
1058 1014 1141 1081 lacit,
1171 1021 1201 1073 et
1227 1014 1293 1074 dico
1315 1013 1357 1074 illi

69 1119 135 1196 quia
160 1116 354 1202 acyrologiam
379 1119 456 1180 lecit.
503 1119 570 1178 dum
595 1117 727 1178 volumus
755 1136 810 1177 nos
836 1117 920 1178 illum
946 1114 1181 1196 reprehendere,
1210 1133 1264 1176 nos
1286 1135 1356 1176 reon·

69 1221 188 1280 litamur
211 1239 275 1281 esse
297 1221 427 1282 vitiosos.
473 1237 544 1298 ergo
572 1218 715 1280 debemus
744 1217 859 1298 singula
887 1219 968 1287 vitia,
998 1237 1073 1298 qnae
1100 1216 1210 1278 babent
1236 1220 1355 1297 propria

70 1323 200 1391 nomina,
222 1323 353 1402 propriis
376 1321 544 1384 nominibus
568 1323 742 1402 vituperare,
767 1339 805 1380 ne
826 1340 883 1382 nos
904 1321 934 1381 in
957 1321 1025 1380 titia
1047 1320 1209 1381 trahamur,
1242 1327 1356 1400 utputa

69 1423 139 1502 qnid
163 1431 209 1484 est
231 1421 450 1484 barbarismus?
480 1426 520 1484 ita
543 1422 661 1493 delinit,
685 1422 905 1484 ‘barbarismus
928 1431 972 1483 est
993 1425 1095 1483 vitium
1118 1422 1225 1482 lactum
1248 1422 1278 1482 in
1301 1440 1357 1482 una

38 1543 58 1580 n
71 1534 155 1605 parte
178 1525 326 1595 orationis,
350 1524 541 1587 soloecismus
563 1533 607 1586 est
629 1526 729 1586 vitium
752 1526 861 1586 lactum
883 1525 913 1584 in
937 1531 1075 1585 contextu
1091 1525 1218 1604 partium
1240 1519 1356 1604 oratio-l

71 1628 145 1686 nis’.
190 1635 223 1687 ut
249 1634 318 1704 puta
348 1628 464 1708 qnando
493 1628 558 1688 diro
587 1627 700 1688 column
727 1617 782 1706 pro
811 1645 846 1686 eo
874 1625 952 1706 quod
975 1633 1019 1686 est
1040 1625 1189 1696 colomna,
1218 1627 1356 1705 quoniam

71 1747 125 1788 una
149 1747 219 1807 pars
242 1736 288 1789 est
310 1729 465 1799 orationis,
495 1736 525 1789 et
554 1730 584 1789 in
617 1729 679 1809 ipsa
712 1747 769 1789 una
796 1735 881 1807 parte
913 1729 1055 1788 orationis
1081 1730 1139 1788 iam
1167 1728 1269 1788 vitium
1305 1735 1357 1797 est,

71 1829 179 1892 dieitur
202 1829 419 1898 barbarismus:
444 1830 560 1909 quando
583 1829 649 1892 dico
673 1848 786 1891 mamor
807 1848 863 1909 pro
886 1848 922 1890 eo
944 1829 1022 1910 qood
1046 1839 1090 1891 est
1111 1847 1257 1898 marmor,
1285 1848 1357 1909 qno·

72 1933 148 1992 niam
173 1951 324 2012 unapars
347 1941 391 1994 est
413 1933 556 1994 orationis
585 1939 614 1992 et
641 1933 742 1992 vitiosa
771 1938 831 2002 est;
862 1939 892 1992 et
914 1939 946 1992 nt
966 1938 1036 2011 puta
1058 1932 1083 1991 si
1106 1930 1186 1992 dicas
1208 1929 1359 2010 relliquias
1382 2007 1386 2013 ,

39 2049 123 2114 1⁵pro
154 2053 190 2095 eo
218 2034 296 2114 quod
326 2043 370 2096 est
397 2033 545 2116 reliquias.
596 2052 666 2113 ergo
695 2035 798 2095 vitium
826 2034 936 2095 lactum
964 2035 1004 2110 in
1024 2051 1081 2093 noa
1109 2039 1194 2112 parte
1216 2033 1359 2094 orationis

72 2136 273 2198 barbarismus
296 2143 348 2197 est.
387 2136 455 2216 quid
479 2137 555 2197 siin
579 2137 742 2196 conexione
765 2136 830 2196 stati
862 2155 921 2196 non
944 2134 1051 2196 dicitur
1073 2134 1283 2205 barbarismus,
1306 2132 1357 2194 sed

72 2238 278 2307 soloecismus,
309 2246 341 2297 ut
367 2234 449 2308 illud,
473 2237 575 2298 ‘multi
597 2235 670 2299 mihi
702 2235 838 2298 homines
872 2237 1009 2297 iniuriam
1045 2236 1141 2298 lecit’.
1194 2257 1263 2298 ertce
1295 2239 1359 2317 ipsa

73 2341 195 2400 conexio
218 2339 307 2400 habet
328 2340 441 2399 vitium.
486 2346 516 2398 et
542 2338 607 2400 vide
636 2338 782 2418 quemad
806 2337 926 2398 modum
950 2340 1094 2418 expressit
1116 2338 1243 2408 Plinius,
1272 2358 1357 2418 qnam

75 2441 147 2502 bene
171 2452 201 2502 et
221 2443 338 2519 integre
362 2439 440 2502 dicit.
486 2439 554 2518 quid
584 2448 629 2501 est
656 2440 875 2524 barbarismus?
910 2440 989 2518 quod
1016 2459 1077 2538 qon
1099 2440 1207 2500 dicitur
1229 2459 1284 2520 per
1306 2459 1359 2500 na-

39 2552 178 2605 aoturam.
229 2542 300 2622 qnid
329 2551 374 2604 est
400 2542 613 2604 soloecismus?
648 2542 725 2622 quod
756 2541 832 2602 male
860 2560 914 2621 per
942 2549 1035 2602 artem
1064 2543 1180 2629 dicitur.
1230 2560 1298 2602 nam
1327 2560 1359 2602 re

73 2663 139 2706 aera
162 2643 364 2706 barbarismus
391 2663 446 2724 per
473 2652 609 2706 naturam
637 2663 697 2704 non
719 2651 817 2724 potest
844 2643 910 2704 dici.
955 2645 1006 2724 qui
1036 2645 1114 2705 enim
1143 2643 1220 2704 dicat
1246 2662 1359 2705 mamor

74 2755 121 2808 aot
143 2746 309 2808 columam?
342 2765 397 2827 per
418 2754 555 2810 naturam
583 2765 643 2807 non
664 2755 761 2825 potest
783 2745 852 2806 dici.
897 2743 1013 2826 qnando
1042 2752 1139 2808 autem
1168 2745 1234 2806 dic-o
1257 2745 1360 2807 ‘multi

75 2849 144 2910 mihi
166 2847 302 2910 homines
323 2849 461 2910 iniuriam
485 2849 581 2918 lecit’‚
606 2867 666 2910 non
688 2867 742 2928 per
764 2858 901 2908 naturam
922 2866 983 2908 non
1005 2854 1103 2927 potest
1129 2846 1202 2921 dici,
1231 2847 1283 2908 sed
1306 2867 1360 2928 per
1445 2835 1453 2844 ’

75 2959 166 3011 artem
194 2968 254 3011 non
283 2957 380 3030 potest
409 2950 474 3011 dici.
526 2959 558 3011 nt
585 2957 682 3011 tamen
710 2949 769 3010 huc
796 2951 913 3010 animus
940 2949 1064 3020 relerat,
1099 2950 1360 3031 quotienscumque

40 3069 64 3108 aa
76 3052 288 3115 barbarismum
317 3051 455 3122 dicimus,
486 3053 652 3113 invenimus
679 3053 773 3132 ipsam
803 3071 890 3113 unam
919 3058 1034 3131 partem
1062 3053 1205 3112 orationis
1227 3053 1359 3113 vitiosam

76 3173 153 3224 esse3
176 3156 441 3234 quotienscumque
463 3151 671 3214 soloecismum
694 3154 848 3229 dicimus,·
864 3152 994 3233 singulas
1022 3151 1142 3233 quidem
1169 3161 1268 3233 partes
1297 3172 1371 3254 esse·

75 3257 213 3334 integras,
236 3255 288 3318 sed
311 3257 506 3316 conexionem
529 3274 589 3316 non
612 3274 677 3316 esse
699 3257 853 3334 integram.
886 3275 955 3316 nam
977 3274 1010 3316 re
1025 3273 1093 3316 vera
1115 3253 1246 3333 singulae
1261 3264 1361 3335 partes

75 3357 205 3436 integrae
227 3365 310 3418 sunt:
342 3356 476 3418 etmulti
498 3356 619 3417 latinum
643 3365 702 3427 εει,
733 3365 762 3417 ει
784 3357 856 3418 mihi
878 3358 1002 3419 latinum
1025 3365 1082 3427 est,
1113 3365 1142 3417 ει
1163 3357 1297 3418 homines
1320 3357 1360 3418 la-

72 3461 167 3520 tinum
190 3467 249 3528 est,
273 3467 303 3520 et
329 3459 466 3520 iniuriam
489 3459 612 3520 latinum
637 3466 693 3530 est,
723 3469 752 3519 et
774 3460 844 3520 iecit
866 3457 871 3538 l
895 3458 1016 3520 latinum
1043 3466 1095 3520 est,
1141 3459 1193 3519 sed
1221 3462 1360 3539 quoniam

43 3579 65 3616 aa
79 3579 136 3621 non
158 3561 214 3622 sibi
235 3559 419 3640 respondent
441 3562 522 3640 ipsae
544 3569 659 3641 partes,
687 3561 755 3622 ideo
783 3561 909 3622 dicimus
937 3579 1001 3622 esse
1028 3559 1245 3622 soloecismum.
1289 3580 1361 3640 ergo

78 3664 336 3743 quotienscumque
358 3663 493 3740 singulae
515 3672 615 3741 partes
636 3664 769 3741 integrae
791 3673 869 3732 sont,
893 3663 945 3723 sed
961 3662 1084 3723 conexio
1100 3681 1159 3724 non
1176 3671 1221 3724 est
1234 3663 1359 3742 integra,

79 3746 264 3826 soloecismus
287 3770 345 3833 est:
378 3766 515 3844 quotiens
541 3765 573 3826 fit
601 3783 748 3845 unapars
775 3767 893 3836 vitiosa,
923 3763 1140 3825 barbarismum
1169 3764 1246 3826 lacit.
1292 3785 1362 3827 ecce

80 3864 165 3926 habes
185 3867 347 3937 rationem,
371 3885 428 3946 qua
451 3866 670 3947 deprehendas,
699 3867 816 3950 quando
840 3875 884 3928 est
904 3865 977 3927 illud
999 3867 1115 3936 vitium,
1140 3867 1255 3945 quando
1277 3866 1360 3928 illud.

158 3969 313 4030 Praeterea
340 3966 541 4030 barbarismus
570 3969 692 4040 dicitur,
720 3970 746 4029 si
773 3969 824 4030 liat
850 3970 880 4030 in
908 3968 1003 4030 soluta
1031 3970 1179 4038 oratione;
1212 3971 1238 4029 si
1264 3979 1360 4031 autem
1372 3983 1461 4048 tent

47 4083 70 4125 aa
83 4071 127 4130 liat
146 4068 176 4131 in
198 4078 304 4139 metro,
327 4069 537 4150 metaplasmus
560 4072 677 4134 dicitur.
721 4079 791 4150 puta
819 4072 844 4131 si
866 4089 921 4150 ego
943 4073 974 4132 in
997 4069 1091 4132 soluta
1118 4072 1252 4132 oratione
1274 4070 1362 4131 velim

85 4169 173 4232 dicere
195 4169 347 4252 relliquias
369 4171 527 4243 Catilinna,
555 4173 630 4235 iacio
658 4172 890 4242 barbarismum
918 4175 944 4233 si
966 4181 1063 4234 autern
1086 4191 1174 4235 eausa
1197 4173 1284 4234 metri
1305 4172 1362 4234 hoc

86 4273 188 4345 latiam,
211 4274 289 4334 lario
309 4273 537 4354 metaplasmum
562 4274 736 4356 [relliquias
760 4277 837 4336 siin
860 4294 946 4336 versu
961 4274 1081 4356 dicam].
1115 4275 1166 4336 sed
1185 4275 1362 4355 plerumque

87 4375 218 4454 confingit
238 4382 271 4436 ut
299 4377 387 4436 etiam
410 4378 441 4437 in
463 4374 595 4438 versibus
624 4376 882 4457 deprehendamus
910 4376 1117 4440 barbarismos.
1161 4384 1192 4437 et
1220 4377 1286 4438 dico
1308 4377 1362 4438 tibi

148 4565 210 4614 lor
229 4579 387 4615 aanaamsuo
406 4564 432 4615 B
449 4565 486 4615 De
505 4563 661 4614 barbarismo
680 4565 751 4614 iuxta
768 4566 915 4630 Pontpeiom
935 4565 956 4616 S
1024 4563 1159 4629 3aliquod
1179 4563 1361 4630 reprehendere
1369 4548 1381 4567 Ἰ

91 4629 107 4678 θ
167 4633 198 4684 10
215 4635 241 4683 ιιι
260 4645 379 4685 contextu
398 4635 439 4685 Cb
456 4636 481 4684 in
501 4635 640 4684 conexione
658 4634 711 4686 BS
729 4636 754 4684 in
774 4636 936 4685 contextione
953 4634 978 4682 1³
1048 4634 1081 4687 18
1100 4634 1201 4699 plenius
1219 4635 1294 4686 Bes

92 4701 148 4759 quod
164 4705 241 4766 (corr.
261 4719 335 4766 qnam
353 4706 378 4764 e)
392 4705 491 4756 beneO
542 4704 575 4756 23
594 4718 643 4754 non
664 4705 744 4754 solnm
762 4719 809 4770 per
825 4713 940 4754 naturam
960 4719 1009 4754 non
1027 4713 1110 4771 potest
1122 4705 1173 4756 dici
1191 4707 1237 4756 aed
1257 4721 1303 4755 nee
1317 4719 1363 4772 per

92 4779 158 4820 artem
174 4787 223 4823 non
242 4773 432 4839 potest'dioiO
519 4775 552 4827 26
571 4773 687 4838 singulae
705 4775 806 4837 quidem
829 4786 914 4839 partes
934 4776 1048 4841 integrae
1067 4775 1111 4826 sed
1132 4776 1238 4826 conexio
1255 4791 1306 4826 non
1324 4783 1363 4824 eet

91 4837 177 4906 integra
191 4843 211 4893 G
278 4843 312 4895 36
330 4844 447 4894 catilinae
467 4844 491 4894 B
509 4843 620 4895 catillina
639 4841 659 4893 S
676 4845 793 4895 eetillena
813 4845 833 4896 O
846 4845 974 4895 cantillina
990 4861 1006 4895 e
