3350 5442
637 250 875 313 COMMENTVM
1343 246 1407 311 215

1221 370 1243 412 p.
1256 358 1346 400 vor-ro
1358 356 1382 397 r..

106 441 239 503 necdum
255 447 313 511 est,
329 439 380 501 sed
398 440 472 501 erit?
496 458 570 519 ergo
583 440 608 500 si
623 447 739 519 tempus
755 439 887 500 loturum
902 439 931 501 id
948 440 1095 517 significat
1115 438 1192 520 quod
1208 437 1335 500 necdum
1351 444 1404 509 est,

30 538 41 543 “
107 562 169 624 quo
185 542 274 605 modo
288 548 387 623 potest
400 549 503 603 tenere
519 548 634 621 tempus
649 542 798 603 luturumi
819 560 879 603 non
894 547 992 622 potest
1008 544 1087 612 lieri,
1112 544 1250 623 quoniam
1266 539 1406 620 quicquid

105 646 277 708 indicamus
298 646 452 725 praeteriti
468 651 522 706 aut
533 647 702 721 praesentis
717 650 769 705 est.
803 663 872 705 ecce
894 644 1036 724 numquid
1059 664 1180 724 possum
1196 644 1251 706 tibi
1271 643 1406 704 indicare

106 751 168 810 nisi
192 748 274 827 quod
288 750 342 810 scii
357 754 408 809 aut
428 746 506 828 quod
524 748 605 807 sciot
628 765 688 807 nou
704 744 759 806 tibi
778 764 902 825 possum
922 746 1055 809 indicare
1077 747 1156 827 qnod
1178 746 1276 809 adbuc
1291 747 1404 816 nescio,

81 851 192 931 squod
219 851 313 912 luturi
343 858 388 911 est
415 849 567 929 temporis.
614 866 684 927 ergo
714 847 887 909 indicativus
916 847 1025 909 modus
1056 855 1174 930 tempus
1204 848 1405 931 praelteritum

28 956 34 958 ’
105 952 201 1014 habet
223 961 252 1014 et
273 970 429 1032 praesens;
458 953 592 1014 luterum
620 957 718 1011 autem
746 949 858 1011 habere
886 968 945 1011 nou
967 957 1079 1029 potest,
1103 952 1241 1031 quoniam
1264 969 1338 1029 quae
1359 952 1405 1010 in·

106 1056 246 1117 dicamus
269 1062 319 1116 aut
340 1056 398 1116 iam
421 1056 555 1116 novimus
576 1060 628 1113 aut
649 1054 708 1113 iam
731 1054 906 1114 scieramus.
938 1054 963 1113 si
986 1059 1083 1114 autem
1105 1053 1220 1124 indico,
1244 1070 1305 1113 non
1327 1052 1404 1132 quod

106 1156 207 1219 adbuc
229 1159 345 1227 nescio,
369 1156 421 1217 sed
444 1174 513 1218 cum
535 1154 681 1224 didicero,
710 1156 769 1214 iam
791 1172 851 1216 non
875 1156 933 1216 erit
953 1156 1008 1215 ista
1031 1173 1119 1215 causa
1142 1174 1160 1209 a
1197 1156 1321 1215 retineri
1342 1172 1405 1214 uro-

107 1260 165 1321 dus
188 1260 388 1340 promissivus
421 1264 543 1339 propter
559 1275 679 1319 causam
702 1259 787 1319 istam
810 1256 948 1337 plerique
970 1276 1030 1318 non
1053 1276 1121 1319 eum
1142 1256 1301 1337 repeliunt.
1333 1253 1405 1316 illud

74 1371 208 1425 nantem
231 1362 310 1443 quod
326 1361 454 1422 diximus
476 1360 513 1420 de
536 1359 697 1430 defectivo,
721 1360 860 1439 quoniam
877 1377 967 1420 uuum
991 1358 1081 1420 habet
1102 1367 1221 1439 tempus
1243 1357 1405 1420 etidcirco

19 1472 24 1474 ’
107 1464 279 1546 repellitur,
302 1482 359 1524 nec
380 1463 437 1523 hcc
459 1480 563 1525 verum
586 1467 640 1521 est.
671 1462 821 1522 namium
844 1463 869 1522 si
891 1461 959 1522 ideo
981 1461 1158 1524 defectivum
1182 1468 1240 1529 est,
1265 1460 1405 1537 quoniam

17 1577 28 1579 ”
109 1586 202 1629 υυυιυ
226 1565 316 1627 habet
338 1572 469 1645 tempus,
494 1572 523 1624 et
544 1564 737 1643 imperativus
759 1581 831 1641 ergo
859 1562 966 1624 delicit.
1003 1556 1102 1625 delicit
1124 1566 1189 1625 sine
1211 1561 1316 1631 dubio;
1345 1580 1405 1623 non

108 1672 188 1731 enim
211 1668 302 1729 babet
323 1668 378 1728 tria
401 1674 550 1746 tempora,
574 1665 627 1726 sed
649 1665 755 1727 delicit.
793 1673 1019 1728 verumtamen
1046 1673 1145 1747 potest
1169 1666 1297 1727 inveniri
1326 1663 1406 1745 quod

108 1772 226 1833 deficiat
247 1772 279 1830 iu
301 1776 445 1849 tempora.
479 1770 614 1831 novimus
637 1769 716 1830 enim
737 1766 863 1829 verbum
886 1768 964 1846 quod
989 1767 1147 1849 aliquando
1169 1770 1200 1830 in
1222 1767 1339 1829 duobus
1361 1774 1406 1828 est

76 1897 97 1935 u
110 1872 307 1953 temporibus
331 1869 488 1951 aliquando
510 1872 541 1932 in
563 1869 668 1931 tribue.
714 1888 786 1949 ergo
808 1872 834 1931 si
856 1868 1084 1931 iam‘admissus
1106 1876 1151 1933 est
1172 1870 1306 1932 deiectus
1329 1877 1403 1931 tem·

16 1990 17 1993 ’
107 1993 231 2055 porum,
262 1973 325 2036 noli
352 1990 511 2053 quaerere,
542 1980 643 2035 uuum
671 1974 702 2033 in
733 1991 792 2033 uuo
820 1972 951 2043 deficiat,
979 1980 1079 2035 uuum
1103 1976 1134 2035 in
1163 1972 1293 2043 duobus,
1317 1972 1401 2033 dum-

108 2078 196 2139 modo
220 2076 345 2138 deficiat.
390 2092 462 2154 ergo
483 2076 539 2137 iste
562 2081 606 2135 est
627 2076 829 2154 promissivus.

192 2180 333 2260 Sequitur
355 2179 510 2258 optativus.
541 2179 688 2257 optativus
711 2183 769 2248 est,
793 2176 845 2238 ubi
867 2176 1038 2239 adverbium
1062 2183 1107 2239 est
1128 2179 1257 2257 optantis
1278 2179 1475 2249 utinam,t1r‚
1489 2188 1521 2237 13

108 2290 176 2363 puta
211 2283 324 2343 utinam
359 2279 484 2341 diceres.
529 2281 663 2360 sequitur
700 2281 917 2342 coniunctivus:
949 2280 1154 2341 coniunctivas
1187 2280 1308 2350 dicitur,
1342 2298 1402 2341 non
1416 2255 1504 2317 ⁵⁰4’3

75 2384 185 2465 eoquod
210 2382 300 2445 babet
321 2381 496 2462 particulam
518 2400 595 2443 cum.
623 2399 691 2443 nam
714 2383 739 2442 si
760 2381 828 2442 ideo
852 2381 1003 2443 diceretur
1025 2384 1239 2453 coniunctivae,
1264 2384 1403 2461 quoniam

15 2504 17 2509 ’
109 2486 197 2549 babet
223 2484 400 2567 particulam
428 2503 509 2555 cum,
540 2491 569 2544 et
596 2484 743 2563 optativus
771 2483 920 2546 diceretur
953 2486 1172 2559 coniunctims,
1204 2486 1343 2563 quoniam
1375 2492 1405 2545 et

108 2591 169 2669 ipse
191 2586 284 2649 babet
304 2588 425 2649 utinam.
472 2604 543 2665 ergo
565 2588 705 2667 quoniam
728 2582 733 2664 l
757 2588 911 2665 coniungit
937 2585 995 2648 sibi
1022 2585 1199 2667 particulam
1221 2604 1305 2658 cum,
1334 2586 1402 2648 ideo

108 2692 215 2753 dicitur
237 2690 463 2752 coniunctivust
486 2708 546 2751 non
570 2688 649 2767 (nam
672 2694 701 2749 et
729 2689 874 2768 optativus
895 2695 996 2769 posset
1017 2688 1076 2750 dici
1097 2690 1326 2769 coniunctivus),
1350 2690 1403 2750 scd

107 2801 228 2874 propter
250 2791 331 2853 illam
344 2793 514 2864 radonem,
543 2793 683 2873 quoniam
706 2810 766 2852 nou
787 2798 887 2870 p'otest
913 2792 969 2853 iste
991 2790 1097 2852 modus
1119 2791 1249 2871 protervi
1271 2792 1335 2853 sine
1357 2793 1402 2852 in·

76 2895 235 2959 radicativo
262 2895 361 2956 modo.
405 2895 611 2957 coniunctivus
638 2893 744 2955 modus
771 2893 835 2954 sine
863 2891 1020 2955 indicativo
1047 2911 1209 2974 numquam
1241 2894 1400 2973 profertur.

108 3004 178 3075 puta
200 3002 288 3058 ‘cum
309 2996 426 3067 lecero,
449 2994 526 3071 ibo',
551 2996 638 3058 ‘cum
654 2996 772 3064 dixero,
797 2995 947 3058 audiem’:
971 3013 1042 3057 ecce
1064 2999 1150 3057 ‘cum
1164 2997 1294 3066 iecero’,
1317 2998 1403 3059 ‘cum

109 3100 240 3169 dixero',
263 3098 361 3160 solum
384 3097 440 3160 boc
463 3099 510 3160 dic
534 3106 563 3159 et
584 3097 644 3159 noli
668 3097 748 3161 aliud
770 3097 890 3160 addere.
934 3098 1100 3191 videamus,
1129 3100 1155 3159 si
1176 3105 1276 3179 potest
1296 3096 1404 3177 aliquis

109 3201 166 3262 hoc
187 3199 371 3281 intellegere.
415 3199 484 3281 quid
508 3208 553 3261 est
575 3206 660 3261 ‘oum
683 3200 820 3261 iecero'?
848 3199 935 3279 quid?
968 3200 1065 3263 adbuc
1086 3199 1205 3280 pendet.
1251 3206 1336 3262 ‘cum
1358 3201 1402 3262 di·

110 3308 208 3373 xero',
231 3312 281 3364 ant
309 3300 426 3363 ‘scribo
449 3300 520 3363 tibi’
547 3310 598 3364 aut
625 3302 720 3363 ‘dabo
742 3302 822 3363 tibi'.
869 3321 941 3382 ergo
962 3303 1030 3364 ideo
1053 3302 1149 3364 dictus
1171 3310 1217 3364 est
1238 3304 1402 3364 coniuncti·

75 3423 174 3476 arvus,
204 3405 283 3485 quod
311 3405 466 3482 coniungit
492 3403 550 3465 sibi
582 3404 771 3467 indicativum
806 3404 928 3466 modum
956 3405 993 3465 ad
1027 3405 1252 3485 exprimendum
1281 3424 1401 3467 sensum

110 3524 203 3570 suurn.
235 3515 264 3569 et
285 3506 365 3568 unde
388 3508 499 3568 scimus
522 3509 661 3587 quoniam
684 3508 837 3586 coniungit
858 3506 915 3567 sibi
938 3505 1043 3577 alium,
1066 3506 1146 3569 unde
1168 3509 1314 3588 exprimat
1334 3526 1401 3569 sen·

109 3628 174 3669 sum
194 3586 311 3671 suumi'
329 3610 470 3689 quoniam
498 3608 548 3670 alii
573 3609 654 3670 modi
681 3628 736 3689 per
763 3628 796 3670 se
822 3607 1050 3686 intelleguntur,
1079 3628 1134 3690 per
1162 3628 1195 3670 se
1217 3609 1298 3689 pleni
1319 3618 1399 3672 sunt.

111 3729 179 3771 ecce
199 3710 282 3789 lego,
307 3710 449 3791 numquid
472 3729 549 3790 opus
572 3719 617 3772 est
637 3718 669 3773 ut
683 3712 788 3790 iungas
810 3709 940 3791 aliquid?
962 3710 1041 3789 lege,
1064 3713 1122 3773 iam
1146 3714 1204 3773 scis
1226 3713 1295 3792 quid
1319 3712 1399 3774 dico:

110 3814 219 3874 utinam
241 3813 387 3893 legerem,
411 3815 470 3874 iam
492 3815 551 3873 scis
574 3812 643 3892 quid
667 3812 743 3875 dico.
786 3815 874 3874 ‘cum
896 3812 1016 3892 legero'
1040 3821 1138 3875 autem
1160 3814 1271 3893 pendet
1293 3814 1398 3886 adbuc,

80 3914 189 3993 acquod
211 3915 247 3976 ad
267 3916 515 3993 significationem
538 3918 681 3995 pertinet;
706 3916 792 3979 ‘cum
815 3917 964 3996 scripsero
972 3921 991 3986 ²,
1014 3923 1084 3995 puta
1106 3916 1237 3989 ‘laciam,
1260 3916 1398 3987 scribam,

112 4016 236 4088 dicam’;
268 4018 321 4078 sed
349 4017 488 4089 ‘faciam
518 4017 662 4089 scribam,
694 4018 807 4079 dicam'
834 4018 984 4079 indicativi
1019 4018 1099 4079 modi
1135 4024 1188 4078 est.
1234 4036 1305 4097 ergo
1334 4018 1401 4079 ideo

113 4117 215 4180 dicitur
242 4121 447 4181 coniunctivus
473 4120 593 4191 modus,
623 4120 702 4202 quod
730 4122 883 4201 coniungit
910 4121 965 4182 sibi
993 4121 1182 4181 indicativum
1211 4118 1333 4181 modum
1361 4120 1397 4181 ad

114 4220 333 4300 exprimendum
356 4240 476 4284 sensum
499 4242 594 4285 suum.

192 4324 352 4385 infinitivus
375 4324 482 4386 dicitur
505 4326 611 4387 modus
633 4324 671 4387 ab
694 4344 743 4397 eo,
768 4324 847 4406 quod
865 4322 868 4407 i
886 4344 946 4386 non
969 4325 1090 4386 deliniat
1110 4343 1262 4405 personas.
1294 4343 1399 4388 omnes
1411 4344 1470 4404 411,
1483 4346 1516 4394 37

1410 4412 1469 4472 504,
1485 4414 1516 4462 10

180 4545 194 4595 3
211 4554 253 4595 eut
271 4547 411 4611 praeseutia
429 4562 475 4597 om.
496 4546 581 4596 ABG
635 4548 651 4597 8
670 4544 738 4613 cum]
761 4547 829 4611 quod
848 4547 869 4597 0
926 4546 973 4596 ista
992 4560 1069 4595 causa
1085 4555 1200 4596 retenere
1217 4545 1242 4594 A
1257 4547 1307 4597 iata
1319 4552 1397 4599 censa

15 4660 16 4673 ,
116 4616 216 4665 reteueri
234 4616 263 4665 a*
281 4617 340 4667 tulis
358 4632 435 4668 eausa
453 4618 555 4666 retineri
569 4616 609 4667 Cb
626 4620 650 4666 ta't
663 4620 739 4668 causti
752 4618 854 4667 retineri
867 4616 892 4665 B
945 4614 977 4666 13
991 4615 1074 4664 delicit
1092 4616 1175 4674 (delici
1187 4616 1213 4666 A
1226 4632 1293 4668 corr.
1307 4620 1352 4667 -cit
1368 4622 1397 4685 a)

15 4674 17 4723 l
117 4693 195 4748 potest
211 4686 317 4737 inueniri
336 4696 508 4737 cerumtamen
528 4687 691 4749 quodABU
742 4688 774 4737 15
793 4688 814 4736 si
828 4703 874 4741 om.
891 4686 926 4748 A,
939 4686 1035 4739 addo
1088 4687 1121 4738 16
1136 4688 1162 4737 in
1179 4701 1258 4736 unum
1273 4688 1348 4738 ABG

15 4776 16 4785 ἢ
118 4754 227 4807 deficiant
243 4764 325 4807 utrum
347 4758 372 4807 in
391 4756 631 4821 duobusquomodo
651 4756 811 4807 deficiantA
883 4760 917 4809 22
935 4771 991 4806 cnm
1009 4772 1056 4811 ora·
1077 4757 1102 4807 Α
1169 4756 1204 4809 23
1220 4758 1346 4827 possitA
