3350 5442
630 324 871 388 COMMENTVM
1333 326 1393 390 103

1220 448 1242 489 p.
1257 436 1367 477 16-181.

101 538 146 578 rae
166 536 258 597 quam
286 537 306 578 u
335 515 467 585 litterae,
495 515 525 575 id
549 522 594 576 est
616 521 648 576 ut
670 515 709 575 sit
728 512 850 583 vocalis,
881 520 914 575 nt
935 515 973 574 sit
995 512 1193 583 semivocalis,
1218 524 1249 574 ut
1271 517 1309 576 sit
1330 534 1392 577 mc·

100 620 155 681 dia:
176 622 257 680 istae
278 636 454 681 communes
475 626 544 678 sunt
565 618 728 693 utriusque.
773 614 848 675 aliae
872 622 931 677 tros
954 634 1013 677 non
1036 625 1104 677 sunt
1126 634 1315 687 communes
1339 619 1391 679 sed

100 724 224 783 diversas
252 721 366 782 habent
391 715 570 803 potestaltes.
615 736 683 778 nam
707 724 740 779 ut
762 716 834 777 nibil
858 719 910 785 sit,
939 725 972 778 ut
994 720 1032 778 sit
1055 718 1239 796 digammon,
1268 720 1325 779 boc
1348 730 1393 781 est

98 823 270 893 ulitterae;
299 831 333 884 ut
359 826 398 884 sit
423 824 533 882 iterum
556 820 679 900 duplex,
710 818 768 881 lroc
790 827 902 881 tantum
925 821 935 879 i
958 818 1055 881 babet.
1103 830 1132 881 et
1154 821 1219 881 vide
1242 838 1331 899 quem
1354 821 1390 882 ad

77 926 213 987 amodum
243 933 361 989 tractat.
405 932 511 986 tractat
538 926 636 1002 primo
662 922 700 983 de
726 921 785 982 illis
813 922 1037 993 communibus,
1066 932 1225 1009 etypostea
1255 924 1332 985 redit
1354 926 1389 987 atl

96 1030 162 1089 istos
183 1028 334 1108 speciales
356 1046 453 1089 casus.

173 1132 211 1192 Vt
239 1131 301 1191 siut
328 1128 445 1190 vocales
473 1145 560 1206 quern
588 1128 625 1189 ad
654 1126 774 1188 modum
802 1125 1002 1204 intellegimus
1032 1126 1076 1187 rel
1099 1127 1176 1188 ivel
1201 1147 1218 1188 u
1241 1128 1499 1189 litteratissimum

95 1241 158 1293 tunc
179 1242 254 1294 sunt
274 1232 408 1300 uocales,
432 1229 551 1311 quando
574 1228 654 1290 solae
675 1230 790 1309 positae
805 1228 945 1309 syllabam
963 1218 1084 1300 iaciunt,
1107 1230 1152 1289 vel
1175 1230 1292 1308 quando
1315 1248 1384 1291 con·
1398 1206 1456 1323 ᾖξ’
1469 1208 1502 1325 ἐξ

95 1336 205 1395 iunctae
234 1346 306 1396 sunt
332 1335 399 1395 aliis
427 1331 667 1394 consonantibus.
710 1332 736 1392 si
763 1331 844 1392 dicas
871 1350 1009 1401 unus,·u
1032 1330 1092 1393 sola
1123 1341 1169 1393 est
1197 1340 1225 1393 et
1247 1332 1387 1412 syllabam
1450 1311 1457 1339 ’

66 1436 173 1505 ιιιιιίι;
203 1439 231 1497 si
255 1437 336 1497 dicas
357 1438 432 1506 itur,
461 1433 554 1496 isola
578 1443 623 1494 est
645 1439 674 1494 et
697 1432 837 1513 syllabam
861 1433 938 1493 lacit.
985 1451 1055 1511 ergo
1079 1442 1149 1495 tunc
1171 1436 1287 1496 vocales
1306 1446 1385 1508 sunt,

96 1538 209 1615 qnando
233 1538 318 1601 solae
339 1540 454 1618 positae
476 1536 618 1617 syllabam
640 1538 763 1597 faciunt.
786 1538 858 1595 item
881 1536 906 1595 si
927 1537 1045 1596 iunctae
1068 1536 1179 1599 luerint
1201 1544 1385 1611 consonanti,

98 1639 169 1700 unda
185 1640 290 1701 lndus.
315 1640 429 1722 [iuncta
453 1647 497 1700 cst
518 1640 693 1700 consonanti
709 1644 739 1698 et
759 1636 847 1714 longa
863 1644 907 1697 est
923 1640 1054 1717 exceptis
1076 1657 1092 1699 a
1116 1648 1145 1700 st
1168 1660 1183 1700 e
1206 1649 1235 1702 et
1258 1661 1284 1703 o.
1318 1643 1385 1705 illae

94 1758 159 1801 raro
180 1745 246 1803 siae
270 1743 350 1804 solae
372 1744 487 1823 positae
508 1742 634 1810 luerint,
658 1738 785 1820 syllabas
807 1740 933 1809 iaciunt,
958 1741 1017 1801 sive
1040 1742 1198 1819 iungamur
1221 1762 1385 1807 consonan-

95 1843 180 1914 tibus,
204 1844 335 1923 syllabas
361 1842 465 1922 lougas
493 1841 629 1923 iaciunt]¹
675 1860 745 1903 acce
767 1839 874 1911 habea,
898 1841 1015 1919 quaudo
1038 1842 1154 1904 vocales
1176 1851 1253 1906 sunt.
1297 1848 1385 1907 modo

66 1944 249 2017 evincamus,
275 1946 393 2027 qnando
415 1951 485 2007 sunt
506 1951 710 2007 consonantes.
742 1952 941 2021 consonantes
963 1954 1034 2005 tuuc
1056 1955 1138 2015 sunt,
1163 1947 1280 2026 quando
1302 1951 1384 2033 ipsae

95 2050 278 2127 praepositae
306 2056 428 2110 suntet
453 2047 565 2109 babent
585 2056 652 2127 post
673 2065 705 2106 se
734 2044 805 2107 alias
826 2045 942 2107 vocales
964 2049 993 2106 in
1016 2043 1113 2109 isdem*
1132 2048 1251 2129 syllabis
1274 2055 1383 2113 consti·
1476 2047 1484 2056 '

95 2158 173 2211 tutas.
210 2153 257 2212 sic
279 2151 431 2211 delinitum
455 2159 512 2211 cst:
536 2148 632 2230 siquid
655 2148 692 2209 de
714 2148 761 2208 bis
780 2146 871 2208 rebus
894 2133 991 2209 minus
1014 2148 1139 2220 dixeris,
1163 2153 1220 2213 iam
1244 2172 1304 2215 non
1327 2163 1384 2216 stat

94 2254 176 2325 ratio,
206 2252 328 2332 quando
354 2255 439 2332 ipsae
465 2254 651 2333 praepositae
679 2258 749 2313 sunt
777 2258 806 2310 et
833 2249 945 2311 habent
973 2259 1039 2329 post
1066 2271 1099 2311 sc
1121 2251 1192 2313 alias
1215 2255 1330 2318 vocales
1352 2260 1382 2318 in

92 2353 178 2413 adem
207 2354 331 2434 syllabis
358 2357 541 2415 constitutas.
585 2362 619 2415 nt
644 2356 668 2415 si
697 2352 779 2413 dicas
807 2369 913 2421 vanus,
943 2353 1031 2414 modo
1060 2350 1065 2433 Ι
1094 2372 1260 2416 consonans
1290 2367 1335 2419 est
1363 2380 1381 2421 ιι

66 2453 191 2517 alittera.
237 2456 329 2517 babet
359 2458 436 2517 enim
465 2456 537 2516 illud
567 2463 662 2516 totum
690 2454 769 2534 quod
797 2454 869 2514 dixi.
913 2472 980 2514 narn
1009 2456 1122 2535 etipsa
1146 2460 1315 2535 praeposita
1339 2471 1382 2522 cst

95 2566 120 2615 ct
142 2557 233 2619 babet
261 2567 328 2638 post
355 2576 387 2618 se
414 2558 545 2619 vocalem
567 2559 598 2617 iu
621 2556 724 2619 eadem
751 2555 861 2636 syllaba
890 2557 1088 2617 constitutam.
1125 2576 1193 2618 nam
1216 2578 1322 2631 vanus,
1347 2582 1380 2622 va

94 2677 144 2718 uua
170 2659 283 2739 syllaba
318 2670 372 2722 est.
418 2660 503 2720 lanus
532 2669 561 2720 et
588 2662 598 2718 i
626 2659 716 2720 habet
744 2667 811 2738 post
839 2676 871 2719 se
894 2677 923 2728 a,
955 2665 984 2718 et
1006 2676 1062 2719 una
1085 2658 1194 2737 syllaba
1219 2670 1271 2723 est.
1311 2666 1379 2743 quid

95 2778 159 2838 opus
181 2772 227 2823 cst
251 2772 284 2823 ιιι
304 2763 362 2822 laoc
384 2762 512 2832 diceret,
535 2771 568 2822 ut
588 2764 671 2840 ipsae
693 2760 872 2839 praecedant
895 2772 924 2820 et
946 2757 1075 2820 babeant
1095 2768 1161 2839 post
1184 2782 1215 2823 se
1238 2762 1308 2826 alias
1332 2786 1379 2827 ro-

95 2863 162 2923 cates
188 2866 220 2925 iu
250 2865 346 2926 isdem
373 2863 494 2943 syllabis
523 2864 716 2946 constitqtas‘?
754 2864 822 2943 quia
851 2864 876 2922 si
904 2880 963 2922 uon
990 2864 1072 2941 ipsae
1099 2869 1316 2943 praecesserint
1351 2877 1380 2929 et

66 2962 215 3028 §babeant
236 2974 306 3046 post
326 2986 359 3027 se
381 2964 498 3026 vocales
519 2968 549 3026 in
571 2966 665 3025 isdem
687 2964 808 3044 syllabis
830 2966 1017 3035 constitutas,
1041 2984 1100 3027 non
1124 2974 1191 3027 sunt
1214 2986 1378 3031 consonan-

96 3073 140 3126 tes
183 3076 257 3147 puta
287 3070 312 3129 si
341 3067 423 3129 dicas
449 3069 604 3147 quoniam:
634 3086 704 3128 ecce
731 3076 798 3147 post
819 3086 838 3146 q
861 3068 975 3127 invenis
997 3086 1030 3136 n,
1055 3068 1229 3130 sedtamen
1253 3081 1380 3133 nonest

95 3185 252 3231 consonans
281 3190 313 3241 ιι,
343 3170 483 3251 quoniam
512 3187 571 3230 non
598 3171 661 3249 ipsa
690 3170 860 3247 praecessit.
905 3170 975 3229 item
1004 3186 1095 3246 quare
1118 3170 1246 3233 diximus
1268 3176 1311 3235 ‘si
1332 3194 1378 3235 se·

95 3280 211 3348 quantur
235 3274 350 3334 vocales
376 3276 409 3333 in
436 3272 532 3337 isdem
554 3270 673 3349 syllabis
695 3272 909 3331 constitutae'?
936 3280 1006 3350 puta
1029 3274 1054 3332 si
1077 3272 1157 3333 dicas
1178 3274 1272 3344 lulus,
1295 3279 1306 3336 i
1328 3296 1377 3337 vo·
1476 3292 1479 3297 ·

96 3370 156 3433 ralis
176 3382 222 3435 est
245 3384 274 3436 et
299 3393 319 3435 u
341 3373 449 3436 vocalis
471 3382 524 3449 est.
568 3372 671 3434 debuit
693 3390 765 3451 ergo
787 3391 852 3434 esse
876 3391 1055 3443 consonans,
1081 3382 1110 3435 et
1132 3394 1295 3439 consonans
1318 3398 1376 3440 non

67 3483 139 3533 aest.
172 3478 283 3556 quare?
311 3478 380 3553 quia
401 3478 413 3535 i
434 3484 465 3536 et
485 3495 505 3536 u
528 3493 588 3535 non
617 3481 688 3535 sunt
714 3478 803 3535 unius
831 3472 974 3553 syllabae,
1004 3474 1056 3535 scd
1085 3476 1159 3537 dnae
1181 3488 1259 3539 sunt.
1305 3500 1376 3561 crgo

95 3578 140 3635 nisi
165 3581 221 3639 ista
250 3580 437 3639 consentiant
464 3579 576 3647 omnia,
611 3596 671 3638 non
705 3586 774 3639 sunt
801 3584 1011 3647 consonantes,
1044 3578 1073 3638 id
1103 3586 1147 3639 cst
1173 3583 1229 3641 uisi
1257 3592 1287 3644 et
1313 3586 1374 3664 ipsa

95 3680 245 3754 praecedat
266 3688 296 3739 ct
317 3679 425 3740 habeat
447 3689 513 3759 post
534 3698 566 3739 se
589 3680 720 3739 vocalem
747 3682 778 3739 in
802 3679 903 3763 eadem
927 3678 1038 3760 syllaba
1063 3669 1260 3743 constitutam.
1306 3704 1375 3747 occe

95 3780 198 3856 quando
227 3790 298 3842 suut
325 3791 531 3843 consonantes.
576 3782 693 3843 mediae
719 3782 858 3843 dicuutur
885 3781 966 3852 ideo,
997 3784 1063 3861 qnia
1094 3782 1269 3863 aliquotiens
1295 3788 1374 3848 solae

95 3878 172 3942 alium
200 3902 309 3943 sonum
338 3882 463 3954 liabent,
495 3883 672 3963 aliquotiens
695 3885 804 3944 miatae
827 3882 917 3945 alium
939 3902 1045 3945 sonum
1068 3884 1188 3947 babent.
1233 3906 1301 3950 ecce
1324 3889 1373 3950 ad·

69 3993 172 4055 averte,
194 4004 255 4065 quo
277 3985 365 4045 modo
388 3994 474 4047 sonat
495 4005 523 4046 u.
557 4004 642 4057 unus,
667 4005 736 4047 ecce
760 4004 778 4045 n
802 3986 884 4047 vides
906 4005 992 4065 quam
1015 3990 1143 4049 tenuiter
1165 3996 1259 4050 sonat.
1283 3992 1373 4070 iunge

150 4205 167 4255 9
185 4224 202 4256 u
219 4208 275 4258 sola
292 4216 331 4256 est
348 4216 373 4256 et
390 4209 417 4257 in
434 4208 526 4271 syllam
545 4205 606 4257 lecit
621 4222 682 4274 ergo
701 4208 804 4259 uocales
824 4216 883 4259 tune
900 4219 959 4259 sunt
974 4209 1076 4272 quando
1094 4210 1163 4259 solae
1182 4210 1280 4277 positae
1295 4211 1373 4277 sylla·

96 4272 142 4322 baua
158 4276 254 4327 iaciunt
271 4279 295 4327 si
310 4278 382 4327 dicas
400 4278 450 4327 itur
468 4280 475 4326 i
492 4277 547 4327 sola
563 4319 568 4330 .
585 4320 591 4331 .
611 4288 636 4327 et
652 4278 774 4342 syllabam
790 4277 852 4328 facit
872 4280 931 4329 item
954 4280 975 4331 si
999 4280 1100 4328 itinctae
1122 4278 1215 4329 luerim
1233 4282 1265 4331 ad
1281 4296 1372 4335 conso·

96 4347 151 4394 nanti
168 4348 193 4396 A
212 4364 229 4396 ιι
247 4349 302 4397 sola
320 4355 402 4396 estet
420 4347 544 4411 syllabam
563 4347 620 4397 lecit
639 4362 701 4414 ergo
721 4348 822 4399 uocales
842 4358 900 4398 tune
915 4358 974 4399 sunt
992 4350 1093 4412 qnando
1111 4350 1182 4399 solae
1201 4352 1299 4415 positae
1320 4354 1372 4419 syl-

96 4412 164 4464 labam
181 4417 278 4466 laciant
301 4418 324 4465 si
344 4416 414 4467 dieas
435 4419 486 4468 itur
505 4419 514 4466 i
530 4420 583 4468 sola
603 4427 641 4469 est
657 4430 682 4467 et
695 4420 819 4483 syllabam
839 4418 899 4468 lacit
919 4433 980 4485 argo
1000 4432 1058 4468 tatic
1074 4420 1176 4469 trocales
1194 4430 1252 4471 aunt
1271 4424 1371 4484 quaudo

97 4482 152 4533 solae
166 4487 266 4552 positae
284 4486 408 4548 syllabam
427 4487 525 4538 facium
543 4489 603 4539 item
621 4491 643 4538 si
662 4491 762 4538 iunctae
780 4488 874 4539 luerint
891 4490 1040 4539 consonanti
1060 4489 1133 4541 nna
1222 4490 1253 4542 11
1270 4492 1328 4540 item
1350 4494 1370 4542 si

98 4550 166 4604 iuncta
184 4556 261 4607 luerit
280 4558 314 4607 ad
335 4562 455 4607 sonantes
467 4560 536 4608 anda
553 4559 629 4609 indus
648 4560 749 4609 innume
767 4570 825 4608 snut
843 4560 1008 4609 consonantia
1026 4568 1051 4609 et
1071 4560 1148 4626 leriga
1166 4569 1205 4610 est
1223 4564 1338 4629 exceptis
1356 4580 1370 4611 u

97 4627 193 4677 soille
215 4642 278 4676 uero
301 4628 325 4676 si
348 4629 418 4677 solae
435 4630 551 4694 possitae
574 4628 667 4679 iruerint
690 4629 800 4695 syllabas
825 4628 920 4679 luriunt
939 4630 994 4678 siue
1018 4630 1155 4696 iungentur
1174 4634 1370 4684 consonantibus

99 4692 191 4753 ttllabas
209 4698 301 4763 longas
321 4696 417 4748 iaciunt
434 4700 458 4747 L
508 4700 541 4750 la
559 4698 650 4766 longas
669 4698 781 4763 syllabas
800 4699 838 4760 (et
855 4700 945 4749 breues
964 4698 1025 4752 add.
1043 4698 1070 4765 c)
1088 4700 1182 4750 iaciunt
1194 4702 1248 4753 BG
1297 4702 1331 4754 23
1344 4712 1371 4752 ιιι

98 4758 135 4811 hoc
148 4766 234 4817 diciret
246 4768 272 4815 Α
290 4778 317 4816 ut
334 4768 383 4817 laoc
394 4768 480 4817 dicent
494 4770 519 4819 B
588 4772 622 4819 24
638 4771 698 4833 qnia
709 4797 741 4805 —
754 4770 904 4821 constitutas
922 4784 967 4821 om.
983 4769 1017 4831 A,
1036 4770 1127 4824 adda
1198 4770 1229 4823 31
1246 4773 1294 4823 ista
1312 4788 1369 4831 cou-

99 4834 190 4886 aeatiuat
203 4837 260 4887 Al,
279 4838 313 4886 ita
331 4838 544 4889 consentiant'C
938 4856 944 4865 ·

1531 1364 1539 1403 l
