3350 5442
244 346 247 349 ’
305 323 368 387 644
507 352 514 362 ’
861 326 1043 393 utcuoull

330 446 351 487 p.
366 437 453 475 lob-62
468 433 494 474 V.
1288 482 1293 485 -

304 511 478 596 legerem!
501 517 697 594 praeteritum
719 516 884 594 perlectum
900 533 967 575 curn
991 515 1127 593 legerim,
1151 516 1348 594 praeteritum
1371 512 1602 591 plusquamper-

304 618 414 677 lectum
443 636 510 678 cum
542 616 694 695 legissem,
722 620 857 678 luturum
885 632 953 677 cum
981 616 1091 694 legero.
1137 616 1214 675 unde
1243 616 1332 675 ctiam
1362 614 1458 674 isdem
1486 610 1604 690 regulis

304 718 525 787 l'orrnabuutur,
554 736 609 779 aec
636 718 692 779 alia
725 719 870 779 discretio
903 720 959 779 orit
986 721 1067 779 inter
1100 720 1268 797 perlectum
1301 736 1334 776 ac
1357 717 1511 783 laturum,
1543 717 1601 775 nisi

252 857 260 873 κ
303 822 382 900 ‹pttod
414 822 446 882 iu
478 822 574 901 prima
602 839 730 900 persona
758 820 831 881 illud
860 823 891 880 in
919 822 992 890 rim,
1023 821 1150 881 alterum
1178 820 1208 881 iu
1237 836 1271 878 ro
1300 817 1442 897 syllabam
1471 816 1600 883 desinet,

303 941 371 983 cum
398 922 523 1000 legerim
551 941 619 983 cum
646 922 757 1000 legero.
800 924 917 1001 passiva
945 939 1062 1001 quoque
1091 920 1225 981 eiusdem
1248 920 1325 981 modi
1350 919 1405 981 sub
1428 908 1529 980 isdem
1551 934 1625 978 re-:v

303 1024 382 1101 gulis
403 1024 589 1085 declinantur
613 1032 643 1084 et
665 1043 701 1084 ex
724 1027 788 1085 suis
810 1027 933 1085 veniunt
955 1026 1059 1087 activis
1080 1023 1117 1084 ad
1145 1021 1372 1085 similitudinem
1394 1022 1599 1102 superiorum,

304 1127 363 1186 uisi
392 1127 468 1205 quod
497 1128 630 1186 loturum
659 1145 776 1230 quoque
805 1145 859 1205 per
881 1127 1074 1205 participium
1096 1132 1126 1185 ot
1148 1143 1200 1184 ero
1223 1125 1268 1185 vel
1291 1126 1375 1185 luero
1398 1121 1524 1183 verbum
1547 1122 1598 1181 de-

303 1227 442 1287 clinatur.
486 1228 585 1289 Latini
615 1246 668 1289 sua
696 1228 822 1308 quadam
850 1227 971 1289 licentia
1004 1228 1207 1306 usurpationis
1235 1226 1320 1287 modo
1348 1225 1511 1287 indicativa
1544 1242 1600 1301 pro

303 1331 499 1391 coniunctIvis
521 1339 650 1409 ponunt,
673 1329 760 1389 modo
783 1331 971 1390 coniunctiva
993 1346 1048 1407 pro
1071 1328 1255 1395 indicativis:
1279 1328 1384 1389 Cicero
1407 1328 1489 1406 ‘qui
1515 1334 1599 1404 pot-

304 1434 380 1491 erit
401 1434 527 1493 socios
549 1433 665 1500 tueri,
687 1433 718 1491 si
741 1431 919 1492 dilectum
936 1449 1058 1491 rerum
1074 1431 1225 1493 utilium
1248 1439 1284 1491 et
1305 1429 1503 1491 inutilium
1526 1445 1634 1487 nourr

304 1532 476 1594 babebit'
499 1550 555 1612 pro
576 1532 730 1603 babuerit;
754 1531 826 1593 alibi
845 1533 923 1593 idem
945 1533 1072 1603 luerint;
1096 1531 1280 1593 ‘libenter
1303 1530 1391 1601 tibi,
1415 1530 1537 1597 Laeli,
1561 1538 1600 1588 ιιι

305 1652 384 1695 euru
407 1635 602 1696 desideras
624 1634 798 1714 equidem
821 1637 1066 1694 concessero'
1089 1653 1144 1714 pro
1166 1633 1336 1694 concedam.
1362 1628 1366 1713 l

185 1740 291 1796 ort,·24
390 1734 432 1797 lte
456 1738 573 1798 indulto
595 1738 691 1798 modo.
726 1734 879 1797 indultum
895 1736 1015 1798 modum
1038 1737 1158 1816 quidam
1180 1738 1302 1796 minime
1325 1733 1497 1795 habendum
1519 1735 1601 1793 iuter

306 1838 396 1898 verba
418 1840 605 1915 existimant,
628 1841 698 1918 quia
720 1856 817 1918 neque
841 1857 997 1901 numerum
1020 1848 1050 1899 et
1071 1856 1243 1918 personam,
1266 1855 1343 1917 quae
1365 1835 1454 1896 verbi
1475 1836 1599 1914 propria

303 1949 385 2009 sunt,
410 1940 559 2018 designat,
583 1942 636 2001 sed
659 1940 809 2001 adverbiis
830 1941 930 2019 potius
952 1943 1096 2021 temporis
1118 1938 1267 2020 adplicare
1290 1945 1446 2007 conantur,
1469 1956 1597 2017 quorum
1612 1952 1632 1989 ιε·

302 2044 458 2121 proprium
480 2051 526 2104 est
547 2051 581 2103 ut
603 2056 737 2113 sensum,
761 2044 786 2103 si
809 2060 878 2103 cum
901 2040 993 2103 verbo
1015 2045 1183 2111 socientur,
1208 2042 1337 2103 efficiant
1358 2040 1531 2120 praeposita
1553 2040 1598 2099 vel

302 2148 482 2223 postposita:
505 2144 597 2206 latine
619 2146 739 2225 loquor,
762 2144 867 2224 loquor
889 2144 994 2213 latine,
1018 2146 1096 2205 lacio
1118 2146 1252 2215 lortiter,
1285 2144 1405 2204 sortiter
1426 2142 1515 2202 lacio.
1559 2144 1599 2201 ita

304 2241 308 2326 Ι
333 2254 362 2308 et
384 2249 547 2317 inlinitum,
571 2246 704 2307 scribere
728 2247 807 2316 roto,
831 2246 896 2307 volo
919 2246 1068 2317 scribere,
1093 2240 1241 2307 disserere
1265 2246 1366 2325 cupio,
1391 2245 1480 2323 cupio
1504 2244 1598 2303 disse·

303 2366 386 2418 rere;
411 2350 588 2428 praesertim
611 2367 679 2409 cum
700 2348 792 2409 multa
815 2350 879 2409 sint
899 2348 1041 2410 adverbia
1069 2367 1144 2429 quae
1167 2367 1203 2409 ex
1226 2347 1327 2408 uerbis
1350 2347 1503 2413 oriantur,
1528 2352 1598 2403 uta

302 2468 391 2510 curro
413 2452 539 2520 cursim,
569 2453 683 2528 stringo
704 2451 849 2520 strictim,
873 2449 964 2510 caedo
987 2452 1116 2520 caesim,
1140 2468 1239 2530 pungo
1261 2449 1396 2528 punctim
1419 2454 1450 2507 et
1470 2445 1594 2513 similla:
1609 2466 1631 2499 a

303 2554 430 2612 maxime
452 2570 520 2612 cum
542 2560 572 2613 ct
593 2552 667 2613 allae
689 2560 792 2632 partes
813 2572 830 2613 a
853 2551 945 2612 verbo
973 2559 1146 2621 nascantur,
1176 2559 1209 2612 ut
1230 2551 1389 2630 participia
1412 2558 1442 2609 et
1463 2550 1591 2615 unauna,

302 2655 380 2713 sicut
406 2664 452 2715 est
478 2653 615 2715 scribens
641 2661 672 2714 et
697 2655 839 2733 scriptor,
868 2672 944 2733 quae
972 2664 1002 2715 et
1028 2653 1202 2715 lirralitatem
1229 2652 1347 2714 solitam
1373 2650 1534 2712 verborum
1562 2659 1592 2709 et

302 2757 550 2832 significationem
576 2758 733 2816 amiserint
765 2774 974 2836 personarum,
1008 2776 1082 2837 quas
1108 2774 1168 2817 nou
1195 2757 1253 2815 nisi
1286 2772 1354 2814 cum
1388 2752 1589 2813 additamento

301 2860 487 2936 pronominis
507 2860 624 2937 possint
644 2858 846 2936 distinguere,
871 2867 904 2918 ut
924 2878 1026 2921 amans
1046 2877 1094 2919 me
1117 2866 1146 2919 te
1166 2856 1253 2919 illum
1273 2874 1327 2917 nos
1348 2874 1400 2917 vos
1422 2854 1496 2915 illos.
1534 2852 1585 2913 sed

302 2979 319 3020 a
341 2959 525 3021 doctioribus
546 2959 592 3021 bis
614 2962 796 3022 refutantur:
818 2961 968 3021 infinitum
990 2960 1108 3022 modum
1123 2979 1182 3021 nou
1196 2958 1318 3039 quidem
1338 2960 1509 3038 exprimere
1531 2975 1585 3018 uu·
1606 2972 1629 3010 2⁵

302 3078 417 3121 merum
446 3062 492 3122 vel
516 3080 692 3143 personam,
722 3081 825 3123 omues
853 3071 950 3123 tamen
980 3064 1116 3142 recipere
1144 3079 1287 3141 personas
1308 3068 1339 3121 et
1359 3068 1519 3139 utrumque
1541 3076 1594 3119 utr-

302 3181 417 3223 merum
445 3163 614 3233 admittere.
659 3183 726 3225 uam
755 3167 854 3245 ipsum
883 3164 1033 3233 scribere,
1062 3182 1131 3225 cum
1159 3183 1175 3224 a
1203 3180 1249 3223 me
1277 3164 1391 3240 agitur,
1425 3164 1458 3223 sit
1485 3159 1594 3228 scribo,

302 3284 371 3325 cum
392 3284 409 3325 a
431 3274 476 3335 te,
499 3266 532 3326 tn
554 3265 677 3335 scribis,
701 3284 769 3327 cum
784 3265 822 3327 ab
845 3266 903 3337 illo,
927 3268 960 3327 fit
975 3266 1096 3336 scribit,
1120 3268 1192 3327 item
1214 3284 1282 3326 cum
1304 3284 1320 3327 a
1343 3264 1444 3332 uobis,
1468 3264 1500 3325 dt
1523 3264 1595 3324 scri-

304 3368 417 3437 bimuS,
441 3386 509 3429 cum
531 3388 546 3428 a
571 3365 670 3438 vobis,
694 3370 734 3441 fit
747 3367 897 3438 scribitis,
920 3387 988 3429 cum
1003 3367 1040 3429 ab
1056 3368 1131 3438 illis,
1155 3370 1187 3429 tu
1202 3366 1352 3437 scribunt;
1376 3373 1408 3426 et
1429 3366 1594 3444 scripsisse,

302 3485 371 3529 cum
398 3471 430 3529 iu
458 3471 601 3538 meluit,
634 3470 668 3530 lit
695 3472 816 3549 scripsi,
847 3490 914 3532 cum
942 3473 973 3531 in
1003 3479 1045 3541 te,
1075 3472 1108 3531 fit
1135 3472 1294 3549 scripsisti,
1324 3486 1393 3529 curu
1421 3470 1452 3528 in
1475 3467 1540 3537 illo,
1565 3468 1629 3526 uta.-

303 3572 440 3649 scripsit,
463 3588 532 3632 cum
553 3574 586 3631 iu
607 3569 710 3642 nobiS,
733 3574 767 3633 lit
788 3575 979 3652 scripsimus,
1004 3590 1071 3632 cum
1095 3574 1125 3633 in
1148 3571 1247 3641 vobis,
1271 3572 1304 3633 tit
1326 3571 1506 3649 scripsistis,
1529 3586 1594 3627 cum

302 3675 335 3732 in
363 3672 437 3742 illis,
466 3674 499 3733 lit
529 3675 728 3752 scripserunt3
757 3681 788 3734 et
815 3677 961 3754 scriptum
990 3677 1051 3744 ire,
1081 3692 1149 3735 oum
1170 3677 1202 3735 in
1224 3692 1272 3735 me
1294 3674 1366 3742 erit,
1395 3673 1429 3733 lit
1456 3670 1594 3738 scribam,

302 3792 371 3834 cum
393 3777 425 3835 in
448 3781 495 3845 te,
517 3776 551 3835 tit
572 3774 703 3845 scribes,
727 3794 795 3836 cum
816 3778 848 3836 in
871 3776 936 3847 illo,
960 3778 991 3837 tit
1012 3776 1142 3846 scribet,
1163 3795 1231 3837 cum
1253 3778 1284 3837 in
1307 3771 1403 3846 uobis,
1427 3776 1461 3835 ot
1481 3772 1594 3835 scribe-

303 3895 385 3946 mus,
414 3894 483 3937 cum
512 3879 543 3937 in
566 3875 665 3947 vobis,
695 3880 728 3938 lit
749 3877 904 3949 scribetis,
934 3895 1007 3939 cum·
1023 3880 1055 3940 iu
1077 3878 1164 3967 iltis,
1181 3880 1214 3939 iit
1237 3876 1380 3939 scribent.
1425 3894 1494 3937 cum
1517 3877 1594 3935 cuim

303 3978 370 4038 dico
397 3975 512 4048 scribo,
542 3978 617 4039 nihil
645 3978 725 4040 aliud
753 3980 890 4057 significo
918 3998 1005 4061 quarn
1033 3980 1166 4040 scribere
1195 3998 1252 4040 me.
1297 3996 1365 4039 cum
1385 3978 1454 4039 dico
1477 3976 1627 4047 scribisa

302 4080 374 4161 quid
396 4079 477 4141 aliud
499 4081 561 4141 dlxi
583 4100 673 4161 quam
695 4081 829 4143 scribere
852 4084 901 4142 tel
924 4100 992 4143 cum
1007 4082 1074 4142 dico
1089 4081 1208 4151 scribit,
1233 4080 1304 4161 quid
1321 4079 1401 4141 aliud
1423 4079 1486 4140 dixi
1509 4096 1594 4159 quam

303 4181 437 4242 scribere
460 4182 563 4244 illum?
590 4190 622 4243 et
643 4191 753 4245 cetera.
793 4184 903 4246 deinde
925 4184 1099 4245 adverbium
1121 4184 1266 4263 temporis
1288 4182 1358 4245 binc
1379 4182 1508 4245 maxime
1530 4198 1594 4241 esse

370 4406 385 4453 3
402 4402 577 4452 formabuntur
646 4402 731 4464 aliqua
743 4402 768 4452 B
836 4406 853 4454 9
870 4404 913 4464 qui
930 4400 1034 4470 poterit]
1050 4404 1137 4455 Cicero
1149 4404 1181 4453 de
1194 4403 1294 4467 legibus
1305 4402 1379 4453 tertio
1392 4416 1451 4453 exc.
1465 4402 1528 4451 Par.

303 4473 335 4520 10
348 4470 467 4520 dilectum
480 4485 569 4519 uerum
583 4470 608 4520 B
621 4471 747 4520 delectum
759 4486 842 4521 rerum
856 4474 897 4524 ed.
914 4472 990 4523 Vinci.
1061 4475 1091 4522 11
1106 4472 1187 4521 ‘iuter
1199 4470 1267 4522 idem
1280 4478 1306 4521 et
1318 4471 1413 4519 luerint
1424 4474 1565 4535 exemplum
1581 4486 1592 4519 c

302 4540 424 4588 Cicerone
442 4539 546 4601 petitum
563 4540 692 4589 excidisse
709 4541 793 4603 palam
810 4538 862 4589 est’
877 4540 961 4589 editor
976 4540 1180 4591 Vindobouensis
1237 4535 1355 4605 libenter]
1370 4537 1456 4587 Cicero
1475 4540 1502 4586 iu
1517 4540 1592 4603 primo

302 4607 334 4655 de
347 4622 373 4655 re
386 4607 486 4671 publicu
499 4622 558 4657 ecce.
571 4608 653 4660 Par„-
664 4608 716 4657 Cic.
730 4608 761 4657 de
773 4624 803 4657 re
814 4608 883 4672 publ.
897 4609 906 4655 l
922 4611 953 4659 13
1022 4608 1080 4657 laeti
1093 4607 1118 4657 B
1188 4610 1219 4657 12
1231 4610 1258 4657 in
1276 4608 1445 4657 declinatione
1457 4609 1591 4656 coniuncti-

303 4691 389 4725 aarum
405 4690 472 4739 qaae
487 4677 604 4739 requitur
615 4690 673 4724 cum
686 4676 765 4725 lectus
779 4690 821 4725 ero
835 4702 867 4709 -
880 4675 937 4724 lecti
951 4678 1016 4725 erint
1028 4676 1120 4727 luerint
1131 4676 1207 4726 babet
1219 4675 1244 4725 B
1303 4678 1335 4726 13
1347 4674 1451 4737 quidam
1465 4690 1524 4726 exc.
1535 4675 1593 4725 Por.

303 4742 443 4803 qrtidemB
512 4746 545 4793 16
557 4739 699 4808 proprium]
714 4743 861 4808 prinnnnB
930 4746 963 4795 20
975 4742 1080 4810 caesim]
1094 4744 1191 4793 casdim
1205 4760 1273 4795 corr.
1286 4741 1420 4793 caesimB
1490 4744 1592 4804 22quac

303 4812 343 4859 ed.
362 4811 438 4862 Viud.
451 4810 511 4873 quia
524 4810 548 4859 B
617 4813 650 4862 23
661 4811 862 4861 additamentum
875 4828 944 4865 corr.
958 4822 996 4863 -to
1009 4814 1034 4863 B
1102 4814 1135 4864 25
1153 4812 1300 4863 doctoribus
1312 4810 1338 4861 B
