3350 5442
600 257 836 321 continuum
954 309 957 319 .
1195 267 1197 276 '
1303 255 1368 320 235

1183 382 1204 421 p.
1217 368 1307 409 ara-rs
1320 366 1343 405 c.

99 450 225 509 inuenitur
251 466 409 528 praesens,
443 450 638 527 praeteritum
671 448 885 528 inperfectum,
918 451 1111 528 praeteritum
1143 448 1310 529 perfectum
1340 454 1369 508 et

98 550 400 631 plusquamperfectum
429 557 458 609 et
484 551 626 611 futurum.
671 549 813 611 debemus
842 549 974 629 diligenti
1009 552 1124 611 ratione
1150 552 1207 611 ista
1232 557 1368 628 tempora

98 652 216 731 colligere
239 661 267 712 et
288 653 332 713 sic
356 652 444 713 etiam
469 654 509 713 uti
530 652 603 732 ipsis
627 651 823 732 temporibus,
847 654 988 734 quoniam
1002 654 1102 730 gravia
1118 654 1185 714 vitia
1199 654 1243 713 sic
1257 653 1370 713 faciunt

96 755 225 835 plerique:
248 752 335 815 multi
356 753 492 817 homines
513 760 638 815 utuntur
660 755 793 835 perfecto
809 774 864 835 pro
880 755 1186 836 plusquamperfecto,
1210 761 1262 815 aut
1282 773 1367 836 prae-

78 859 167 918 uteuito
186 875 240 937 pro
263 858 379 927 futuro,
408 866 458 919 aut
480 858 631 937 praesenti
653 875 709 937 pro
731 856 1031 938 plusquamperfecto.
1075 859 1195 919 interim
1217 859 1295 918 seire
1317 855 1367 916 de·

94 959 137 1020 bus
161 960 236 1039 ipsas
264 958 460 1021 definitiones.
510 966 580 1040 puta
607 977 749 1039 praesens
777 968 821 1021 εει
850 960 927 1040 quod
956 960 1069 1037 agitur,
1099 959 1178 1038 quod
1204 961 1236 1021 in
1263 978 1297 1020 re
1324 966 1369 1019 est

93 1063 210 1141 penitus,
243 1061 322 1141 quod
346 1069 416 1123 tunc
439 1069 497 1133 est,
528 1080 595 1123 cum
619 1064 664 1123 fut:
693 1061 751 1123 hoc
774 1070 819 1123 est
840 1080 997 1143 praesens,
1025 1063 1050 1121 si
1072 1062 1152 1123 dicas
1174 1060 1256 1141 lego;
1280 1079 1369 1122 nemo

29 1173 31 1255 l
95 1163 138 1224 tibi
157 1171 252 1245 potest
275 1163 375 1225 dicere
397 1164 479 1243 lego,
504 1166 561 1225 nisi
585 1166 635 1245 qui
658 1163 756 1225 adhuc
778 1166 838 1243 agit
859 1164 917 1225 boc
939 1164 1077 1225 officium.
1106 1164 1306 1244 inperfectum
1327 1174 1370 1225 est

28 1264 30 1323 l
93 1266 159 1347 quod
183 1266 326 1327 onrissum
353 1274 412 1337 est,
442 1266 494 1329 sed
523 1284 584 1327 non
612 1265 794 1348 conpletum,
824 1275 859 1328 ut
886 1264 1035 1345 legebam:
1065 1268 1116 1346 qui
1143 1266 1213 1329 dicit
1235 1265 1370 1345 legebam

27 1368 28 1379 ’
67 1369 166 1431 uducet
187 1388 218 1429 se
240 1368 352 1429 desisse
374 1388 429 1431 nec
452 1368 620 1449 conplesse:
645 1369 701 1431 hoc
724 1376 768 1431 est
788 1370 1003 1449 inperfectum,
1028 1370 1079 1431 ubi
1093 1370 1246 1431 omisimus
1261 1368 1370 1446 aliquid

92 1491 136 1531 nec
157 1471 366 1553 conpleuimus.
410 1472 576 1551 perfectum
606 1479 664 1543 est,
694 1472 744 1533 ubi
772 1472 977 1552 conpleuimus
1004 1471 1093 1552 paulo
1115 1478 1198 1543 ante,
1222 1470 1273 1533 ubi
1293 1474 1371 1532 iusta

93 1576 143 1652 ipsa
167 1574 312 1654 perfectio
342 1579 401 1644 est,
430 1573 458 1634 id
488 1580 532 1635 est
557 1572 630 1653 legi,
660 1594 694 1636 ae
722 1576 746 1637 si
775 1574 855 1637 dicus
883 1574 989 1635 ‘modo
1017 1573 1106 1645 desii,
1134 1576 1193 1634 iam
1215 1580 1314 1634 mmen
1337 1592 1371 1635 re
1452 1651 1461 1657 ι

92 1681 225 1753 peracta’.
268 1674 590 1756 plusquamperfectum
614 1684 659 1739 est
683 1675 770 1761 [iam]
801 1696 850 1738 res
877 1677 947 1737 olim
970 1676 1121 1757 conpleta,
1144 1685 1177 1737 ut
1197 1683 1268 1754 puta
1290 1675 1369 1753 lege-

93 1796 152 1841 ram.
195 1779 328 1839 futurum
352 1778 495 1859 estquod
519 1778 646 1839 necdum
668 1780 778 1841 factum
802 1787 860 1849 εει,
885 1779 937 1841 sed
959 1781 1024 1840 fieri
1044 1787 1156 1859 potest,
1179 1778 1275 1857 legam
1298 1780 1371 1838 scri·

66 1879 157 1941 ubam.
193 1898 264 1959 ergo
288 1882 365 1959 siqui
388 1883 427 1942 ita
451 1880 604 1961 loquatur,
629 1881 772 1961 numquid
795 1901 855 1941 non
879 1881 932 1941 tibi
955 1881 1069 1943 uidetur
1092 1880 1098 1965 Ι
1120 1883 1249 1961 pessime
1271 1880 1371 1961 loqui?

94 1981 162 2043 uerbi
184 1962 271 2045 causa
293 1982 467 2045 festinanter
483 1984 564 2045 uadis
579 1987 681 2046 neseio
704 2002 762 2063 quo
784 2003 838 2064 per
861 1984 1005 2065 plateam,
1029 1986 1162 2045 occurrit
1185 1983 1238 2046 tibi
1260 1985 1373 2045 amicus

92 2093 116 2144 et
134 2084 199 2147 dicit
227 2085 281 2146 tihi
309 2087 385 2165 ‘quo
407 2086 525 2147 vadis‘l’
554 2096 586 2148 ut
607 2088 755 2157 advertas,
786 2104 875 2165 quam
898 2088 996 2165 gravia
1018 2088 1063 2147 sic
1084 2087 1158 2146 fiunt
1179 2075 1256 2147 liuta.
1303 2083 1374 2144 dicit

92 2184 136 2245 tibi
161 2189 233 2267 ‘quo
262 2187 431 2259 festinasl’,
461 2189 535 2251 dicis
561 2188 614 2250 ‘ad
644 2189 821 2251 auditorium
845 2190 980 2250 festino'.
1025 2191 1172 2268 ‘quaref'
1207 2185 1323 2257 melius,
1347 2187 1373 2245 si

91 2288 301 2369 participialiter
328 2292 423 2352 utaris
444 2298 474 2351 et
496 2291 576 2353 dicas
604 2292 762 2371 ‘quoniam
791 2290 924 2353 dicturus
945 2293 1037 2351 sum'.
1084 2309 1153 2351 ecce
1175 2307 1230 2369 per
1252 2289 1371 2368 partici-

63 2392 162 2469 opium
182 2410 252 2452 sane
274 2390 391 2455 locutus
413 2413 459 2455 es:
484 2395 582 2456 dixisti
605 2396 683 2456 enim
707 2403 736 2455 te
758 2393 887 2455 necdum
909 2395 1028 2462 fecisse,
1052 2392 1104 2453 sed
1127 2394 1273 2453 facturum
1296 2410 1371 2451 esse.

90 2495 111 2553 si
131 2502 221 2555 autem
244 2496 287 2556 sic
316 2494 410 2566 dicas,
434 2496 510 2577 ‘quo
539 2498 679 2559 festinas?
714 2496 749 2558 ad
780 2496 970 2558 auditorium.
1019 2496 1129 2576 quare?
1163 2494 1252 2555 hodie
1282 2493 1371 2563 dico',

14 2584 16 2657 l
90 2596 285 2681 soloecismum
300 2598 405 2659 fecisti.
437 2599 538 2661 ‘dico’
561 2602 640 2661 enim
662 2619 722 2661 non
746 2608 790 2661 est
811 2600 869 2660 nisi
892 2600 955 2659 eius
979 2600 1029 2678 qui
1051 2600 1125 2677 agit,
1149 2599 1200 2677 qui
1222 2599 1281 2657 iam
1303 2597 1374 2657 facit

90 2698 140 2759 boc
160 2702 263 2781 ipsum.
310 2718 381 2779 ergo
409 2704 486 2782 siqui
509 2702 580 2762 dicit
600 2702 706 2764 ‘bodie
734 2701 828 2769 dico',
858 2702 908 2781 qui
930 2701 1026 2761 adbuc
1046 2700 1125 2762 radit
1145 2698 1183 2761 ad
1205 2699 1372 2769 dicendum,

90 2802 142 2863 iam
156 2802 270 2865 uidetur
285 2802 494 2865 soloecismum
516 2804 624 2865 facere.
656 2804 693 2865 de
715 2802 765 2865 illa
786 2824 821 2865 ue
844 2804 920 2873 dico,
944 2802 982 2863 de
1004 2803 1217 2881 significatione
1238 2804 1373 2881 ipsorum

13 2908 15 2989 l
60 2922 80 2961 rs
91 2912 262 2987 temporum,
292 2906 584 2985 quemadmodum
608 2913 725 2967 utamur
752 2907 823 2987 ipsis
852 2905 1044 2986 temporibus.
1089 2904 1274 2967 definitiones
1295 2906 1375 2984 ipsas

13 2992 15 3047 l
90 3016 171 3079 tene,
201 3016 231 3069 et
252 3015 325 3069 tunc
347 3007 511 3087 intellegis,
535 3027 623 3089 quem
647 3008 683 3069 ad
706 3008 826 3070 modum
848 3011 892 3070 uti
914 3008 1033 3071 debeas.
1068 3026 1209 3088 praesens
1231 3013 1275 3067 est
1297 3006 1374 3086 quod

13 3048 16 3189 l
90 3112 192 3187 agitur;
214 3112 412 3191 inperfectum
435 3112 514 3191 quod
537 3113 679 3173 omissum
703 3119 763 3181 εει,
787 3109 839 3171 sed
862 3130 921 3171 non
944 3109 1128 3191 conpletum;
1151 3110 1315 3190 perfectum
1332 3117 1376 3169 εει

13 3204 15 3311 l
90 3212 160 3293 quod
183 3205 351 3293 'conpletum
376 3222 432 3286 est,
457 3214 509 3275 sed
532 3213 620 3295 paulo
643 3220 725 3283 ante;
755 3213 1078 3293 plusquamperfectum
1100 3212 1179 3292 quod
1202 3211 1372 3291 conpletum

13 3312 15 3439 .
89 3322 130 3375 εει
150 3314 232 3384 olim;
262 3314 393 3377 futurum
423 3316 501 3395 quod
529 3317 673 3377 imminet.
718 3334 789 3395 ergo
818 3317 897 3392 siqui
924 3315 1003 3376 dicat
1030 3318 1171 3385 ‘festino‚
1196 3318 1263 3395 quia
1286 3314 1374 3375 hodie

13 3442 15 3505 q
59 3416 177 3489 uuieo’,
206 3436 266 3479 non
294 3417 372 3479 bene
398 3418 543 3499 loquitur,
575 3438 609 3479 ea
636 3420 752 3480 ratione
785 3419 925 3497 quoniam
952 3437 1011 3488 npn
1048 3417 1161 3479 uidetur
1190 3417 1247 3477 boc
1274 3436 1372 3495 agere,

88 3520 135 3581 sed
158 3528 276 3583 acturus
299 3540 373 3581 esse.
421 3540 491 3600 ergo
514 3521 621 3584 melius
643 3521 714 3583 dicit
736 3520 887 3582 ‘dicturus
909 3522 1004 3581 sum’.
1036 3519 1041 3598 Ι

167 3622 240 3684 lllud
257 3626 423 3701 quaesitum
438 3631 491 3695 est,
509 3631 608 3686 utrum
623 3642 781 3705 possumus
792 3624 892 3685 dicere
909 3628 987 3683 ‘eras
1003 3621 1090 3683 dieo’.
1114 3620 1229 3684 subtilis
1240 3624 1375 3702 quaestio
1386 3629 1446 3688 414,
1461 3627 1492 3675 ιε
1554 3614 1556 3618 ’

13 3800 14 3805 ¹
88 3735 136 3786 est.
167 3725 248 3787 multi
272 3744 343 3805 ergo
367 3730 547 3807 quaesivere,
572 3736 669 3790 utrum
686 3744 844 3806 possumus
858 3725 959 3786 dicere
981 3725 1059 3787 ‘cras
1081 3725 1176 3785 dico':
1201 3743 1267 3787 cras
1281 3724 1374 3785 futuri

13 3816 15 3837 '
87 3830 222 3909 temporis
234 3837 287 3900 est,
302 3838 331 3889 et
342 3828 408 3889 dico
419 3831 583 3909 praesentis
595 3831 738 3910 temporis
750 3838 807 3891 est:
824 3837 925 3891 utrum
936 3830 1030 3909 possit
1040 3830 1116 3890 ratio
1127 3829 1183 3889 ista
1195 3828 1372 3889 consentire.

56 3942 75 3979 ³³
88 3940 113 3991 et
134 3931 280 4001 dixerunt,
304 3949 364 3991 non
386 3940 491 4011 potest.
530 3934 639 4014 quare?
665 3934 733 4013 quia
756 3931 928 4012 discrepant
949 3934 1004 3992 ista
1026 3938 1171 4010 tempora.
1210 3948 1282 4008 ergo
1304 3926 1374 4007 quid

87 4032 178 4095 habco
192 4033 310 4095 diceret
326 4052 393 4095 narn
407 4054 473 4096 cras
487 4036 618 4097 futurum
632 4044 685 4113 est,
702 4034 767 4095 dico
782 4036 948 4115 praesentis
963 4035 1105 4114 temporis
1120 4042 1173 4093 est.
1195 4050 1267 4110 ergo
1281 4030 1374 4091 mani-

86 4136 191 4198 festum
225 4145 270 4199 εει
303 4138 441 4217 quoniam
474 4156 534 4199 non
562 4156 720 4218 possumus
748 4136 806 4197 hoc
833 4136 943 4197 dicere.
993 4138 1018 4195 si
1045 4134 1102 4196 hoc
1129 4153 1188 4195 non
1218 4150 1375 4213 possumus

87 4237 191 4310 dicere,
214 4239 287 4321 quid
309 4242 368 4300 iam
391 4238 535 4301 hebemus
558 4240 675 4301 dicere?
697 4240 753 4300 hoc
776 4239 912 4308 dicimus,
937 4241 1019 4299 ‘cras
1041 4238 1164 4298 dicam'.
1203 4236 1255 4297 sed
1277 4237 1302 4296 si
1317 4235 1374 4295 hoc

153 4429 169 4475 4
182 4428 295 4494 plerique
313 4428 385 4477 multi
403 4426 519 4477 homines
532 4427 557 4475 A
576 4427 648 4478 multi
663 4428 778 4493 plerique
795 4427 912 4477 homines
923 4426 997 4477 noa
1049 4427 1065 4475 5
1084 4428 1185 4474 interim
1198 4424 1270 4475 Boo
1285 4425 1375 4472 iterum

87 4496 110 4543 A
163 4497 550 4561 icumfitBanuodfltA
599 4498 801 4563 8inperfeutunu
822 4498 889 4561 quod
902 4497 975 4547 ABG
1026 4497 1056 4547 ll
1076 4493 1375 4545 iustuBGaiuxtuAe

138 4567 169 4617 17
187 4565 272 4634 quam]
289 4569 357 4631 quod
370 4582 437 4619 εεετ.
453 4584 528 4631 quam
542 4569 574 4618 G:
585 4568 700 4629 fortasae
715 4570 835 4632 quoniam
884 4566 916 4619 18
929 4568 1042 4630 sortasse
1055 4566 1185 4628 ‘queret’
1202 4565 1266 4614 dicis
1282 4563 1375 4614 ‘hodie

87 4636 169 4691 dico',
188 4638 277 4687 melius
348 4638 381 4689 23
401 4639 461 4701 quie
480 4638 563 4689 adbuc
581 4638 662 4689 ABG
744 4638 778 4689 34
796 4650 821 4687 et
838 4638 894 4687 dico
914 4637 1056 4704 praecentis
1074 4637 1195 4702 temporis
1210 4644 1249 4685 est
1270 4651 1316 4687 om.
1339 4635 1374 4694 A,

87 4706 173 4760 adda
241 4710 377 4758 consentiri
395 4708 447 4759 BC
516 4706 706 4772 aequoream.
728 4708 760 4769 A,
782 4708 843 4761 add.
864 4725 881 4757 a
951 4707 985 4760 38
1001 4708 1060 4771 quid
1080 4709 1131 4756 iam
1150 4706 1272 4756 habemus
1292 4705 1375 4756 dicere

87 4794 131 4827 om.
150 4780 183 4838 A,
204 4779 265 4829 add.
281 4794 297 4827 a
