3350 5442
582 371 820 435 coriolanum!
1288 365 1347 429 107

1178 488 1199 531 p.
1213 477 1288 518 εε-ει
1302 476 1325 515 ι.

72 578 129 637 ergo
148 558 247 620 debeo
271 562 385 640 primas
407 560 533 641 syllabas
555 558 692 640 exemplo
713 558 870 637 colligere,
899 576 958 637 quo
986 557 1051 619 loco
1073 558 1168 637 posita
1190 558 1229 617 sit
1251 556 1347 636 longa,

71 672 94 721 ει
109 663 148 721 sic
167 662 365 741 respondere.
385 678 475 742 ergo
496 662 601 724 ubiubi
622 662 745 723 voluero
766 661 809 722 uti
831 661 903 730 hoc,
928 678 1049 723 necesse
1071 659 1167 727 haheo
1189 659 1225 719 ad
1249 678 1347 721 exem·

69 764 106 843 pla
130 766 304 842 confugere.
349 764 402 825 sed
428 765 573 827 habemus
600 764 799 845 conpendium
827 782 919 825 unum
947 763 1036 825 huius
1062 764 1120 833 roi,
1148 781 1185 823 ne
1208 780 1349 840 cogamur
1361 768 1450 829 luel

70 865 167 944 singula
190 865 284 927 rerba
307 866 451 947 exemplis
473 886 630 949 quaerere:
662 865 853 947 etymologias
874 868 991 927 intuere
1014 862 1189 945 et'sequcre
1213 875 1346 926 naturam

51 971 111 1028 arei.
149 976 221 1048 puta
248 988 334 1031 amor
360 971 439 1031 unde
466 978 566 1033 natum
596 972 657 1031 est?
689 969 726 1031 ab
747 986 858 1031 amare.
904 987 974 1030 ecoe
996 988 1011 1029 o
1035 967 1129 1046 qualis
1152 967 1213 1027 est?
1240 985 1255 1027 a
1279 965 1347 1027 bre·

68 1072 101 1131 tls
119 1079 175 1141 esi,
240 1104 248 1109 ·

202 1192 342 1236 sacrus
364 1170 465 1236 aanor
487 1176 614 1236 docuit
635 1184 805 1237 natorum
828 1175 1009 1250 sanguine
1033 1180 1186 1234 matrem

203 1277 480 1338 commaculare
502 1295 639 1337 manus.

66 1396 124 1437 ecce
150 1381 255 1439 imerii
287 1398 372 1441 amor
404 1382 542 1457 quoniam
576 1398 592 1439 a
625 1377 724 1439 breuis
754 1386 808 1439 εει.
851 1380 909 1439 iam
938 1377 1077 1458 quioquid
1111 1376 1180 1437 imle
1208 1377 1347 1443 nascitur,

39 1499 171 1560 asemper
194 1480 298 1541 brevis
319 1490 378 1542 est:
402 1499 485 1541 amor
506 1500 589 1549 amo,
617 1483 678 1543 sive
700 1479 825 1542 verbum
847 1481 916 1541 inde
939 1480 1029 1540 iacias
1050 1481 1110 1539 sive
1133 1496 1256 1547 nomeu,
1280 1477 1347 1538 bre·

65 1584 98 1640 ns
117 1585 189 1650 erit3
211 1602 332 1656 amans,
355 1585 417 1643 sire
438 1585 626 1663 participium
649 1584 754 1653 inerit,
783 1582 882 1643 brevis
905 1590 962 1651 est:
993 1590 1139 1651 amanter,
1163 1582 1224 1641 sive
1246 1580 1348 1642 adver·

66 1684 134 1744 bium
157 1687 266 1755 iacias,
288 1684 387 1745 brevis
409 1697 461 1746 εει.
492 1685 634 1765 quicquid
654 1684 729 1745 illud
751 1684 855 1755 iaciat,
879 1695 976 1745 serral
998 1692 1133 1744 naturam
1157 1682 1244 1743 illius.
1277 1700 1349 1760 ergo

66 1789 137 1863 quasi
157 1787 235 1848 haee
258 1788 451 1849 inveniuntur
474 1788 639 1867 conpendia
661 1795 763 1848 contra
786 1788 869 1847 islam
893 1785 1103 1847 difficultatem.
1147 1804 1185 1847 ιιε
1208 1804 1349 1864 cogamur

66 1890 150 1950 omnia
172 1888 268 1951 verbo
290 1891 459 1967 inquirere,
483 1897 621 1949 notemus
642 1887 692 1950 illa
713 1891 809 1969 prime
831 1888 937 1956 verba:
962 1888 1068 1948 exinde
1090 1890 1146 1948 iam
1170 1898 1268 1949 cetera
1291 1888 1347 1947 sci-

39 2007 133 2059 amus,
155 2009 234 2069 quae
258 1992 295 2053 de
317 1993 390 2071 ipsis
412 1999 587 2061 nascuntur,
610 1990 707 2070 qualia
730 1998 808 2052 sunt
854 1998 973 2051 servant
995 1991 1073 2051 enim
1097 1999 1231 2052 naturam
1254 2008 1349 2051 suam.

64 2095 122 2160 ista,
149 2113 229 2173 quae
259 2103 328 2155 sunt
354 2095 545 2173 primigenia,
575 2101 683 2171 regunt
709 2092 758 2153 illa
788 2099 903 2163 cetera,
933 2109 992 2170 quo
1021 2092 1109 2154 modo
1132 2110 1290 2172 possumus
1312 2091 1347 2152 od

63 2193 163 2273 singula
192 2195 284 2258 rerlm
313 2197 403 2256 etiam
435 2195 568 2275 exempla
597 2212 752 2275 quaerere.
795 2195 848 2256 sed
871 2202 1024 2257 teneamus
1046 2201 1117 2275 puta
1141 2213 1212 2256 voco
1236 2195 1319 2256 verbi
1344 2193 1347 2279 l

63 2315 150 2366 causa,
180 2317 218 2358 ro
247 2298 386 2377 corripil;
416 2308 537 2359 vocatus
564 2315 634 2359 ecoe
661 2298 849 2377 participium
880 2305 939 2368 εει,
970 2296 1062 2357 nihilo
1091 2299 1190 2360 minus
1217 2300 1349 2379 corripit.
1385 2378 1388 2383 1

64 2406 88 2457 ει
105 2400 217 2471 omnia,
243 2416 449 2479 quaecumque
470 2408 553 2470 eunt,
576 2408 742 2479 sequuntur
764 2401 911 2476 originem
934 2418 1017 2460 suom
1040 2399 1077 2460 ab
1100 2400 1193 2469 initio,
1219 2404 1349 2481 exceptis

37 2504 160 2579 upaucis.
204 2509 278 2562 sunt
301 2504 380 2563 enim
403 2501 499 2581 aliqua
522 2503 686 2571 contraria,
716 2517 794 2578 quiae
816 2500 908 2561 debes
931 2499 1036 2561 callide
1064 2501 1232 2577 advertere,
1264 2512 1297 2564 ut
1324 2508 1348 2566 si

63 2601 132 2663 dicas
157 2604 263 2664 lumen
292 2603 342 2665 lux
369 2603 453 2665 lueis.
496 2604 546 2665 lux
576 2603 671 2681 qualis
694 2604 755 2663 est?
783 2602 869 2680 longa
893 2604 1024 2664 estsine
1047 2601 1137 2662 dubio
1161 2607 1347 2686 naturaliter,

62 2703 170 2765 lucerna
193 2724 269 2767 cece
290 2707 401 2766 iactum
423 2713 470 2767 εει
490 2706 574 2776 inde,
599 2713 629 2765 et
649 2704 747 2766 brevis
770 2713 816 2765 est
836 2704 972 2773 lucerna,
997 2711 1029 2765 ιιι
1052 2712 1097 2764 εει
1119 2707 1349 2791 ‘vigilesque

62 2805 255 2869 lucernas'.
294 2806 404 2887 uquue
426 2807 546 2869 brevem
568 2806 696 2886 legimus
717 2806 878 2868 lucernam.
924 2805 1012 2867 lromo
1035 2804 1134 2866 brevis
1156 2824 1202 2879 est
1222 2814 1347 2893 ubique:

63 2908 122 2967 lacit
139 2909 213 2970 inde
236 2908 430 2970 derivativum
452 2910 613 2979 humanus,
638 2928 708 2970 ecee
730 2908 818 2987 longa
842 2910 907 2969 erit.
937 2926 1029 2989 pauca
1052 2917 1121 2969 sum
1136 2936 1211 2998 quae
1234 2924 1349 2979 mutant

36 3018 184 3071 sualuram
208 3029 306 3072 suam.

134 3113 297 3174 Praeterea
325 3115 403 3174 scire
431 3113 575 3175 debemus
602 3114 680 3192 quod
709 3116 840 3195 aspirare
868 3132 928 3175 non
958 3114 1111 3182 debemus,
1147 3112 1204 3173 nisi
1232 3106 1467 3188 quondo4au,1u

63 3217 189 3291 sequitur
216 3213 338 3276 vocalis.
383 3223 455 3295 puta
482 3217 587 3287 homo,
614 3215 684 3277 ideo
705 3235 857 3296 praepono
881 3216 913 3286 h,
942 3218 1010 3297 quia
1034 3217 1167 3296 sequitur
1189 3233 1207 3273 o
1229 3209 1347 3271 vocalis.
1361 3188 1449 3249 ⁵²²’9

64 3314 168 3384 hircus,
191 3317 281 3386 huic,
305 3318 409 3387 helius,
432 3317 590 3390 Hercules,
614 3318 681 3379 ideo
703 3326 930 3399 praeponuntur
951 3321 1025 3381 istae
1049 3319 1256 3398 aspirationes,
1281 3312 1347 3392 quia

63 3428 217 3496 sequuntur
240 3418 366 3480 vocales.
410 3438 467 3480 nec
488 3429 602 3491 ιειιιειι,
627 3420 807 3501 ubicumque
828 3420 938 3482 vocalis
960 3422 1061 3495 luerit,
1085 3420 1195 3499 ubique
1218 3416 1349 3495 aspirare

39 3518 210 3588 nubemus
235 3540 295 3582 non
317 3524 448 3583 recurrit
469 3522 536 3583 hoe.
565 3541 626 3583 nou
650 3524 746 3592 enim,
772 3522 823 3584 ubi
845 3522 954 3583 vocalis
977 3532 1034 3593 est,
1058 3540 1182 3583 necesse
1203 3519 1348 3581 habemus

64 3638 167 3701 semper
195 3624 347 3702 aspirare;
378 3624 430 3684 sed
457 3624 637 3703 ubicumque
665 3644 720 3685 nos
747 3625 892 3687 habemus
920 3627 1068 3704 aspirare,
1098 3642 1220 3686 neeesse
1249 3628 1348 3682 estut

64 3733 192 3802 ‹oquamr
215 3723 335 3787 vocalis.
365 3746 433 3786 nam
456 3729 677 3796 concamium,
702 3744 718 3786 a
742 3725 859 3797 vocalis,
884 3728 935 3789 sed
959 3738 1057 3788 tamen
1081 3745 1141 3787 uon
1164 3724 1247 3787 addis
1269 3724 1346 3802 aspi·

64 3826 213 3896 ntioncm;
238 3834 353 3897 orator,
377 3846 438 3889 uon
460 3827 544 3888 addis
566 3830 786 3911 aspirationem.
816 3847 887 3907 ergo
912 3827 916 3911 l
940 3847 1015 3899 non,
1039 3828 1217 3909 ubicumque
1240 3824 1348 3887 vocalis

65 3924 153 3999 luerit,
177 3948 306 3990 necesse
327 3937 372 3990 εει
394 3938 427 3991 ut
448 3932 629 4010 aspiremus;
653 3931 705 3992 sed
727 3930 909 4011 ubicumque
925 3940 970 3994 εει
985 3932 1134 4012 aspiratio,
1160 3947 1279 3991 necesso
1303 3933 1347 3986 est

43 4036 90 4086 :u
107 4030 216 4093 vocalis
238 4042 390 4111 sequatur.
615 4026 619 4030 ’

83 4166 359 4177 --———-——

121 4250 262 4321 isaevus]
281 4255 346 4305 sicut
365 4268 411 4304 noe
428 4254 469 4305 L.-
489 4256 568 4319 Vero.
583 4254 663 4306 bucol.
684 4255 711 4319 8,
725 4258 757 4305 47
812 4263 928 4307 natorum
943 4256 1174 4307 BCLonaturam
1193 4252 1218 4302 A
1272 4252 1347 4301 8εο-

67 4320 148 4372 nutare
165 4325 188 4375 0
257 4324 275 4373 u
292 4325 379 4373 inueni
399 4322 479 4390 amor]
501 4326 645 4374 iuueoimus
662 4327 685 4375 L
737 4325 770 4377 10
787 4342 889 4392 semper
907 4328 991 4377 breuia
1007 4338 1045 4375 εει
1060 4324 1084 4373 Α
1100 4338 1201 4390 semper
1216 4324 1293 4372 breue
1310 4331 1348 4371 εει

67 4388 129 4439 BCo
199 4395 223 4443 si
243 4393 347 4443 uerbum
366 4396 391 4442 A
464 4396 493 4447 ll
513 4396 827 4446 amanterhindemoooos
845 4397 953 4446 amorreis
968 4396 1079 4447 ABGL
1150 4395 1181 4445 12
1197 4393 1257 4442 illud
1272 4392 1349 4441 iaciat

68 4459 174 4513 Cliliud
193 4464 257 4515 lacit
275 4464 346 4513 AB:
367 4464 431 4514 illud
449 4465 530 4515 luciae
548 4465 596 4514 erit
613 4474 703 4514 natura
720 4466 788 4515 illiue
807 4466 831 4515 L
903 4466 935 4517 1³
955 4482 985 4515 ue
1004 4464 1183 4531 cogaturAh
1255 4463 1287 4513 14
1306 4462 1348 4511 illc
1414 4506 1418 4515 .

68 4531 234 4590 romanorun
252 4533 277 4583 L
297 4534 341 4583 illa
359 4537 442 4599 primo
459 4535 539 4584 uerba
556 4550 623 4598 quae
639 4546 699 4585 sunt
712 4536 794 4601 prima
811 4537 888 4585 uerba
907 4536 931 4584 A
950 4536 994 4585 illo
1013 4535 1092 4584 uerba
1111 4550 1175 4599 quae
1194 4544 1253 4582 sunt
1266 4533 1348 4595 prima

68 4600 131 4649 uerba
144 4602 197 4655 BG
267 4602 301 4655 10
317 4604 549 4670 primogenitaL
618 4614 744 4655 caeterum
769 4605 881 4659 ABCL
953 4607 984 4656 17
1005 4604 1185 4655 etiamom.G
1252 4604 1286 4653 22
1310 4603 1347 4651 νὶ-

68 4668 178 4740 uberte]
197 4672 296 4725 Horat.
313 4690 390 4724 curm.
410 4674 484 4733 1118,
505 4676 538 4725 14
556 4684 581 4723 et
598 4676 690 4741 vigiles
705 4676 821 4727 lucernae
837 4675 923 4742 perier
941 4678 967 4725 iu
985 4675 1066 4724 lucem
1137 4674 1171 4725 20
1189 4690 1235 4725 neo
1250 4670 1344 4739 tumen]

69 4753 151 4791 ιεεεει
164 4743 189 4792 L
200 4759 248 4792 uec
264 4745 279 4793 ὅ
294 4754 320 4794 ut
338 4745 364 4794 A
383 4761 430 4796 neo
444 4754 472 4795 ut
487 4745 575 4795 Bou:
594 4761 641 4794 oeu
658 4761 764 4795 necesse
778 4760 817 4795 εει
835 4774 868 4783 --
887 4746 1000 4810 aspirare
1016 4744 1199 4797 Kluasmunuua
1218 4744 1306 4793 Pouor.
1324 4759 1346 4799 u.

68 4806 165 4933 {llpoh
177 4812 301 4934 1857)ιέ
319 4815 369 4867 aot
441 4815 475 4866 20
489 4816 603 4880 aspirare
620 4815 741 4866 debemus
763 4817 816 4867 cb:
835 4817 957 4867 debemus
975 4831 1022 4870 om.
1038 4816 1123 4867 ABL
1192 4816 1227 4868 30
1244 4828 1295 4865 oon
1307 4831 1347 4866 re-

94 4896 124 4930 m
165 4898 196 4934 oc
212 4898 259 4937 om,
1253 4898 1255 4903 ’
