3350 5442
311 413 354 484 20
870 413 1045 482 CLEDONll

338 526 509 584 prere-rar.

216 613 386 682 :rnt,9visu‚
410 610 460 670 ille
482 611 579 670 suavis
602 617 645 669 est
668 607 777 669 andita.
805 641 840 650 -
865 606 1129 688 Participialia
1153 607 1261 668 verna
1282 615 1381 668 sunt:
1405 607 1472 688 qrria
1494 605 1589 669 similia

268 723 298 771 10
310 721 378 774 sunt
400 711 524 791 gerundi
547 709 635 770 verba
658 711 821 790 participiis
848 711 941 771 intnri
963 712 1106 790 temporis
1128 729 1143 770 a
1167 711 1294 788 passivo.
1327 744 1362 754 -
1392 709 1588 790 Participia

311 815 511 876 trahuntur
533 833 549 874 a
574 812 685 874 verbo
708 813 842 872 activo:
865 814 1022 893 participia
1044 810 1177 890 reguiam
1201 813 1423 890 significationis
1444 831 1513 874 suae
1533 831 1589 872 ser·

267 919 297 967 18
310 924 378 978 rant
401 925 430 978 et
450 918 516 995 ipsa
538 922 635 975 actum
658 913 871 975 demonstrant.
900 947 934 956 -
965 915 1008 975 Et
1029 913 1229 975 ulteriore:
1259 911 1271 996 ll
1296 916 1365 994 quia
1387 913 1444 974 dna
1468 923 1589 994 tempora

309 1018 420 1079 habent
441 1016 566 1078 ulterius
593 1025 728 1096 tompus,
759 1015 853 1076 lectus
874 1016 919 1077 ini
941 1022 1009 1077 ante
1032 1016 1149 1086 horam,
1175 1012 1179 1096 Ι
1204 1017 1292 1075 etiarn
1314 1024 1383 1077 ante
1405 1015 1478 1076 duas
1499 1015 1610 1086 horasa

264 1125 295 1170 ‘22
309 1120 438 1181 ostendit
466 1125 631 1179 retrorsum
660 1126 792 1197 tempus,
825 1116 934 1178 lectum
955 1117 1009 1178 tilri
1032 1126 1109 1188 erat,
1133 1117 1243 1178 lectum
1264 1117 1318 1178 tibi
1339 1119 1445 1180 inerat.
1472 1152 1506 1161 -
1529 1118 1588 1178 Le·

309 1225 410 1301 geris
433 1221 489 1282 vel
511 1213 654 1298 legere:
678 1221 720 1281 sic
743 1219 879 1289 abutere;
903 1221 1035 1299 quamvis
1057 1221 1095 1280 sit
1117 1220 1221 1281 tertiae
1243 1229 1398 1300 correptae
1420 1222 1591 1298 coniugatio

310 1325 371 1392 nis,
399 1329 499 1384 tamen
528 1341 544 1382 e
572 1321 761 1402 producenda
792 1329 852 1390 est,
876 1323 943 1401 quia
965 1321 1163 1383 elocutionem
1191 1321 1303 1401 implet.
1346 1322 1499 1384 sciendam
1527 1340 1591 1382 sane

261 1433 265 1446 '
311 1424 389 1505 qnod
412 1423 529 1504 regulas
551 1444 641 1505 snper
663 1426 764 1486 laturo
786 1422 937 1484 indicativi
960 1431 1018 1484 tarn
1041 1425 1072 1483 in
1094 1424 1210 1502 passivo
1226 1442 1313 1503 quam
1335 1424 1367 1483 in
1389 1422 1590 1486 communiret

311 1528 485 1607 deponenti,
514 1536 573 1587 tam
601 1529 631 1586 in
659 1527 755 1606 prirua
783 1525 928 1605 producta
956 1544 1043 1606 quarn
1072 1526 1103 1586 in
1131 1525 1258 1587 secunda
1288 1525 1431 1603 producta
1459 1545 1543 1605 quarn
1564 1527 1622 1585 inn

311 1631 396 1689 tertia
425 1634 562 1708 correpta
590 1647 678 1707 quana
705 1630 735 1689 in
764 1627 866 1708 ‹puarta
894 1627 1037 1707 producta
1065 1627 1201 1689 similiter
1228 1628 1412 1709 ponendum,
1436 1637 1469 1688 nt
1489 1627 1591 1707 prober

310 1731 448 1810 proberis
471 1731 515 1791 vel
540 1728 669 1809 probere
692 1729 845 1810 probetur,
869 1731 976 1791 docear
1000 1729 1117 1791 doceris
1139 1729 1185 1790 rei
1208 1729 1316 1791 docere
1338 1730 1475 1800 docetur,
1499 1729 1591 1790 andia-

264 1839 297 1886 23
310 1852 375 1894 mur
402 1832 562 1894 audiamini
589 1831 755 1893 audiantur.
788 1867 824 1877 -
855 1832 904 1893 Ad
932 1831 1135 1893 secundam
1159 1840 1194 1893 et
1214 1835 1362 1893 tertiam
1385 1849 1591 1912 personam:

309 1935 449 2014 quoniam
475 1934 601 2012 primam
635 1952 693 1994 non
727 1933 830 2003 habet,
864 1934 1011 2015 siqnidem
1043 1934 1100 1995 sibi
1130 1953 1218 1995 nerno
1249 1942 1349 2013 potest
1376 1936 1533 2014 imperare.
1559 1967 1590 1977 -

263 2039 444 2099 aerumna
467 2033 619 2113 legitor:
644 2057 662 2092 ε
689 2035 832 2114 probator
855 2036 1046 2116 prohanrinor
1063 2037 1069 2110 Ι
1088 2035 1268 2115 probnntor;
1292 2038 1334 2117 sic
1358 2056 1373 2096 a
1393 2037 1523 2097 secunda
1545 2036 1623 2095 ‹lo-n

309 2149 391 2200 cetor
419 2137 542 2198 docetor
568 2137 741 2198 doc'eminor
768 2138 945 2206 doceantor;
974 2140 1017 2198 sie
1045 2156 1061 2197 a
1091 2146 1194 2216 quarta
1228 2139 1434 2226 coniugatione
1456 2139 1592 2218 producta

308 2240 425 2302 auditor
454 2239 571 2300 auditor
599 2239 766 2300 audiminor
793 2240 961 2300 andiuntor.
1006 2242 1064 2300 iarn
1092 2259 1146 2320 per
1169 2243 1267 2301 (amnia
1290 2240 1378 2302 verba
1401 2240 1475 2301 haec
1498 2239 1592 2318 regula

263 2344 451 2422 atsequnur.
476 2376 512 2386 -
538 2341 711 2423 Optativo
734 2342 854 2402 modo:
884 2344 1029 2421 optativus
1052 2350 1096 2403 εει
1117 2345 1239 2422 proprie
1258 2347 1425 2418 proesentis
1447 2347 1592 2421 temporie.

308 2445 385 2526 quod
413 2445 563 2525 praesenti
593 2451 727 2524 tempore
757 2451 907 2524 optamus:
935 2447 974 2505 ita
1003 2445 1146 2506 Donatus:
1181 2465 1248 2505 nam
1278 2445 1392 2506 Probus
1421 2453 1451 2505 et
1473 2445 1594 2508 Sabinus

307 2551 349 2608 sic
371 2546 474 2608 volunt
496 2544 638 2607 declinari
667 2548 828 2626 optativum
857 2565 912 2626 per
933 2546 1048 2626 singula
1066 2556 1215 2627 tempora,
1239 2567 1297 2626 eruo
1320 2548 1409 2608 modo
1431 2547 1591 2607 coniuncti·
1604 2567 1624 2603 n

268 2701 270 2706 ,
307 2670 390 2721 rum,
414 2658 447 2711 nt
467 2647 614 2727 Vergilius
636 2649 915 2729 ‘fecissentque
937 2652 1104 2712 ntinam'.
1136 2649 1298 2710 notandum
1322 2670 1358 2711 ne
1381 2669 1439 2729 qno
1461 2659 1593 2729 tompore

307 2755 420 2813 utinam
435 2770 490 2814 nec
505 2751 536 2810 in
552 2749 694 2828 singulari
710 2770 765 2812 nee
787 2753 817 2812 in
840 2751 947 2830 plurali
969 2755 1065 2833 prima
1086 2771 1213 2832 persona
1228 2752 1403 2832 ponendum
1426 2754 1472 2814 sit.
1493 2787 1530 2796 -
1547 2752 1592 2811 vt-

307 2856 400 2915 terins
416 2853 525 2914 dicitnr
540 2853 618 2932 ‹pnod
634 2859 702 2932 post
717 2871 859 2931 praesens
881 2860 939 2923 ost,
964 2857 1031 2933 qnia
1053 2857 1248 2935 praeteritum
1263 2874 1328 2915 esse
1344 2856 1543 2933 cognoscitur.
1559 2888 1591 2896 —

190 2957 371 3036 :ro-2.101pse
400 2963 445 3014 est
473 2954 577 3015 modus
604 2956 819 3026 coniunctivae,
844 2956 922 3034 quod
946 2965 991 3016 εει
1019 2965 1134 3036 ternpus
1156 2958 1247 3018 intnri
1269 2959 1398 3036 optativi.
1421 2990 1458 3001 -
1485 2957 1592 3017 Futu-

307 3077 384 3118 rum
413 3056 546 3117 lectum
568 3057 628 3114 iri:
652 3056 767 3116 iuturus
789 3055 825 3116 ab
849 3059 943 3117 activo
966 3060 996 3118 in
1020 3079 1050 3126 e,
1074 3077 1090 3117 a
1112 3061 1228 3138 passivo
1251 3061 1282 3120 in
1305 3062 1314 3120 i
1339 3059 1469 3139 [itttnrns
1493 3058 1627 3120 infinitio

307 3158 457 3219 abactivo
482 3157 485 3238 l
510 3159 541 3218 in
565 3177 596 3227 e,
621 3176 635 3218 a
659 3158 773 3238 passivo
796 3159 826 3219 in
849 3158 884 3238 i].
916 3193 949 3202 -
982 3160 1187 3238 Participia
1217 3161 1413 3222 tralrnntur
1441 3180 1458 3221 a
1487 3159 1594 3220 verbo

307 3263 455 3340 passivo
478 3259 560 3318 dno:
585 3261 739 3339 partieipia
761 3261 984 3338 significationis
1006 3280 1076 3321 snae
1098 3262 1280 3323 intellectam
1304 3270 1454 3325 secuntur.

821 3431 870 3492 nn
892 3431 1078 3510 antenero

388 3549 566 3611 Aduerbium
590 3550 699 3611 dictum
723 3557 768 3610 est
790 3550 873 3620 ideo,
902 3552 979 3630 qnod
1003 3553 1192 3613 coniunctum
1216 3552 1306 3612 verbo
1328 3553 1386 3629 rim
1410 3555 1474 3614 eins
1497 3552 1592 3633 expla-

306 3660 356 3713 net
378 3662 408 3713 ot
429 3651 558 3732 impleat.
590 3671 658 3712 nam
680 3671 747 3712 curn
772 3652 837 3712 daeo
860 3653 942 3729 lego,
967 3672 1022 3714 nee
1045 3653 1152 3714 dicitnr
1174 3673 1261 3734 quem
1285 3654 1466 3716 admodum
1490 3655 1592 3734 legam,
1606 3673 1627 3713 ao

306 3756 357 3815 sed
381 3755 496 3815 adiecto
519 3753 658 3815 adverbio
682 3756 873 3834 exprimitur,
903 3762 1025 3834 utputa
1048 3754 1132 3816 verbi
1154 3758 1247 3835 gratia
1271 3755 1346 3817 bene
1368 3757 1435 3835 lego
1458 3777 1497 3818 an
1520 3757 1594 3819 maie

262 3856 381 3936 ttlego.
405 3891 442 3902 -
466 3856 724 3935 Significatio:
753 3858 927 3934 significatio
957 3865 1002 3917 εει
1023 3876 1099 3936 qnae
1120 3857 1228 3937 probat
1250 3877 1266 3918 a
1289 3877 1321 3919 se
1343 3858 1483 3921 adverbia
1507 3858 1520 3942 l}
1545 3861 1594 3921 de-

304 3959 462 4028 scendere,
487 3966 516 4018 et
536 3959 696 4036 significari
718 3960 802 4019 euius
824 3960 891 4020 sint.
920 3993 954 4001 -
985 3959 1224 4038 Conparatio:
1253 3962 1296 4020 sic
1319 3967 1523 4041 conparantur
1545 3961 1593 4023 ad·

374 4165 437 4214 Cori.
457 4161 536 4212 Bern.
559 4163 590 4212 111
607 4159 699 4214 3-4*.
771 4163 787 4211 2
803 4164 930 4228 participii
949 4163 1025 4213 futuri
1096 4161 1112 4214 3
1128 4173 1244 4214 trauntur
1313 4167 1329 4215 4
1348 4168 1430 4232 ipsam
1449 4183 1518 4217 eom
1540 4169 1595 4232 ipsa

372 4237 388 4284 5
408 4245 522 4284 antorern
541 4247 610 4282 corr.
630 4234 665 4286 αἱ,
682 4248 745 4282 mun.
765 4243 823 4281 ante
842 4233 931 4282 horam
1002 4235 1066 4282 draus
1085 4249 1142 4284 orae
1211 4237 1228 4286 d
1249 4233 1349 4301 legetur
1370 4238 1435 4287 nelle
1453 4237 1541 4303 legere
1559 4240 1595 4287 sic

304 4303 425 4354 lrabutere
472 4302 526 4369 8e]
546 4315 569 4352 et
621 4301 734 4351 ilintnri
787 4302 1300 4369 15prouatorpronominorpromnntor
1351 4307 1544 4359 tndoetmtnor

307 4373 337 4422 17
358 4376 495 4425 audiuntur
566 4373 598 4424 18
616 4373 734 4436 propriae
752 4373 820 4435 quod
908 4372 940 4421 tn
958 4374 1062 4422 sauinus
1079 4389 1147 4428 corr.
1166 4376 1270 4424 sabinus
1355 4379 1388 4426 ‘22
1407 4379 1526 4442 ponenda

304 4445 336 4493 27
356 4445 557 4510 significationes
626 4443 660 4494 29
678 4442 797 4507 explanat
868 4441 1110 4496 adtractiorem.
1130 4445 1222 4495 dicitur
1291 4447 1323 4499 31
1344 4449 1442 4498 abieoto
1461 4449 1566 4498 eberbio

374 4635 406 4684 12
432 4634 524 4684 docear
552 4630 668 4681 docearis
691 4631 728 4680 vel
757 4631 863 4681 doceare
882 4631 1003 4681 doceatur
1021 4633 1163 4687 Pateehiue.
1188 4637 1236 4686 sed
1255 4653 1287 4686 ne
1304 4641 1341 4686 etc
1358 4636 1454 4702 quidem
1471 4645 1595 4700 commta

303 4703 380 4755 verda
400 4706 464 4754 eatis
485 4705 615 4754 emendata
638 4717 694 4752 esse
716 4701 826 4763 adparet
833 4739 839 4759 ‚
862 4717 1008 4767 quamquam
1031 4706 1209 4756 eortiunetr'oum
1231 4711 1376 4768 praesentis
1391 4721 1440 4769 pro
1458 4707 1595 4757 indicativo

300 4777 384 4839 futuri
399 4773 454 4838 ipse
469 4775 644 4836 prrrmmotieus
664 4774 778 4834 posuisse
795 4771 894 4821 videtur
966 4773 997 4822 15
1021 4778 1135 4825 lacunam
1150 4776 1267 4838 inrideant,
1285 4795 1336 4841 qua
1351 4779 1439 4843 reputa
1452 4779 1595 4839 imperativi

299 4835 489 4908 fuam'eaeeeao
560 4843 591 4892 ro
610 4839 716 4907 eronus]
738 4842 773 4904 es.
785 4841 872 4906 praef.
888 4843 935 4893 vor.
956 4843 1000 4893 nn
1019 4862 1045 4911 p.
1064 4845 1138 4894 xxn
1208 4845 1480 4914 arnaginensem.
1500 4849 1522 4896 n
1544 4847 1595 4898 no

370 4913 404 4966 33
425 4923 450 4962 ει
463 4911 604 4979 signitirati
622 4913 694 4961 cuins
713 4911 853 4962 Pntsclrius.
869 4913 985 4976 sortasse
1003 4927 1028 4965 et
1045 4918 1117 4966 cuius
1136 4915 1187 4965 sint
1204 4918 1399 4984 significationis
