3350 5442
304 349 367 418 602
865 355 1045 421 utcuouu

329 463 500 515 amma

301 562 428 624 persona
450 547 481 604 in
504 561 551 615 εις
564 544 781 624 diphthongum
804 545 933 606 liniatur.
973 546 1026 606 sed
1049 545 1165 608 barum
1186 547 1429 624 coniugatiouom
1450 547 1484 606 in
1506 547 1611 624 prima

302 663 427 726 persona
449 646 635 707 dillerentiae
658 646 933 727 deprehenduntur.
978 650 1137 727 quaeritur
1165 651 1245 708 enim
1274 650 1306 708 in
1332 648 1428 727 prima
1449 647 1610 727 positione

301 746 386 808 verbi
409 749 561 828 cuiusque,
595 767 670 829 quae
693 749 808 810 litterae
831 749 1014 828 praecedant
1044 769 1071 810 ω
1100 749 1218 812 tlnalem
1240 749 1371 811 litteram
1392 748 1488 810 verbi.
1526 751 1611 808 etsi

301 851 451 910 inveneris
473 858 541 911 ante
565 870 590 910 ια
612 849 635 929 β
657 869 683 930 φ
705 868 729 912 π
751 867 807 929 ατ,
833 848 938 930 tetdo
958 846 1081 938 γράφω
1102 848 1212 930 τέρπω
1233 846 1364 930 κόπτω,
1393 854 1510 932 primae
1534 869 1609 911 cou-

301 953 462 1029 iugationis
483 951 710 1032 pronuntiabis;
734 955 761 1014 si
784 962 883 1014 autem
908 954 1080 1032 reppereris
1100 971 1123 1032 γ
1143 973 1164 1014 α
1187 974 1222 1033 χ,
1239 949 1326 1032 λέγω
1347 949 1460 1014 πλέκω
1482 949 1609 1032 τρέχω,
1634 973 1645 1010 s

302 1054 463 1116 secundam
492 1053 624 1115 vocabis:
653 1055 760 1134 quodsi
789 1051 810 1115 d
837 1057 921 1134 θτ,
948 1048 1021 1136 ᾅδω
1048 1051 1169 1136 uiride
1196 1049 1327 1134 ἄτοποι,
1360 1057 1481 1116 tertiam
1503 1055 1608 1115 dices:

302 1164 409 1235 quarta
431 1159 499 1227 erit,
521 1159 547 1217 si
569 1155 708 1218 babuerit
735 1156 751 1233 ζ
772 1164 822 1218 aut
843 1157 901 1218 duo
923 1169 986 1235 σσ,
1014 1151 1128 1236 φράζω
1155 1151 1307 1238 ὀρύσσωε
1340 1159 1369 1218 si
1395 1176 1467 1218 vero
1489 1159 1609 1219 luerint

302 1257 432 1337 liquidae
468 1258 488 1318 l.
515 1278 538 1340 μ
567 1278 589 1318 ν
617 1278 654 1340 ρ,
682 1253 799 1320 τᾶλλαι
827 1255 917 1339 νέμω
949 1260 1058 1338 κρίνω
1092 1257 1237 1339 σπείρω,
1270 1259 1404 1338 quintam
1437 1258 1608 1320 notabunt:

303 1367 383 1422 sexta
409 1361 565 1440 protertur
593 1353 649 1421 dccl
678 1361 835 1442 καθαροῦ
863 1360 926 1421 τοῦ
949 1379 986 1440 ω,
1009 1355 1074 1441 ρέα
1095 1354 1288 1441 θεραπεύω.
1323 1379 1383 1420 uon
1404 1361 1482 1422 nulli
1504 1368 1538 1420 et
1561 1381 1608 1420 se-

302 1463 424 1540 ptimam
447 1480 513 1523 esse
535 1462 694 1524 voluerunt
715 1462 964 1543 praecedentibus
986 1459 1004 1535 ξ
1031 1469 1076 1540 ιγ,
1098 1454 1203 1536 diebos
1230 1458 1312 1536 ἕψω.
1356 1462 1435 1541 apud
1467 1461 1605 1530 Latinos,
1621 1486 1640 1524 ι.

302 1581 428 1642 quorum
459 1564 570 1625 nullum
599 1563 723 1626 verbum
752 1567 783 1626 in
812 1565 931 1626 finalem
964 1563 1105 1643 syllabam
1127 1564 1257 1624 admittit
1279 1571 1447 1634 accentum,
1484 1575 1606 1625 cemani

302 1665 487 1727 differentiae
514 1685 588 1746 quas
610 1667 688 1746 apud
712 1665 715 1747 l
741 1668 872 1728 Graecos
895 1665 1103 1728 circumlleaus
1132 1668 1267 1744 gravisve
1293 1667 1443 1734 lecerunt,
1473 1685 1606 1745 quorum

302 1767 427 1828 alterum
450 1773 481 1832 in
503 1769 602 1831 verbis
624 1770 762 1840 ultimae,
792 1770 921 1831 alterum
942 1767 1142 1848 paenultimae
1171 1767 1328 1829 Graeciam
1353 1767 1484 1828 diximus
1506 1768 1605 1846 depu-

301 1877 390 1931 tasse.
437 1852 530 1932 restat
551 1873 644 1949 igitur
666 1874 697 1934 in
720 1872 768 1932 bis
792 1871 930 1933 latinitati
954 1889 1031 1933 unus
1052 1876 1207 1940 accentus,
1230 1887 1350 1947 gravem
1372 1869 1454 1938 diem
1478 1872 1533 1949 qui
1557 1887 1604 1929 so

302 1970 350 2031 lus
372 1971 502 2034 Romana
525 1972 615 2034 verba
638 1976 762 2034 sortitus
784 1981 845 2044 est;
868 1973 921 2034 sed
943 1973 999 2033 lroc
1021 1974 1176 2052 proprium
1199 1973 1231 2031 in
1253 1971 1353 2033 verbis
1373 1971 1478 2033 latinis
1500 1971 1602 2032 babet
1618 1993 1640 2030 r.

304 2072 382 2151 quod
405 2090 462 2133 non
485 2092 612 2154 semper,
636 2083 669 2136 ut
690 2075 768 2154 apud
791 2075 935 2144 Graecos,
958 2073 1010 2135 ubi
1033 2075 1142 2145 luerit,
1170 2075 1203 2133 in
1224 2072 1436 2153 paenultimam
1457 2074 1604 2154 syllabam

301 2173 397 2244 cadit,
426 2175 478 2236 sed
506 2193 595 2256 saepe
624 2183 654 2236 et
680 2196 696 2238 a
723 2179 781 2238 tine
811 2179 932 2238 tertiam
959 2183 1057 2246 tenet,
1079 2183 1113 2237 ut
1135 2192 1245 2254 aggero
1266 2177 1377 2236 resero.
1420 2176 1501 2256 quod
1521 2177 1602 2256 apud

304 2274 434 2337 Graecos
456 2295 523 2338 nou·
536 2285 634 2358 potest
655 2281 792 2348 evenire,
817 2278 896 2359 apud
917 2296 992 2358 quos
1013 2281 1045 2338 in
1067 2279 1219 2339 communi
1241 2277 1342 2356 lingua
1363 2279 1431 2338 lieri
1452 2296 1512 2338 non
1535 2287 1602 2358 pot·

303 2384 362 2446 ost,
391 2386 437 2449 ut,
466 2397 533 2440 cum
562 2379 658 2442 finalis
686 2379 798 2460 syllaba
826 2380 913 2459 longa
941 2388 1003 2451 ml,
1031 2383 1140 2441 tertius
1161 2399 1178 2440 a
1199 2381 1258 2440 line
1281 2379 1426 2441 babeatur
1446 2389 1600 2441 accentus.

302 2497 328 2538 ω
350 2487 449 2541 autem
472 2482 649 2544 naturaliter
672 2482 793 2561 longum
816 2490 872 2544 est.
914 2500 987 2560 ergo
1008 2501 1169 2562 numquam
1191 2489 1332 2543 accentus
1353 2483 1385 2543 in
1406 2481 1497 2543 buius
1516 2482 1600 2542 modi
1615 2504 1641 2540 a·

300 2580 401 2643 verbis
424 2583 501 2662 apud
524 2583 590 2645 illos
612 2585 642 2645 in
665 2586 786 2646 tertium
807 2585 932 2663 gradum
955 2583 1134 2664 syllabarum
1158 2583 1282 2645 recedit.

150 2692 301 2744 temtlsv.
389 2683 511 2763 Singula
535 2683 671 2766 tempora
693 2704 869 2764 graecorum
886 2685 1045 2747 verborum
1067 2705 1126 2747 non
1149 2686 1343 2766 simpliciter,
1366 2687 1445 2747 sicut
1467 2685 1602 2747 latinitas

301 2787 477 2866 compendio
499 2789 608 2860 utitur,
632 2790 837 2868 proteruntur.
882 2797 913 2850 et
934 2795 967 2849 ut
988 2788 1116 2868 exempli
1139 2806 1226 2850 causa
1248 2789 1338 2849 unius
1360 2787 1445 2849 verbi
1467 2788 1599 2850 declina·

302 2889 500 2960 denotetur,
529 2885 644 2951 τύπτω
672 2893 840 2970 perfectum
868 2891 940 2951 lacit
960 2885 1104 2970 τέτυφα,
1132 2896 1162 2949 et
1189 2891 1327 2969 sequitur
1348 2890 1442 2951 altera
1463 2890 1600 2951 eiusdem

301 2993 445 3070 temporis
467 2991 641 3064 declinatio,
665 2993 743 3073 quod
766 2993 897 3053 medium
919 2993 1085 3071 perlectum
1107 3000 1228 3061 vocant,
1250 2987 1391 3052 τέτοπαε
1419 2994 1495 3052 item
1515 2993 1599 3072 plus·
1613 3016 1638 3052 :a

302 3094 555 3171 quamperiectum
580 3089 771 3175 ἐτετύφειν,
794 3094 926 3154 medium
949 3095 1271 3174 plusquamperfectum
1293 3088 1483 3155 ἑτετύιιειαε
1505 3087 1599 3173 ἄορί-

303 3205 386 3254 στου
407 3191 525 3356 ἔταξα,
548 3191 653 3276 μέσου
675 3189 835 3277 ἀορίστου
857 3193 996 3257 beonoc:
1019 3198 1153 3257 futurum
1174 3199 1305 3276 primum
1327 3192 1528 3271 faciterium,
1552 3197 1599 3257 to·

300 3303 401 3356 turum
423 3315 473 3356 seo
496 3297 588 3358 ndum
609 3298 713 3360 τοπῶ.
758 3298 902 3360 similiter
924 3299 956 3358 in
978 3300 1096 3377 passivo
1118 3299 1272 3360 variantur
1294 3305 1438 3378 tempora.

196 3405 245 3454 190
257 3403 288 3456 v.
387 3395 429 3457 lle
456 3405 591 3479 tempore
617 3401 776 3480 praesenti.
821 3400 1004 3461 Graecorum
1032 3399 1121 3461 rerba
1150 3401 1248 3461 omnia
1275 3402 1407 3480 quaein
1428 3419 1455 3461 ω
1477 3409 1597 3469 exeunt

301 3515 355 3558 seu
382 3503 591 3582 perispomeua
619 3521 671 3564 seu
700 3502 844 3583 berytona
866 3503 940 3571 siut,
970 3503 1001 3562 in
1031 3519 1216 3581 quacumque
1238 3503 1446 3580 coniugatione
1468 3503 1596 3563 eundem
1611 3532 1632 3564 a

302 3609 361 3662 tam
389 3603 420 3662 in
448 3604 543 3682 prima
571 3621 659 3684 quarn
688 3605 719 3664 in
747 3604 877 3666 secunda
909 3621 1037 3683 persona
1072 3610 1191 3666 servant
1221 3621 1378 3665 numerum
1405 3603 1595 3684 syllabarum.

301 3705 399 3764 omnia
428 3723 499 3765 vero
527 3707 557 3766 in
585 3726 645 3786 μαι
673 3708 829 3768 terminata
859 3708 940 3766 varia
968 3704 1149 3786 syllabarum
1182 3705 1389 3768 vicissitudine
1421 3714 1594 3786 pensantur.

301 3823 392 3884 porro
420 3825 562 3886 praesens
590 3827 677 3870 omne
705 3815 823 3888 tempus
845 3807 924 3888 quod
942 3809 978 3868 iu
1000 3827 1059 3888 μαι
1080 3811 1261 3870 terminatur
1282 3809 1362 3868 omni
1385 3808 1473 3869 modo
1495 3812 1527 3870 iu
1548 3829 1593 3870 se·

301 3907 396 3968 cunda
425 3926 552 3988 persona
586 3927 673 3970 unam
701 3909 844 3989 syllabam
871 3911 993 3980 minuit,
1018 3909 1182 3991 prinsipes
1203 3909 1305 3991 φιλῇ,
1332 3909 1476 3990 τιμῶμαι
1501 3911 1592 3992 τιμᾷ,

301 4008 534 4090 στιφανοῦμαι
556 4017 730 4092 στεφανοῖ,
754 4009 891 4093 λέγομαι
914 4007 1006 4093 λέγῃ,
1029 4007 1204 4093 γράφομαι
1217 4008 1346 4094 γράφῃ,
1369 4014 1485 4073 cumin
1499 4016 1593 4074 actiro

299 4128 387 4188 pares
414 4110 540 4191 syllabas
568 4121 692 4193 utraque
720 4132 847 4193 persona
875 4117 1047 4176 servaverit.
1092 4117 1163 4176 item
1191 4114 1268 4194 apud
1297 4113 1428 4175 Graecos
1453 4132 1593 4195 praeseus

300 4217 417 4292 tompus
444 4217 557 4293 primae
585 4217 755 4295 positionis,
783 4218 863 4297 quod
890 4220 922 4278 in
951 4236 978 4278 ω
1006 4219 1081 4286 exit,
1110 4216 1184 4278 alios
1210 4215 1313 4276 modos
1341 4215 1378 4276 de
1405 4235 1439 4276 se
1459 4226 1590 4295 generat.

299 4331 367 4374 nam
394 4317 482 4376 tertia
510 4335 638 4397 persona
666 4321 731 4379 eius
762 4319 896 4379 adhibito
922 4318 983 4379 sibi
1009 4338 1032 4378 ν
1056 4319 1128 4379 facit
1150 4337 1186 4379 er
1208 4336 1239 4378 se
1262 4319 1442 4379 infinitivum
1463 4319 1590 4391 modum,

299 4422 394 4478 ποιεῖ
411 4423 534 4498 ποιεῖν,
556 4419 634 4501 τιμᾷ
656 4419 768 4500 τιμᾷν,
791 4425 915 4499 χρυσοῖ
933 4419 1099 4499 ypodorio:
1128 4423 1217 4482 tertia
1239 4421 1320 4480 enim
1341 4421 1513 4499 coniugatio
1533 4440 1590 4484 πε-

382 4622 682 4690 2deprebendemorB
768 4621 835 4690 Ἱζη
854 4624 965 4676 autduo
983 4623 1241 4689 σσΡζιγασοσσΒ
1321 4624 1452 4676 Suelio
1470 4624 1591 4677 Baemlar

297 4694 473 4754 superscripto
489 4694 572 4744 uendo
590 4687 759 4760 quoiiioap
791 4744 796 4754 ,
830 4694 863 4743 12
878 4695 1016 4760 granisque
1029 4693 1055 4742 B
1124 4694 1160 4744 20
1176 4694 1253 4758 longa
1270 4709 1340 4748 com.
1360 4696 1465 4759 longum
1479 4696 1504 4746 B
1517 4695 1591 4760 longa

298 4763 322 4811 P
392 4761 425 4814 34
448 4778 585 4828 τιμοσμαι
603 4766 628 4814 Ρ
699 4763 733 4814 36
756 4777 900 4829 persouap
924 4764 1092 4830 personaeP
1173 4766 1233 4814 item
1257 4779 1378 4828 praesens
1400 4774 1503 4830 tempus
1525 4767 1589 4832 apud

298 4845 388 4896 grecos
408 4831 504 4896 primae
522 4833 545 4880 Ι)
612 4831 647 4884 39
660 4836 764 4898 χρυσοῖ
778 4833 857 4883 Inuus
875 4849 979 4900 χρυσον
998 4836 1022 4884 I'
