3350 5442
581 399 818 463 continnrvn
1278 392 1342 457 299

1057 525 1060 534 ·
1157 518 1179 560 p.
1192 505 1281 545 tsi-nn
1294 501 1316 544 L.

58 592 196 672 positione
225 589 314 650 habet
339 597 433 658 stare,
464 591 525 649 sive
548 587 651 649 dixero
674 586 731 659 illi,
760 589 907 668 positione
930 586 1020 647 habet
1040 593 1129 646 stare.
1157 602 1247 664 ¹ergo
1269 584 1343 646 nihil

57 699 181 774 praestat
202 693 258 754 nisi
280 693 440 752 novitatem
463 690 647 753 elocutionis.
692 691 847 752 antithesis
868 690 946 770 apud
967 689 1087 750 Latium
1109 686 1183 749 nihil
1204 695 1342 767 praestat.

59 795 238 856 econtrario
261 792 338 874 apud
362 793 492 854 Graecos
519 799 651 873 praestat
680 789 859 877 [ornatum]:
888 791 1015 870 elonga
1038 797 1096 861 est,
1120 809 1139 850 u
1161 790 1260 851 brevis
1281 797 1341 858 est;

58 897 102 958 ubi
122 898 288 958 necessitas
311 904 357 956 est
379 897 482 966 metri,
505 893 587 956 illam
609 914 627 955 o
650 914 705 976 pro
728 915 747 956 u
769 896 942 974 accipimus.
972 911 1042 973 ecce
1056 912 1090 954 re
1105 911 1174 954 vera
1188 892 1343 954 antithesis

37 1007 109 1070 sest,
131 997 183 1059 nbi
206 997 305 1059 littera
326 1016 381 1079 pro
404 995 503 1060 littera
525 999 620 1078 posita
641 998 788 1078 praestitit
809 1003 953 1066 metrum3
975 995 1025 1058 hic
1039 1003 1138 1057 antem
1159 994 1235 1057 nihil
1255 1014 1342 1075 prae·

56 1110 106 1164 stat
127 1110 234 1162 metro.
265 1099 316 1162 sed
333 1119 403 1162 ecce
417 1099 511 1162 hahes
532 1099 611 1180 apud
636 1099 758 1161 Latinos
781 1099 957 1171 antithesin,
982 1098 1034 1160 sed
1055 1100 1085 1160 in
1106 1097 1199 1158 verbo
1219 1116 1342 1176 graeco;

57 1223 109 1265 noo
132 1210 177 1264 est
198 1202 337 1273 latinum,
368 1201 420 1263 sed
443 1200 565 1264 verbum
587 1219 728 1281 graecum
751 1208 809 1274 est,
840 1207 1022 1282 ‘aquosus
1044 1200 1184 1262 Orion’.
1229 1199 1341 1260 odici-

57 1325 128 1376 mus,
151 1305 206 1366 sed
229 1306 288 1366 iam
312 1303 468 1366 antithesis
491 1306 548 1365 erit
569 1305 599 1364 in
622 1303 805 1384 temporibus
821 1311 936 1366 tantum
952 1303 1055 1375 modo,
1080 1322 1139 1364 non
1161 1304 1192 1363 in
1215 1299 1343 1382 syllabis.

56 1427 145 1488 neque
168 1409 250 1468 enim
274 1406 368 1469 aliter‘
382 1406 489 1468 scribis
507 1393 617 1478 lirion,
644 1415 674 1468 et
688 1406 773 1468 aliter
789 1407 896 1468 scribis
910 1387 1018 1469 lirion:
1040 1405 1108 1467 ideo
1131 1424 1191 1467 nou
1212 1412 1344 1484 praestat
1424 1413 1428 1427 ¹

27 1533 45 1569 o
56 1512 159 1572 latinis
194 1509 318 1590 aliquid:
352 1509 474 1571 eaedem
507 1510 586 1570 enim
622 1509 736 1570 vocales
768 1518 852 1580 sunt,
886 1509 940 1571 sed
973 1507 1160 1589 temporibus
1192 1507 1342 1576 dillerunt.

57 1613 235 1674 metathesis:
264 1631 298 1674 re
321 1631 389 1674 vcra
417 1613 470 1673 ista
494 1611 636 1674 dilicrnnt
657 1611 736 1692 apud
757 1611 892 1692 Latinos;
922 1612 970 1673 hic
999 1612 1180 1673 transcensio
1201 1617 1260 1681 est,
1283 1628 1344 1671 non

56 1716 187 1785 mutatio,
216 1721 249 1776 ut
277 1733 336 1776 non
364 1713 488 1776 alteram
514 1733 570 1795 pro
598 1713 690 1776 altera
718 1733 827 1794 ponas,
858 1713 912 1776 sed
938 1716 1019 1795 ipsas
1045 1721 1215 1783 convertas,
1244 1723 1278 1775 ut
1300 1721 1344 1774 est

56 1818 212 1900 Thymbre,
238 1822 243 1892 Ι

200 1955 280 1998 nam
303 1936 372 1998 tihi
395 1935 582 2016 Thymbre
604 1946 719 2016 caput
740 1936 953 2000 Euandrius
974 1932 1133 1997 abstulit
1154 1936 1264 1996 ensis.

25 2057 97 2119 sdic
118 2055 307 2126 naturaliter,
332 2074 420 2137 quem
442 2057 479 2118 ad
501 2056 623 2117 modum
646 2066 691 2118 est
712 2055 787 2118 ordo
808 2055 990 2126 litterarum,
1020 2063 1050 2117 et
1071 2074 1132 2116 non
1154 2064 1211 2118 stat
1233 2075 1342 2128 vermis,

20 2191 24 2198 ·
55 2179 115 2220 nam
137 2158 193 2220 tibi
207 2157 360 2239 Thymber
383 2165 472 2239 caput
487 2159 654 2220 Euandrius
676 2157 797 2220 abstulit
819 2161 907 2220 ensis.
939 2177 1011 2237 ergo
1034 2158 1204 2220 metathesis
1226 2157 1342 2229 dicitur,

54 2261 183 2338 quotiens
215 2261 400 2322 convertitur
432 2261 506 2324 ordo
539 2261 703 2324 litterarum
736 2279 825 2324 cansa
857 2263 1057 2330 necessitatis,
1091 2269 1125 2322 nt
1155 2263 1250 2342 possit
1281 2279 1344 2323 me·

55 2373 125 2424 trum
148 2370 241 2425 stare.

131 2499 167 2561 Hi
192 2507 264 2561 sunt
284 2499 470 2580 metaplasmi
484 2499 573 2562 Xllll.
592 2501 742 2562 schemata
758 2520 829 2562 vero
845 2509 893 2562 aot
908 2498 1009 2561 lexeos
1030 2508 1100 2561 sunt
1122 2507 1173 2561 aut
1194 2499 1343 2562 dianoeas.

25 2601 147 2664 oleneos
170 2602 312 2666 dicuntur
328 2619 402 2680 quae
417 2601 454 2664 ad
476 2605 684 2681 grammaticos
707 2605 871 2682 pertinent,
893 2603 1032 2663 dianoeas
1054 2621 1130 2682 quae
1151 2602 1188 2663 ad
1210 2610 1344 2664 oratores

52 2707 206 2783 pertinent.
254 2703 373 2765 schema
395 2702 497 2766 lexeos
519 2704 636 2775 dicitur,
661 2706 799 2785 quotiens
821 2707 854 2766 ht
874 2707 906 2766 in
928 2723 988 2765 uno
1009 2704 1115 2774 verho;
1138 2704 1259 2767 schema
1281 2704 1342 2766 dia·

54 2825 136 2867 uocas
163 2806 292 2876 dicitur,
321 2807 459 2884 quotiens
486 2808 610 2886 integris
637 2805 736 2868 verbis
763 2809 795 2869 in
823 2826 911 2869 sensu
940 2809 971 2868 nt
997 2805 1126 2868 schema.
1171 2815 1204 2867 ut
1225 2814 1295 2886 puta
1318 2810 1344 2868 si

53 2907 126 2968 dicas
148 2909 231 2969 ‘hic
252 2906 360 2969 illius
382 2927 496 2979 arma,
520 2908 578 2970 hic
601 2928 732 2970 currus
755 2911 852 2981 luit',
876 2909 944 2971 ‘hic
960 2927 1041 2971 arma
1057 2909 1127 2969 luit’
1152 2927 1239 2970 nemo
1262 2909 1342 2979 dicit,

53 3009 98 3070 scd
120 3010 250 3090 ‘currus
273 3011 360 3078 fuir:
390 3029 460 3071 ecce
488 3029 547 3071 nno
575 3009 667 3072 verbo
690 3013 846 3074 occurristi
869 3010 986 3074 dnobus
1007 3010 1195 3072 sermonibus
1216 3009 1343 3073 dissimi-

24 3109 114 3173 sliter
136 3114 260 3192 positis,
285 3110 314 3171 id
338 3119 383 3172 est
405 3111 540 3174 dissimili
562 3131 687 3174 numero
709 3115 887 3176 constitutis.
918 3114 975 3175 hcc
997 3113 1117 3174 schema
1131 3114 1162 3175 in
1179 3133 1238 3174 uno
1253 3111 1345 3176 verbo

52 3215 95 3274 nt:
118 3213 191 3276 tolle
216 3216 296 3275 enim
319 3211 391 3276 illud
415 3213 553 3286 verbum,
578 3223 607 3276 et
629 3215 702 3276 nihil
724 3225 795 3286 stat,
816 3216 865 3277 hic
888 3234 996 3278 currus
1020 3215 1168 3297 [inerunt,
1191 3215 1241 3278 hic
1262 3233 1345 3279 arma

52 3315 195 3398 inerunt].
242 3333 313 3394 ergo
341 3317 372 3376 in
400 3335 461 3377 uno
488 3316 579 3379 verbo
607 3319 647 3379 nt.
694 3318 814 3380 schema
844 3326 942 3379 autem
970 3319 1109 3382 dianoeas
1136 3336 1196 3380 non
1224 3320 1255 3379 in
1282 3336 1343 3379 uno

53 3417 134 3479 verbo
158 3417 305 3487 eflicitur,
334 3405 386 3478 sed
414 3419 445 3478 in
473 3427 612 3481 contextu
640 3422 769 3501 partium
791 3423 943 3482 orationis.
988 3429 1020 3481 nt
1052 3429 1123 3500 puta
1149 3419 1267 3501 quando
1288 3421 1343 3481 iiu-

53 3521 141 3596 gimns
174 3539 232 3581 nos
259 3517 333 3580 nihil
361 3520 461 3582 dicere
484 3527 514 3580 et
536 3519 675 3592 dicimus,
699 3531 732 3582 ut
754 3523 851 3583 ‘nam
879 3521 945 3584 illa
974 3524 1171 3600 nimisego
1192 3524 1343 3600 antiqua

26 3617 270 3700 apraetereo,
295 3620 390 3700 quod
414 3621 597 3684 Servilius
619 3623 731 3684 Ahala
755 3623 929 3703 Spurium
957 3622 1132 3684 llaelium
1160 3624 1263 3685 novis
1285 3642 1342 3685 re-

54 3720 110 3783 bus
131 3723 353 3786 studentem
375 3743 484 3785 mann
507 3745 569 3786 sua
593 3727 763 3788 occidit':
793 3725 866 3787 dixit
886 3733 1059 3806 praetereo,
1083 3734 1114 3788 et
1133 3725 1205 3786 dicit
1225 3725 1276 3786 illa
1297 3728 1342 3787 ni·

54 3820 105 3884 hilo
125 3827 238 3888 minus.
269 3827 323 3886 ista
346 3825 489 3888 dianoeae
511 3835 588 3888 sunt.
620 3847 691 3908 ergo
713 3827 782 3890 illae
803 3830 928 3908 figurae,
951 3848 1026 3911 quae
1049 3829 1122 3890 liunt
1143 3829 1174 3888 in
1196 3826 1341 3900 sensibus,

54 3929 196 4002 pertinent
225 3927 263 3988 ad
291 3923 449 4006 orationem
478 3947 553 4010 quae
580 3931 654 3993 dunt
680 3933 712 3992 in
741 3931 944 4003 sermonibus,
973 3927 1010 3993 ad
1038 3932 1247 4010 grammaticos
1274 3949 1342 4012 per·
1405 3937 1412 3941 ’

54 4028 147 4090 tinent.
1271 4037 1275 4045 '

115 4338 126 4386 l
153 4337 221 4387 nihil
246 4345 360 4404 praestat
383 4339 432 4388 nisi
450 4340 560 4390 P.ninit
585 4349 716 4408 praestant
737 4341 786 4391 nisi
805 4339 885 4390 BOS
970 4341 986 4391 3
1010 4343 1125 4403 sortasse
1146 4341 1214 4407 apud
1231 4341 1342 4392 Graecos

55 4415 157 4467 praestat
173 4418 286 4458 metrum
358 4411 516 4475 bpraestitit
533 4413 652 4461 metrcP
720 4408 878 4476 acquosus]
903 4411 981 4476 Verp.
1003 4412 1068 4465 Aen.
1089 4412 1248 4474 llllb2ccs.
1268 4411 1340 4464 Sere.

55 4477 75 4522 in
96 4477 353 4544 Verp.Aen.1535
426 4481 456 4531 ll
475 4490 622 4531 transuerso
637 4481 714 4532 estP
729 4489 903 4530 transuersum
916 4490 954 4531 est
971 4481 1048 4532 BOS
1117 4483 1150 4533 14
1168 4480 1236 4548 nam]
1262 4484 1341 4548 Verp.

55 4545 111 4598 Aen.
129 4545 153 4596 X
172 4547 227 4600 394
316 4549 504 4617 nantelinus]
531 4551 610 4617 Verp,
632 4549 779 4604 Aemilii
866 4550 900 4602 26
918 4550 959 4601 hie
976 4567 1065 4602 comus
1084 4551 1187 4603 luerunt
1204 4551 1246 4600 hie
1271 4567 1342 4603 arma

55 4614 188 4668 ineruntS
211 4617 255 4669 hic
277 4633 365 4670 currus
390 4619 432 4669 hic
455 4635 526 4670 erma
554 4621 657 4672 luerunt
674 4621 701 4672 3
723 4620 766 4670 hie
788 4636 878 4671 currus
901 4622 1004 4672 luerunt
1024 4621 1067 4672 hie
1088 4638 1160 4673 arma
1177 4621 1279 4672 luerunt
1300 4622 1343 4672 hie

55 4684 150 4736 schema
168 4687 312 4740 lueruntO
381 4688 414 4740 29
435 4705 492 4741 nam
511 4689 565 4759 illa]
587 4691 638 4746 Cic.
660 4694 686 4742 in
699 4691 774 4742 ecrit.
792 4693 802 4740 l
822 4691 847 4756 1,
864 4693 880 4741 2
949 4693 983 4744 30
998 4709 1114 4757 quaeque
1132 4693 1250 4743 seruilius
1270 4692 1343 4743 halac

55 4757 150 4819 spurius
168 4758 274 4807 melium
289 4759 398 4810 nouisS
415 4777 547 4825 quaequae
563 4763 682 4812 seruilius
695 4760 768 4810 hales
786 4763 889 4827 spurius
902 4761 999 4813 milium
1015 4765 1089 4814 nouis
1106 4765 1127 4815 G
1143 4777 1259 4828 quaeque
1273 4764 1343 4814 serui

55 4823 120 4887 illius
136 4827 203 4878 hilas
225 4829 345 4894 superius
364 4827 446 4894 (corr.
470 4831 583 4897 spurius)
601 4833 705 4883 melium
726 4827 809 4894 (corr.
830 4829 944 4895 milium)
960 4835 1034 4883 nouis
1051 4834 1077 4884 B
1097 4850 1190 4899 quaeq,
1210 4834 1352 4885 seruilium

56 4894 105 4945 alas
121 4899 301 4962 purimaelinm
316 4900 390 4952 nobis
408 4902 434 4950 P
501 4903 533 4954 31
552 4903 644 4953 occidit
662 4903 687 4952 P
701 4900 819 4952 occiderit
838 4901 915 4951 368
