3350 5442
589 317 825 384 COMMENTVM
1292 314 1356 383 289

1168 428 1330 482 praa-321„

71 508 101 570 ad
128 508 249 570 modum
277 511 307 570 in
335 508 429 570 soluta
457 511 590 570 oratione
618 509 724 571 dicitur
753 509 962 571 barbarismus.
1008 508 1078 588 quid
1106 510 1132 569 si
1159 510 1190 568 in
1218 517 1356 588 poemate

70 612 131 672 liat?
153 613 211 672 iam
234 629 294 672 non
317 611 425 672 dicitur
448 611 649 702 soloecismus,
673 611 725 672 sed
749 610 857 672 dicitur
882 609 1010 671 schema.
1056 629 1114 690 qno
1142 610 1231 671 modo
1257 619 1354 671 autem

69 717 113 775 dat
140 711 347 783 soloecistam,
377 733 435 794 quo
463 712 551 774 modo
578 713 629 774 liat
655 713 787 784 schema,
824 733 860 774 ex
890 713 999 774 allecta
1025 712 1183 775 scribentis
1212 713 1356 776 debemus

69 833 236 893 agnoscere.
260 817 284 875 si
299 817 461 876 necessitas
476 817 564 877 metri
579 818 658 893 cogit
671 823 704 878 ει
719 818 759 877 ita
774 816 870 886 iaciat,
885 815 1004 876 schema
1021 823 1081 885 est;
1106 818 1131 876 si
1153 823 1252 877 autem
1267 816 1354 876 etiam

48 921 125 980 usiae
149 920 326 979 necessitate
348 919 437 978 metri
459 925 558 996 potest
578 917 627 978 illa
650 936 699 978 res
722 917 789 988 diei,
814 925 936 998 apparet
958 935 1023 978 esse
1036 917 1243 978 soloecismum
1270 919 1357 979 etiam

68 1021 94 1080 in
115 1038 214 1081 versu.
259 1027 331 1098 mxot
354 1019 459 1089 modis,
482 1019 536 1088 ait,
560 1021 635 1080 liunt
657 1018 841 1080 soloecismil
868 1019 999 1080 Donatus
1022 1017 1140 1098 redegit
1162 1038 1194 1080 se
1217 1019 1252 1079 ad
1276 1031 1427 1092 snm-446,
1441 1032 1472 1080 ιε

68 1141 141 1182 mam
169 1121 344 1182 brevitatem
381 1129 411 1182 et
437 1121 511 1181 dixit
538 1119 673 1182 ‘duobus
701 1123 844 1183 tantum'.
890 1121 1022 1182 Lucilius
1049 1129 1147 1182 autem
1175 1120 1249 1181 dixit
1270 1123 1356 1181 ‘cen-

69 1227 142 1285 tum'
167 1232 197 1284 et
219 1224 403 1285 enumeravit
424 1241 544 1284 omnes:
574 1231 653 1284 extat
680 1223 755 1284 liber
775 1225 884 1303 ipsius,
914 1222 985 1285 dicit
1010 1221 1086 1285 illud
1110 1232 1139 1285 ει
1159 1221 1242 1286 illud.
1288 1241 1357 1284 nam

67 1327 104 1388 ait
124 1327 178 1396 sic,
837 1389 847 1400 x

38 1444 57 1480 n
216 1427 309 1489 adde
332 1425 600 1503 soloecismum
622 1445 757 1505 genera
782 1433 892 1507 atque
913 1426 1094 1490 vocabula
1116 1437 1276 1498 centnm,

68 1539 94 1591 et
119 1539 245 1591 currunt
266 1532 330 1610 ipsa
359 1527 500 1592 vocabula
527 1527 663 1590 versibus
694 1531 812 1609 scriptis
844 1537 923 1599 arte,
959 1538 989 1589 et
1020 1528 1062 1589 ibi
1095 1532 1277 1591 enumeravit
1308 1528 1357 1590 illa

68 1632 171 1692 omnia.
217 1633 338 1693 interim
360 1633 417 1693 iste
440 1630 572 1692 breviter
594 1633 719 1702 strinxit
743 1632 858 1692 ‘omnis
880 1626 1075 1720 soloecismus
1101 1631 1134 1691 lit
1155 1630 1271 1694 dnobus
1293 1649 1356 1692 mo-

66 1733 115 1808 dis,
138 1741 191 1794 aut
212 1751 268 1813 per
288 1739 388 1814 partes
410 1734 552 1794 orationis
573 1742 624 1793 aut
645 1750 700 1811 per
722 1732 885 1793 accidentia
908 1734 1036 1812 partium
1059 1735 1235 1804 orationis'‚
1258 1732 1287 1793 id
1312 1739 1358 1794 est

67 1837 174 1897 danim
188 1842 314 1896 tantum.
341 1837 462 1896 interim
479 1843 636 1916 antequam
653 1842 812 1896 tractemus
835 1834 873 1895 de
893 1835 958 1894 istis
980 1833 1094 1897 duabus
1116 1834 1259 1916 partibus,
1282 1835 1357 1905 vide,

37 1953 57 1991 u
73 1938 137 2017 quid
159 1939 192 1998 in
215 1938 361 2018 principio
384 1945 497 2000 tractat.

144 2039 226 2119 Ergo
253 2039 445 2102 soloecismus
474 2047 519 2101 est
545 2041 646 2100 vitium
672 2039 783 2099 laetum
810 2040 842 2099 in
870 2046 1009 2101 contextu
1041 2042 1169 2119 partium
1196 2041 1348 2101 orationis.
1366 2052 1454 2114 44ερ

66 2142 131 2219 quid
155 2143 248 2221 ergo?
278 2159 337 2202 nnn
361 2143 393 2203 lit
413 2140 606 2203 soloecismus
628 2143 716 2203 etiam
733 2139 737 2221 l
754 2143 785 2202 in
807 2159 866 2202 una
888 2149 973 2221 parte
996 2143 1156 2202 orationis?
1183 2141 1262 2214 dicit,
1285 2161 1356 2204 non.

64 2244 112 2305 sed
134 2243 213 2305 dabo
238 2243 436 2312 elocutiones,
466 2261 542 2324 quac
574 2241 758 2304 elocutiones
781 2245 868 2304 etiam
897 2245 927 2304 in
955 2244 1079 2322 singulis
1101 2251 1239 2306 constant
1259 2243 1357 2305 uerbis

66 2355 92 2405 et
117 2345 211 2407 nihilo
241 2347 339 2406 minus
367 2344 557 2406 soloecismos
585 2346 705 2410 iaciunt.
750 2363 808 2424 quo
837 2345 927 2406 modo
956 2363 1027 2424 ergo
1056 2345 1131 2405 dicis
1159 2348 1296 2426 qnoniam
1325 2349 1356 2407 in

32 2448 186 2526 usiugulis
214 2445 314 2508 verbis
342 2465 402 2510 non
431 2455 500 2507 snut
521 2445 707 2508 soloecismi?
743 2465 810 2507 cum
832 2448 1016 2508 inveniamus
1045 2447 1104 2509 tale
1132 2447 1257 2526 aliquid,
1287 2456 1356 2529 pute

64 2549 138 2612 videt
161 2551 267 2610 neseio
293 2551 344 2629 qui
367 2547 532 2610 masculum
555 2548 705 2610 hominem
730 2557 759 2609 et
787 2547 859 2609 dicit
886 2548 977 2618 hanc;
1008 2568 1077 2610 ecce
1105 2548 1181 2610 hanc
1208 2569 1358 2631 unapars

63 2647 204 2713 orationis
227 2659 271 2712 est
293 2660 323 2712 et
344 2649 436 2712 nihilo
460 2652 558 2712 minus
581 2650 774 2712 soloecismus
797 2657 851 2711 est.
882 2650 952 2729 qnid
976 2650 1049 2712 dicis
1078 2652 1167 2731 ergo?
1190 2654 1233 2712 vis
1253 2654 1357 2714 uitium

62 2752 272 2814 soloecismum
295 2771 358 2814 csse
381 2761 431 2814 aut
454 2750 692 2814 barbarismum?
713 2753 880 2830 interrogat
902 2760 931 2813 te
953 2755 1052 2815 neseio
1076 2755 1126 2833 qui
1148 2754 1218 2834 ‘quo
1233 2755 1355 2824 radisl’,

62 2864 89 2915 ει
110 2864 142 2916 ιε
165 2855 243 2916 dicis
265 2856 381 2915 ‘intus’
410 2872 465 2933 pro
495 2873 529 2916 eo
553 2853 630 2934 quod
654 2861 699 2915 est
722 2856 847 2923 ‘intro',
878 2873 948 2915 ecce
976 2873 1033 2916 una
1057 2874 1127 2936 pars
1150 2863 1194 2916 εει
1215 2857 1358 2917 orationis

29 2957 172 3018 unitione.
211 2957 290 3036 'puta
313 2959 387 3036 ‘qun
412 2955 526 3016 vadisl'
557 2955 685 3017 ‘Roma'
714 2975 769 3036 pro
798 2961 834 3016 eo
865 2956 943 3034 qnod
971 2966 1017 3018 est
1038 2957 1177 3027 Romam,
1207 2975 1277 3018 ecce
1299 2977 1356 3019 una

60 3077 126 3137 pars
150 3066 199 3119 est
220 3059 363 3120 orationis
385 3059 495 3119 vitiosa.
529 3067 578 3119 aut
599 3066 670 3138 puta
694 3059 830 3121 salutavit
852 3067 882 3119 tc
905 3077 990 3129 unus,
1015 3067 1044 3120 ει
1066 3059 1146 3120 dieas
1160 3057 1204 3119 illi
1227 3059 1355 3130 ‘valete’,

60 3179 127 3221 ecce
155 3179 219 3222 una
247 3179 317 3241 pars
346 3168 391 3222 est
421 3162 566 3222 orationis
593 3163 705 3222 vitiose.
753 3160 822 3238 quid
851 3177 922 3238 ergo
951 3161 1085 3222 dicemus
1113 3160 1150 3221 de
1177 3163 1241 3222 istis
1262 3163 1357 3222 vitiis?

59 3261 220 3342 numquid,
251 3264 391 3342 quoniam
419 3264 451 3322 in
478 3260 600 3340 singulis
628 3261 761 3342 partibus
789 3265 933 3324 orationis
955 3270 1040 3332 sunt,
1068 3282 1128 3324 non
1152 3273 1240 3325 erunt
1261 3263 1356 3325 soloe·

59 3365 159 3426 cismil
198 3364 272 3424 dixit
293 3366 349 3425 iste
371 3382 437 3425 rem
460 3365 617 3443 optimam:
657 3363 826 3426 soloecismi
848 3372 931 3434 sunt,
962 3367 988 3426 si
1015 3367 1121 3442 iungas
1147 3366 1357 3444 interrogantis

28 3476 85 3526 εει
106 3467 322 3548 respondentis
344 3465 448 3533 verbm
474 3484 510 3525 ex
532 3467 741 3528 coniunctione
762 3468 1005 3545 interrogationis
1028 3475 1057 3526 et
1073 3469 1277 3546 responsionis
1298 3463 1356 3529 iam

57 3570 160 3649 incipit
190 3586 253 3630 non
281 3587 358 3630 unus
388 3585 452 3629 esse
474 3586 587 3639 sermo,
614 3568 665 3629 sed
689 3571 773 3648 quasi
795 3576 953 3629 contextus
980 3587 1087 3630 sermo.
1133 3569 1252 3650 quando
1275 3572 1356 3631 simi·

55 3670 119 3733 liter
144 3672 258 3733 dicitur
281 3672 358 3749 ‘quo
380 3669 506 3739 vadisl',
533 3677 561 3730 et
582 3679 615 3730 ιε
639 3669 718 3730 dicas
741 3669 899 3740 ‘Romae',
922 3678 1016 3731 totum
1038 3669 1096 3731 hoc
1118 3671 1223 3750 iunge,
1248 3679 1277 3733 ει
1297 3674 1355 3734 iam

57 3790 112 3834 non
136 3783 186 3836 εει
208 3791 268 3834 una
296 3790 367 3853 pars
395 3772 545 3840 orationis,
570 3771 623 3832 sed
647 3768 651 3852 Ι
675 3770 785 3833 multae
808 3779 878 3832 sunt
898 3781 1012 3852 partes,
1043 3782 1072 3834 et
1098 3761 1142 3833 in'
1156 3774 1230 3853 ipsis
1258 3773 1358 3837 multis

56 3876 159 3937 vitium
183 3877 298 3938 lactum
321 3883 380 3944 est;
405 3891 476 3952 ergo
499 3873 693 3935 soloecismus
716 3880 768 3936 est.
814 3873 884 3934 dicit
913 3877 992 3935 enim
1015 3873 1228 3938 ‘soloecismus
1251 3886 1294 3938 est
1315 3880 1356 3936 ri·

27 3979 127 4040 ulium
151 3980 269 4070 lactum
292 3978 323 4037 in
345 3984 484 4037 contextu
506 3975 635 4053 partium
658 3977 827 4037 orationis’.
874 3976 948 4038 adde
977 3979 1065 4039 etiam
1094 3985 1126 4039 ιε
1154 3978 1264 4057 aliquid
1286 3979 1356 4040 vali·

57 4079 127 4141 dius.
176 4083 263 4141 intus
285 4077 409 4140 latinum
432 4086 485 4149 εει,
514 4097 551 4139 an
574 4080 651 4139 noni
689 4079 801 4141 Romae
829 4077 951 4164 latinum
981 4087 1041 4149 est,
1073 4099 1110 4140 an
1133 4083 1213 4141 noni
1247 4079 1356 4142 salvete

58 4179 368 4210 -..-..-.ἱ-..-----

122 4251 292 4316 'lquomodo
311 4257 394 4300 autem
414 4249 457 4300 liet
476 4249 642 4299 soloecismus
662 4250 788 4314 quomodo
810 4249 855 4298 liat
868 4248 975 4299 'schema
993 4249 1015 4299 S
1032 4252 1161 4315 quomodo
1178 4259 1262 4301 entem
1281 4249 1358 4300 iaciat

58 4321 228 4372 soloecismus
248 4321 375 4383 quomodo
392 4317 468 4370 iaciat
486 4318 574 4384 (laniat
590 4334 637 4368 om.
657 4318 684 4383 e)
702 4319 805 4368 schema
822 4320 881 4385 Bc,
899 4335 945 4369 om.
967 4319 987 4370 0
1005 4322 1132 4384 quomodo
1149 4331 1233 4372 eutem
1253 4321 1296 4372 llet
1314 4336 1356 4371 εε-

57 4391 195 4443 loecismus
215 4390 343 4455 quomodo
361 4389 488 4440 scemaP
557 4388 682 4454 dredigit
699 4388 777 4440 BOS
847 4388 986 4440 ‘llucilius
1005 4390 1046 4441 Cb
1065 4391 1161 4440 lutilius
1178 4391 1204 4441 B
1222 4391 1302 4441 lucius
1320 4392 1357 4443 S:

58 4460 135 4511 lucius
149 4463 188 4512 ari
209 4462 245 4510 d’
264 4459 302 4524 (d.
317 4475 339 4510 e.
360 4459 436 4524 dixit)
454 4465 478 4508 et
496 4467 613 4508 numerat
630 4472 717 4508 omnes
736 4468 826 4508 extans
844 4458 906 4508 liber
924 4461 1006 4525 ipsine
1024 4460 1087 4510 dicit
1105 4461 1168 4510 illud
1186 4475 1243 4509 unm
1264 4461 1299 4510 eit
1319 4463 1357 4511 sie

58 4531 119 4582 addc
133 4533 322 4585 soloecismum
340 4543 436 4596 genera
453 4537 528 4592 atque
544 4529 667 4579 uocabula
685 4537 710 4579 ει
727 4539 829 4578 currunt
844 4531 870 4578 P
937 4529 954 4579 8
971 4531 1109 4580 enumerati
1123 4530 1149 4580 B
1167 4539 1299 4580 enumeret
1313 4531 1358 4581 08

123 4605 158 4655 ln
178 4601 250 4652 adde
270 4599 421 4651 soloecismo
440 4597 485 4649 OS
506 4599 572 4650 adde
595 4598 760 4649 soloecismos
775 4598 800 4649 B
870 4600 900 4650 11
920 4609 1025 4649 currunt
1043 4600 1084 4651 Gd
1107 4600 1185 4650 currit
1199 4599 1255 4649 BS
1324 4601 1356 4650 14

57 4671 154 4723 dnobus
167 4687 219 4722 orn.
235 4669 314 4721 BOS
383 4669 418 4720 26
435 4669 556 4719 salutabit
573 4677 597 4718 te
613 4666 771 4718 unnsBGS
786 4669 882 4718 salutes
901 4671 1017 4720 unumP
1085 4667 1117 4721 31
1138 4669 1263 4737 similiter]
1280 4672 1356 4720 simul

58 4741 129 4793 BOS
203 4741 240 4795 36
257 4750 302 4791 εει
320 4755 371 4790 εεε
385 4754 471 4789 romae
490 4739 597 4790 latinum
614 4747 653 4788 est
669 4747 713 4788 εει
731 4753 779 4786 εεε
799 4739 897 4787 saldete
918 4739 1024 4790 latinum
1043 4749 1083 4790 εει
1100 4749 1144 4791 εει
1161 4755 1212 4791 εεε
1227 4739 1248 4790 S
1265 4751 1290 4791 ει
1306 4755 1356 4790 εεε

59 4828 140 4862 romae
164 4814 273 4862 latinum
293 4820 332 4860 εει
350 4821 375 4860 ει
394 4825 445 4859 εεε
463 4809 561 4859 εειεειε
579 4809 683 4859 latinum
701 4817 739 4858 est
755 4817 780 4857 at
799 4822 847 4856 nnn
867 4807 919 4859 BG

106 4903 289 4948 cneumnncr
304 4901 395 4944 mmm
410 4901 437 4942 v.
1115 4894 1154 4958 19
