3350 5442
667 377 738 440 ΑΗΒ
1306 373 1346 438 'll

1153 483 1322 539 pronaeae.

79 571 194 652 qualitate
218 568 388 638 verborum,
412 570 479 647 quia
500 564 712 644 intelleguntur
728 566 881 644 participia
905 585 940 626 ex
956 566 1064 646 aquibus
1080 565 1178 627 verbis
1200 566 1345 625 oriuntur.

79 675 191 734 oriuntur·
217 677 317 732 autem
347 688 381 730 ex
410 669 547 730 omnibus
575 676 641 728 octo
668 665 856 746 qualitatihus
885 668 1057 744 verborum,
1087 669 1154 746 quia
1182 674 1249 728 octo
1278 675 1348 728 sunt

79 774 212 856 qualitates
227 771 270 832 rel
294 789 405 850 genera
421 769 593 840 verborum,
617 768 750 830 neutrale
772 771 899 832 activum
921 771 1068 850 passivum
1091 768 1244 848 deponens
1266 787 1347 829 com-

79 894 150 938 mune
170 875 365 936 inchoativum
389 873 637 952 frequentativum
659 870 846 932 defectivum.
889 871 1016 952 qualitas
1043 889 1137 950 genus
1159 880 1213 941 est,
1237 872 1347 950 signiti-

51 979 139 1046 ¹acatio
158 978 279 1056 species.
309 973 482 1054 [verborum
510 973 623 1034 similes
650 981 726 1034 sunt.
747 1014 754 1032 .
773 973 884 1044 cultus,
910 975 935 1033 si
962 974 1068 1052 recipit
1089 969 1346 1053 conlfparationcm

78 1097 168 1142 nomen
189 1089 245 1148 est;
269 1077 295 1138 si
318 1085 468 1155 tempora,
492 1077 690 1155 participium.
736 1074 933 1136 declinatione
956 1075 1182 1145 discernuntur,
1206 1084 1237 1136 ut
1259 1076 1346 1144 uisus,

76 1184 95 1241 si
123 1186 234 1260 quartae
264 1177 471 1240 declinationis
504 1185 564 1248 est,
598 1194 707 1238 nomen
735 1185 794 1246 est;
828 1180 855 1238 si
881 1177 1046 1247 secundae,
1074 1172 1283 1260 participiuml.
1310 1211 1346 1220 -

77 1282 271 1344 l'raesentis
298 1281 479 1359 temporis
508 1285 542 1339 ει
568 1280 699 1348 futuri,
729 1287 766 1340 ut
793 1279 923 1358 legens
951 1278 1135 1341 lecturus:
1157 1281 1189 1340 iu
1212 1277 1466 1350 omnituentes

77 1380 315 1461 coniugationibus
343 1380 571 1443 custodiendum
600 1384 766 1460 praesentis
795 1382 939 1461 temporis
962 1383 1117 1463 participia
1138 1400 1197 1462 quo
1219 1381 1308 1442 modo
1330 1399 1351 1441 a

50 1518 65 1552 q
77 1484 226 1545 caninibus
254 1483 372 1544 distent.
417 1501 520 1544 amans
546 1482 627 1544 illius
651 1482 655 1560 l
679 1501 785 1545 nomen
808 1491 837 1544 ct
859 1502 962 1544 amans
983 1481 1065 1544 illum
1087 1485 1284 1565 participium.
1306 1517 1350 1528 —

76 1587 110 1648 Et
133 1587 258 1656 loturi,
289 1592 327 1646 ut
355 1583 503 1646 luctans
532 1584 696 1647 luctatus
724 1585 935 1646 luctaturus
964 1584 1030 1664 (hoc
1052 1585 1174 1647 verbum
1198 1585 1394 1666 deponensae

76 1690 246 1769 quartieipium
269 1689 362 1749 loturi
385 1687 530 1766 temporis
552 1686 589 1747 ala
612 1688 706 1746 activo
729 1686 883 1765 uindicatl;
911 1705 928 1747 a
951 1689 1135 1748 commoni
1157 1695 1348 1768 quattuor,

75 1791 272 1870 praesentis
299 1789 503 1870 praeteriti
533 1796 567 1850 et
595 1788 703 1849 duum
726 1789 952 1858 futurorum,
982 1798 1021 1849 ut
1046 1792 1253 1852 criminans
1275 1791 1350 1849 cri·

76 1895 218 1952 minatus
240 1892 510 1952 criminaturus
531 1890 800 1952 criminandus:
832 1892 984 1971 quaeritur
1006 1898 1104 1953 utrum
1132 1899 1289 1952 sancturus
1311 1909 1348 1950 an

48 1997 224 2060 uasaneitnrus
243 1993 367 2054 dicator.
399 1992 435 2053 ad
458 1993 611 2072 praeteriti
633 1993 757 2072 perlecti
772 1992 912 2070 regulam
934 1992 1150 2054 recurrendum
1173 2002 1230 2054 est:
1254 1991 1292 2054 ab
1315 2011 1351 2052 eo

75 2095 139 2176 quod
160 2103 201 2156 est
220 2102 340 2156 sanctus
363 2092 432 2156 tolle
456 2113 479 2162 ε,
504 2094 579 2154 adde
600 2113 661 2162 rus,
684 2095 755 2155 lacit
776 2103 943 2157 sancturus.
975 2096 1000 2155 si
1021 2097 1169 2166 sancitos,
1192 2096 1263 2156 lacit
1282 2113 1350 2154 san·

74 2201 179 2260 citurus.
222 2196 274 2258 sed
301 2197 370 2258 ideo
400 2195 456 2256 lroc
485 2195 628 2258 dehemus
655 2196 831 2274 intellegere
860 2196 897 2257 ab
924 2198 1035 2258 activo:
1065 2199 1131 2277 quia
1163 2198 1234 2257 lacit
1255 2198 1349 2265 sanxi,

74 2301 132 2360 lacit
156 2306 285 2366 sanctum
314 2300 340 2359 si
369 2298 482 2359 laceret
509 2299 617 2368 sancii,
646 2299 758 2360 laceret
785 2300 927 2367 saucitus;
956 2299 1009 2359 sed
1036 2299 1106 2359 lacit
1133 2300 1232 2368 sanxi,
1261 2317 1350 2378 quarn

75 2403 162 2462 sancii.
205 2407 339 2462 mortuus
367 2409 465 2460 tamen
494 2399 551 2460 hoc
578 2397 673 2461 solum
702 2409 804 2462 contra
831 2399 964 2479 regulam
988 2401 1074 2461 istam
1096 2408 1256 2481 repugnat,
1279 2402 1349 2480 quia

46 2537 63 2570 ‚u
76 2523 125 2562 non
145 2505 210 2563 lacit
231 2511 365 2564 mortuus
387 2510 570 2573 mortuorus,
595 2502 646 2563 sed
670 2503 740 2564 lacit
762 2504 931 2565 moriturus.
948 2537 991 2547 —
1012 2501 1204 2564 llelectira
1228 2504 1348 2563 inter·
1362 2514 1450 2576 388,3

75 2604 145 2664 dum
170 2604 332 2665 alicuius
361 2613 450 2665 suut
478 2605 671 2684 temporis,
702 2601 706 2684 Ι
737 2611 775 2666 ut
803 2602 905 2664 soleo
933 2603 1061 2665 solens
1087 2604 1238 2665 solitus:
1268 2604 1351 2664 soleo

75 2717 191 2786 tempore
223 2707 383 2786 praeterito
411 2705 544 2784 perlecto
573 2725 628 2768 nec
650 2705 727 2768 solui
750 2707 819 2767 lacit
841 2713 871 2766 et
892 2706 994 2768 futuro
1015 2714 1149 2786 ternpore
1171 2715 1266 2774 caret;
1290 2724 1349 2766 non

74 2810 133 2868 lacit
157 2807 299 2869 solendus.
345 2807 394 2868 odi
421 2816 520 2868 autem
547 2807 657 2868 lectum
686 2815 730 2869 cst
756 2817 786 2870 ει
813 2827 882 2868 osus
904 2815 935 2868 et
955 2827 1079 2876 osurus;
1107 2807 1159 2868 sed
1190 2807 1238 2868 iric
1261 2806 1351 2868 Tullii

73 2919 170 2988 pugnat
189 2911 357 2972 auctoritas.
386 2945 426 2954 —
456 2910 590 2971 Notauda
614 2917 660 2970 εει
682 2908 737 2970 alia
760 2909 933 2979 declinatio,
964 2909 1133 2990 quomodo
1156 2911 1311 2990 participia
1334 2929 1349 2968 a

46 3012 225 3076 .··.uominibus
252 3020 443 3089 separentur,
473 3021 505 3072 ut
533 3011 569 3072 ab
598 3031 633 3072 eo
661 3011 740 3092 quod
768 3020 813 3072 est
840 3029 955 3083 amans,
983 3016 1009 3074 si
1030 3014 1167 3091 genetivo
1187 3012 1350 3073 amantium

74 3115 147 3182 lacit,
169 3115 352 3194 participium
375 3123 433 3182 est;
456 3115 481 3173 si
504 3123 666 3184 amantum,
691 3133 810 3174 nomen.
832 3149 866 3158 —
891 3115 932 3175 Vt
954 3114 996 3176 ab
1019 3115 1178 3195 eoquod
1202 3121 1257 3174 est
1278 3128 1379 3176 me·4

74 3217 152 3274 uuiui
173 3215 310 3278 nullum
334 3217 582 3296 participium
604 3218 812 3278 invenitur:
843 3219 965 3278 memini
994 3219 1160 3277 meminens
1182 3217 1351 3276 mcurriuitus

74 3334 125 3376 non
148 3318 223 3388 lacit,
246 3319 314 3395 quia
338 3325 464 3397 utroque
486 3319 642 3398 participio
665 3327 755 3380 caret.
795 3353 830 3363 -
866 3318 1106 3398 quaequod
1137 3326 1194 3379 est
1216 3317 1378 3381 studeoo

73 3418 225 3479 studens:
248 3418 412 3480 studiturus
434 3437 493 3480 uon
516 3421 595 3482 lacit.
612 3455 654 3464 —-
676 3419 725 3482 ub
747 3419 986 3500 inpersonali
1009 3420 1121 3480 verbo
1144 3421 1378 3499 participia?

49 3521 139 3581 quisi
160 3529 332 3600 usurpata
356 3541 427 3582 non
450 3523 618 3583 veniunt:
643 3522 759 3602 pudens
779 3526 936 3602 paenitens
957 3524 1118 3602 quaeritur,
1143 3529 1241 3582 utrum
1263 3523 1352 3582 l'aciat
1419 3568 1422 3572 -

72 3619 103 3679 ab
122 3623 294 3701 iupursonali
316 3622 416 3684 verim.
448 3624 609 3685 notandum
632 3625 668 3685 alr
690 3623 933 3705 in'personalilrus
956 3623 1054 3684 verbis
1075 3624 1230 3702 participia
1252 3622 1350 3683 luitura

73 3742 122 3783 oon
139 3725 232 3785 uenire
247 3726 305 3785 nisi
322 3731 470 3804 usurpata.
492 3729 497 3798 Ι
516 3761 557 3770 --
573 3727 754 3787 Numeros
769 3727 988 3806 participiis
1009 3725 1153 3786 accidit
1174 3734 1378 3801 uterque,8

72 3825 268 3904 singularis
290 3836 328 3887 ut
349 3827 409 3887 hic
432 3826 578 3906 legens:
611 3827 766 3889 sciendum
797 3846 985 3890 communem
1013 3845 1173 3888 numerum
1195 3828 1349 3907 participia

72 3925 172 3987 lairere
191 3946 246 3989 non
269 3947 367 4008 posse.

51 4059 61 4092 .··
146 4029 185 4090 tt
205 4031 402 4091 tunicatus
429 4018 614 4109 galeatus:
645 4051 702 4093 non
732 4033 802 4093 lacit
831 4033 932 4092 tunice
960 4033 1061 4111 galeo;
1086 4031 1158 4094 illud
1188 4039 1232 4091 est
1259 4013 1394 4110 parti-ra

127 4185 362 4192 -—-—---—-..

130 4271 189 4320 cort
202 4267 341 4320 Bermllll
361 4268 465 4318 5*-7.
537 4269 553 4320 3
571 4267 714 4336 passivum]
736 4269 950 4332 frequentationum
1023 4268 1182 4335 santaricus]
1205 4269 1351 4317 nominibus

128 4342 177 4389 llo
196 4355 238 4390 om.
313 4340 345 4390 10
366 4354 519 4392 domenum.
593 4341 624 4390 la
648 4340 679 4388 ab
699 4337 740 4405 eo]
765 4349 791 4390 ut
811 4355 841 4389 eo
912 4341 944 4392 18
963 4342 1047 4391 sourcsi
1069 4356 1145 4404 quom
1164 4338 1244 4388 salarii
1315 4339 1350 4397 20

74 4409 211 4476 nonunros]
227 4411 366 4460 moriturus
436 4409 470 4458 22
488 4411 616 4477 praeteriti
636 4410 742 4475 perlecti
812 4409 846 4460 23
865 4411 916 4459 odii
987 4413 1020 4459 ’24
1041 4412 1129 4475 pignat
1147 4425 1216 4458 coar.
1234 4411 1348 4461 almeon.

75 4493 156 4542 pugnat
222 4481 253 4531 ²7
273 4479 437 4529 iurreuiuntur
507 4479 541 4528 28
560 4481 649 4529 studeo
669 4481 773 4530 studens
790 4481 897 4530 studens
914 4481 1054 4530 studiturus
1108 4479 1256 4543 30pudens
1277 4489 1345 4528 tuen-

74 4547 122 4598 leus
141 4549 218 4612 (corr.
230 4549 333 4614 teuteus)
352 4550 452 4614 penitus
476 4557 558 4598 utrum
628 4549 662 4603 32
681 4550 807 4599 odeedunt
875 4550 909 4600 :ts
929 4549 999 4615 galia

128 4741 142 4786 l
160 4737 264 4800 qualitas
286 4738 389 4804 generis
410 4747 448 4787 εει
471 4735 635 4804 significatio.
661 4739 762 4802 species
782 4739 916 4788 verborum
933 4736 1030 4786 similes
1049 4745 1107 4785 suunt
1127 4737 1267 4786 Potachida-
1294 4753 1349 4786 rer-

76 4807 147 4857 lorom
161 4809 255 4858 similes
268 4825 299 4858 eo
311 4811 440 4873 pertinere
453 4808 564 4864 uidetur,
579 4809 646 4872 quod
656 4810 851 4871 ripnificntionee
864 4809 1054 4870 participiorwn
1065 4806 1283 4872 ripnificctionidus
1295 4823 1350 4856 uer·

77 4875 153 4938 loru,
169 4895 186 4928 a
206 4879 290 4944 quidue
307 4880 431 4942 oriuntrrr,
446 4879 537 4928 caraea
556 4891 611 4928 esre
624 4877 741 4928 dicuntur·
803 4878 833 4928 lt
852 4877 957 4926 toedens
970 4878 1102 4944 poenitens
1119 4886 1205 4926 utrum
1216 4875 1351 4927 Pntscltius
