3350 5442
473 366 673 429 Excunvvl
695 364 899 427 ROBlENSlA
924 361 1015 425 1-6
1324 360 1387 425 635

1201 484 1221 525 p.
1236 472 1280 513 lto.
1294 473 1320 511 4⁷
1336 468 1362 511 V.

93 571 203 629 graeco
225 571 261 613 ex
284 555 364 613 lonte
388 553 562 621 denranans,
595 561 628 613 ut
648 562 717 614 sunt
738 553 805 623 illa,
841 544 903 633 χρὴ
925 546 1045 630 πρέπει
1066 545 1170 632 μέλει,
1193 544 1255 631 χρὴ
1278 550 1387 630 πλεῖν,

93 648 157 734 χρὴ
187 650 424 729 παιδεύεσθαι,
454 648 516 736 χρὴ
538 654 709 734 πολεμεῖν,
737 650 858 734 πρέπει
880 660 1084 733 σωφρονεῖν,
1112 648 1231 733 πρέπει
1252 648 1386 731 νήφειν.

94 760 127 816 in
149 757 196 817 bis
218 760 297 817 eninr
320 775 376 816 nec
398 776 541 817 numerus
562 776 618 817 nec
640 774 767 835 persona
789 758 989 834 significatur,
1018 756 1070 817 sed
1093 774 1142 815 res
1163 762 1278 815 mutum
1300 754 1387 815 modo

93 858 279 927 declaratur,
307 877 396 938 quam
423 860 490 919 lieri
517 864 662 939 oporteat.
688 880 706 915 ιι
736 858 826 919 buius
853 858 934 919 modi
963 860 1051 919 etiam
1079 857 1196 918 illorum
1224 855 1388 917 locutiones

64 970 174 1030 scunt,
204 954 318 1039 ἐπειδὴ
345 947 468 1039 qainon,
492 953 607 1039 ἐπειδὴ
637 953 757 1039 ἄριστα
783 954 1036 1039 παρεσκεύαστο
1059 954 1116 1019 καὶ
1150 954 1386 1038 ἐβεβούλευτοε

92 1062 205 1124 nullius
232 1061 282 1123 hic
308 1081 425 1142 quoque
452 1081 597 1142 personae
626 1062 671 1121 vel
694 1063 812 1122 numeri
838 1080 894 1121 vox
916 1065 981 1141 ipsa
1004 1064 1135 1122 continet
1158 1079 1287 1121 sensum.
1332 1061 1387 1121 boc

91 1171 192 1248 tamen
223 1163 285 1224 solo
315 1164 428 1225 distant
455 1184 470 1225 a
498 1165 615 1242 graecis
642 1163 842 1243 inpersonalia
870 1163 1057 1233 Latinorum,
1086 1164 1164 1243 quod
1191 1182 1245 1244 per
1276 1162 1387 1233 modos,

90 1274 126 1327 ut
155 1268 215 1327 iam
242 1266 385 1336 diximus,
416 1273 542 1327 currunt
563 1273 593 1325 et
617 1272 766 1345 tempora,
796 1266 875 1345 quod
899 1265 976 1345 apud
999 1264 1128 1325 Graecos
1149 1264 1317 1325 nullatenus
1339 1282 1387 1323 re·

91 1370 222 1447 peritur.

49 1490 79 1529 10
176 1469 210 1531 ln
232 1469 418 1550 temporibus
439 1488 557 1551 quoque
579 1489 638 1531 uon
660 1462 761 1549 dispar·
783 1468 952 1530 observatio
974 1477 1034 1549 est,
1065 1472 1122 1531 nisi
1146 1470 1224 1549 quod
1247 1470 1309 1531 sola
1332 1469 1383 1529 de·
1401 1485 1503 1545 uuum

90 1574 257 1632 minutione
280 1577 439 1652 superetur
461 1580 492 1634 et
513 1573 664 1651 discrepet
685 1590 779 1651 eoque
801 1570 909 1632 babeat
932 1573 1082 1652 pauciora.
1127 1590 1195 1632 nam
1217 1590 1283 1632 cum
1310 1572 1388 1650 apud

90 1674 159 1734 illos
186 1692 279 1753 prope
310 1676 448 1734 universa
471 1675 601 1754 duplicia
624 1677 694 1744 sint,
717 1673 891 1734 Latinorum
918 1673 1046 1753 loquella
1075 1673 1275 1753 simplicitatis
1309 1666 1387 1733 com?

91 1775 201 1854 pendio
230 1776 321 1836 semel
348 1778 463 1854 singula
490 1777 627 1855 prolerre
656 1782 796 1837 contenta
822 1795 878 1836 neo
905 1778 1102 1855 praeteritum
1135 1777 1303 1854 perlectum
1332 1792 1388 1835 nec

90 1879 290 1955 praeteritum
311 1878 635 1959 plusquamperfectum
657 1896 713 1938 nec
742 1879 875 1939 loturum
898 1878 1061 1939 secuudum
1085 1886 1135 1939 aut
1157 1878 1286 1938 medium
1310 1872 1314 1957 l
1339 1884 1389 1938 aut

51 2000 77 2039 rs
92 1998 162 2041 ruox
184 1980 318 2041 luturum
343 1980 478 2051 admisit3
508 1973 666 2059 ἀόριστον
688 1981 761 2059 quin
783 1981 872 2040 etiam
894 1980 1012 2041 illorum
1035 1982 1155 2061 penitus
1176 1981 1303 2057 ignorat.
1341 1978 1389 2039 his

91 2084 224 2161 quinque
252 2082 438 2161 temporibus
461 2067 540 2144 modi
563 2082 672 2161 singuli
700 2082 888 2143 declinantur
917 2089 967 2143 aut
982 2070 1154 2163 *separatim
1183 2099 1241 2142 uno
1270 2099 1387 2160 quoque

90 2202 198 2243 sonum
230 2186 385 2263 proprium
414 2188 614 2264 exprimente,
650 2193 701 2245 aut
728 2186 867 2253 iunctim,
902 2182 983 2244 binis
1011 2184 1144 2253 eandem,
1168 2180 1388 2263 possidentibus

90 2302 195 2345 vocem
223 2292 254 2344 et
281 2304 467 2347 communem
494 2286 702 2348 emittentibus
730 2305 845 2357 sonum,
877 2288 1037 2365 separatim
1061 2286 1237 2347 indicativus
1258 2288 1387 2365 impera·

90 2391 168 2450 tivus
188 2387 409 2459 subiunctivus,
443 2373 567 2450 iunctim
590 2391 738 2469 optativus
760 2396 791 2448 et
818 2388 962 2449 infinitus.
1007 2408 1044 2449 ex
1072 2387 1181 2468 quibus
1209 2387 1388 2448 indicativus

48 2514 78 2551 so
91 2491 214 2571 quidem
242 2499 273 2551 ct
294 2489 499 2551 subiunctivus
519 2494 618 2552 omnia
640 2499 829 2571 receperunt,
852 2508 994 2571 praeseus
1017 2510 1096 2561 amo,
1124 2491 1319 2569 praeteritum
1342 2492 1387 2551 in-

92 2594 261 2673 perfectum
284 2592 433 2662 amabam,
456 2597 653 2674 praeteritum
678 2594 845 2673 perlectum
874 2594 977 2663 arnovi,
1001 2594 1197 2672 praeteritum
1220 2593 1387 2672 plusquam·

73 2696 257 2779 'perlectum
279 2714 456 2766 amaveram,
478 2697 612 2756 futurum
635 2695 755 2756 amabo:
779 2698 851 2756 item
873 2694 1078 2757 subiunctivus
1100 2714 1168 2755 cum
1192 2713 1296 2763 ameni,
1320 2713 1387 2754 cum

92 2814 235 2867 amarem,
259 2814 326 2857 curn
349 2800 519 2868 amaverim,
542 2816 610 2857 curn
633 2798 815 2867 amavissem,
840 2816 907 2858 curn
930 2814 1080 2859 amavero:
1104 2799 1297 2877 imperativus
1319 2816 1390 2857 vcro

92 2900 151 2959 duo
183 2905 299 2959 tantum
325 2899 429 2969 modo,
462 2917 604 2978 praesens
636 2906 666 2959 et
687 2901 831 2969 luturum,
860 2918 925 2960 arna
953 2908 1050 2959 amato
1074 2920 1106 2957 s:
1135 2899 1297 2959 infinitivus
1321 2900 1386 2969 tria,

52 3024 80 3061 as
93 3019 251 3081 praesens,
279 3008 455 3071 utsamare;
478 3003 674 3081 praeteritum
702 3019 762 3061 non
789 3002 936 3061 trifariam
964 3002 1108 3069 divisum,
1141 3000 1192 3061 sed
1214 3000 1307 3061 semel
1333 3018 1389 3080 pro

90 3103 188 3164 tribus
209 3103 407 3173 enuntiamus,
432 3111 463 3163 ut
484 3105 642 3173 amavisse;
665 3105 808 3173 futurum,
831 3110 864 3163 ut
879 3110 1008 3163 amatum
1025 3106 1079 3163 ire.
1106 3104 1261 3181 quaeritur
1277 3109 1385 3173 autem,

93 3224 149 3265 cur
169 3206 220 3266 bic
241 3206 315 3265 ordo
337 3207 369 3264 in
391 3205 452 3265 illis
474 3208 527 3275 sit,
556 3213 589 3265 ut
614 3207 746 3285 primum
767 3205 866 3266 locum
889 3205 1023 3266 obtineat
1043 3222 1201 3284 praesonS,
1224 3204 1386 3265 seeundum

92 3309 289 3387 praeteritum
321 3307 535 3386 inperlectnm,
568 3309 692 3367 tertium
730 3309 926 3385 praeteritum
962 3309 1129 3387 perlectum
1163 3325 1196 3366 ac
1234 3306 1386 3386 deinceps.

92 3412 178 3470 cuius
204 3408 277 3470 haec
304 3411 380 3468 ratio
409 3417 467 3469 est:
497 3417 603 3470 natura
630 3411 773 3487 temporis
800 3410 874 3469 baec
902 3416 961 3477 est,
994 3414 1026 3469 ut
1053 3425 1172 3486 semper
1205 3414 1336 3467 transeat
1357 3416 1387 3467 ct

54 3538 80 3576 oo
93 3512 179 3591 lapsu
211 3511 355 3570 celeriore
392 3511 532 3571 decurrat
565 3529 599 3570 ac
628 3512 679 3571 vix
707 3509 766 3570 ullo
787 3511 890 3589 puncti
919 3518 1068 3571 momento
1095 3512 1188 3589 possit
1213 3511 1387 3578 consistere,

92 3613 221 3692 ideoque
244 3619 295 3673 aut
316 3614 376 3673 iam
398 3614 591 3692 praeterierit
614 3618 665 3672 aut
687 3619 872 3691 expectetur.
902 3612 980 3673 unde
1002 3611 1122 3691 quidam
1144 3610 1217 3670 haec
1240 3610 1298 3671 duo
1321 3618 1386 3673 tau·

91 3723 155 3775 tum
177 3713 265 3773 rnodo
286 3721 420 3794 tempora
443 3732 508 3774 esse
529 3715 678 3783 dixerunt,
701 3716 898 3793 praeteritum
917 3722 947 3773 ct
968 3714 1117 3783 luturuur;
1141 3728 1283 3792 praesens
1306 3715 1385 3773 enim

91 3835 129 3876 ne
152 3823 213 3875 tam
235 3815 287 3875 din
309 3816 429 3896 quidem
450 3835 572 3878 manere
594 3834 692 3896 posse,
717 3815 787 3876 dum
809 3816 929 3885 dicitur,
953 3816 1004 3877 sed
1020 3812 1318 3895 incomprehensibili
1337 3834 1385 3875 vu·

91 3918 213 3979 locitate
242 3920 426 3979 transitionis
457 3922 523 3989 vix,
552 3920 622 3979 dum
650 3920 832 3999 nominatur,
863 3917 951 3979 elabi.
996 3934 1118 3978 necesse
1141 3934 1212 3993 orgo
1234 3917 1333 3977 luerat
1355 3924 1387 3976 ut

53 4048 80 4085 :e
95 4020 165 4082 inde
181 4022 363 4100 principium
386 4030 565 4091 sumeretur,
590 4019 668 4081 vinde
691 4021 835 4080 transitus
850 4022 980 4099 cepisset
1000 4018 1166 4088 exordium,
1190 4025 1220 4077 et
1241 4018 1386 4095 gradatim

93 4129 195 4182 cetera
217 4124 423 4199 iungerentur,
447 4141 482 4182 eo
497 4141 616 4202 semper
636 4124 813 4201 posteriore,
836 4121 915 4201 quod
930 4122 997 4201 plus
1012 4119 1151 4181 habuerit
1165 4120 1387 4199 praeteritionis
1417 4196 1422 4205 .

92 4232 181 4303 atquc
209 4227 456 4295 transcursionis,
487 4234 517 4286 et
544 4244 579 4287 ea
602 4243 677 4304 quae
700 4227 759 4285 iam
781 4225 920 4284 venerint
947 4224 1069 4283 minime
1097 4222 1293 4303 praecedente
1315 4238 1385 4283 ven-

91 4335 171 4387 turo.
215 4330 382 4389 eommunis
408 4330 500 4388 etiam
527 4330 560 4388 in
587 4326 683 4387 modis
710 4326 785 4387 baec
813 4324 963 4386 subtilitas
997 4326 1191 4404 quaestionis.
1239 4342 1308 4385 nam
1341 4322 1384 4383 ibi

1566 1423 1570 1455 l

122 4464 399 4473 -—-—....—-

160 4514 178 4562 4
194 4523 310 4579 oporteat
322 4514 355 4564 ad
371 4513 449 4563 huius
466 4514 535 4564 modi
547 4513 583 4564 B.
601 4516 641 4563 ool
657 4514 821 4577 eaeeerptoris
838 4514 997 4577 neqleqentr'a
1013 4512 1053 4561 uel
1070 4510 1170 4561 librarii
1186 4524 1276 4559 errore
1294 4510 1385 4559 omissa

92 4588 132 4632 est
149 4581 293 4633 obseruatio
310 4584 343 4633 de
360 4582 564 4647 inpersonulibus
580 4583 667 4632 latinis
683 4583 710 4630 in
727 4590 768 4629 tur
782 4582 864 4644 finitis
915 4582 931 4630 6
948 4588 1007 4629 sunt
1024 4596 1070 4631 om.
1083 4578 1110 4627 B
1161 4575 1330 4643 βεβονὶεντο
1340 4576 1364 4625 Β

91 4648 299 4700 8nullatiunsB
345 4653 375 4700 11
391 4649 508 4714 eequeB
555 4652 585 4699 12
597 4647 754 4711 Latinorum]
767 4648 854 4698 latoris
865 4664 932 4699 corr.
946 4646 1073 4697 latiorisB
1091 4646 1154 4695 Latii
1166 4647 1217 4695 oris
1230 4646 1312 4695 editor
1322 4646 1384 4693 Vin-

92 4718 246 4768 dodonem
295 4719 328 4768 15
339 4719 443 4768 admisit
458 4734 527 4768 corr.
539 4717 649 4767 admittit
659 4716 685 4764 B
731 4718 762 4767 17
774 4717 878 4765 iunctim
896 4717 961 4765 binis
975 4716 1080 4765 eandem
1092 4713 1383 4765 editorVindoboaensis

92 4786 173 4835 iuneti
187 4786 251 4835 binio
264 4786 353 4835 eadem
366 4786 392 4835 B
448 4788 482 4835 24
493 4790 584 4836 ἱοσιιπα
600 4800 673 4851 quum
691 4785 802 4835 indum
817 4785 930 4849 definitio
949 4791 1087 4848 temporum
1104 4783 1213 4849 optativi
1230 4782 1328 4832 occcidit

92 4857 127 4905 34
138 4854 221 4903 meret
232 4854 301 4903 unde
313 4870 382 4907 οοιτ.
395 4855 477 4904 lueret
489 4862 517 4904 ut
528 4854 588 4903 inde
599 4853 626 4902 B
693 4854 727 4903 85
739 4854 866 4918 coepisset
878 4852 904 4901 B

1114 4932 1182 4997 41*
