3350 5442
576 362 812 427 COMMENTVM
1193 396 1195 399 ·
1316 362 1357 427 99
1427 354 1428 357 ¹

1198 486 1218 527 p.
1232 475 1295 515 9-11
1309 472 1332 514 1.

89 552 234 614 dividuntur
255 553 463 631 principaliter
484 554 514 612 iu
538 550 611 613 duas
632 559 747 631 partes,
770 554 801 613 in
815 552 932 615 vocales
946 562 975 613 et
989 553 1020 613 iu
1036 546 1241 615 consonantes.
1276 556 1358 633 ipsae

89 659 144 716 len
169 661 363 727 consonantes
389 654 561 715 dividuntur
588 656 618 713 in
648 654 721 715 duas
743 663 856 733 partes,
880 656 911 715 in
934 654 1125 717 semivocales
1148 663 1177 715 et
1199 657 1229 716 in
1251 664 1356 717 mutas.

88 776 143 835 ergo
162 756 233 815 duae
254 764 324 817 sunt
346 758 460 836 primae
481 764 596 834 partes,
620 755 735 817 vocales
758 764 788 815 et
809 766 1015 817 consonantes.
1052 759 1077 817 si
1100 776 1160 819 non
1182 765 1251 817 suat
1273 776 1358 819 voca-

87 861 129 925 les,
155 865 348 919 consonantes
368 866 450 926 sunt;
479 861 505 919 si
527 876 586 918 uon
609 866 681 919 sunt
700 867 911 929 consonantes,
941 857 1056 919 vocales
1077 866 1155 919 sunt.
1199 862 1269 919 item
1294 861 1357 920 lieri

71 965 262 1019 arousouantes
283 959 395 1039 duplici
410 960 499 1021 modo
521 962 640 1021 scimus.
671 967 722 1021 aut
744 962 824 1020 enim
848 957 851 1038 Ι
875 960 1066 1021 semivocales
1088 968 1157 1021 sunt
1178 968 1227 1021 aut
1249 968 1355 1022 mutae.

86 1064 131 1121 sire
150 1062 224 1121 enim
247 1060 439 1122 semivocales
461 1064 520 1122 sint
541 1063 602 1121 sive
624 1068 737 1131 rarutae,
761 1081 821 1124 uno
845 1064 965 1123 nomine
989 1070 1183 1124 consonantes
1206 1063 1356 1142 appellan-

87 1176 131 1224 tur.
172 1162 318 1224 videamus
348 1182 419 1242 ergo
448 1182 524 1243 qnae
552 1174 621 1223 suut
646 1164 778 1234 vocales,
802 1182 877 1243 quae
900 1165 1111 1233 consonantes,
1136 1182 1210 1244 quae
1233 1166 1357 1225 semivo-

86 1266 160 1333 cales,
182 1284 255 1344 quae
278 1274 388 1327 mutae.
433 1266 484 1326 sed
508 1268 590 1346 prius
612 1265 779 1326 delinienda
801 1274 848 1347 est
868 1267 929 1344 ipsa
953 1264 1060 1328 littera.

151 1369 209 1428 Vox
236 1367 346 1429 dicitur
373 1369 513 1448 quicquid
541 1370 689 1437 sonuerit,
719 1370 780 1429 sive
807 1370 950 1448 strepitus
978 1371 1017 1429 sit
1043 1371 1159 1439 ruinae,
1194 1369 1254 1429 sive
1276 1369 1474 1440 lluvii519,1a

61 1472 226 1539 recurrentis,
253 1470 317 1530 sive
338 1489 394 1530 vox
415 1478 532 1540 nostra,
560 1472 621 1531 sive
644 1472 773 1548 mugitus
796 1469 900 1532 boum:
929 1472 1026 1533 omnis
1049 1490 1139 1533 sonus
1162 1490 1216 1532 vox
1238 1471 1356 1531 elicitur.

85 1590 168 1633 rerum
194 1572 262 1653 bae⁴
278 1570 355 1633 duae
383 1581 454 1634 sunt
482 1580 595 1653 partes,
625 1572 779 1633 articulata
808 1581 838 1634 et
865 1574 996 1635 conlusa.
1041 1572 1194 1635 articulata
1226 1581 1271 1633 est
1303 1591 1358 1633 vox

87 1692 147 1750 auae
166 1682 263 1753 potest
284 1674 391 1743 scribi;
414 1683 447 1735 ut
470 1693 539 1735 ecce
560 1674 617 1735 hoc
640 1676 738 1753 ipsum
760 1674 838 1754 quod
862 1675 923 1736 dixi
944 1683 1043 1754 potest
1065 1676 1165 1739 scribi.
1197 1674 1264 1735 ideo
1287 1676 1357 1735 arti·

86 1775 162 1836 rulata
183 1776 258 1835 dicta
283 1784 341 1845 est,
365 1775 444 1853 quod
467 1784 566 1855 potest
588 1775 712 1838 articulo
735 1776 836 1837 scribi.
875 1784 956 1840 artus
977 1778 1056 1837 euim
1079 1776 1203 1838 dicimus
1225 1776 1357 1837 membra

85 1880 190 1947 maiora,
212 1876 355 1939 articulos
376 1875 492 1939 minora
513 1878 648 1939 membra
670 1881 701 1939 ia
724 1881 806 1939 omni
828 1896 965 1958 corpore.
1009 1878 1083 1940 nihil
1105 1878 1224 1940 brevius
1247 1878 1356 1955 digitis.

60 1980 177 2040 uidrlrco
197 1977 350 2040 articulata
373 1998 429 2040 vox
451 1980 529 2042 dicta
553 1989 612 2052 est,
637 1980 714 2061 quod
738 1988 835 2060 potest
858 1980 988 2041 articulis
1010 1980 1224 2061 conprehendi.
1259 1980 1357 2058 digitis

84 2090 164 2141 autem
190 2090 333 2142 tenemus
352 2081 490 2143 calamos.
535 2083 603 2143 ideo
632 2100 704 2161 ergo
732 2081 840 2144 dieitur
868 2102 924 2143 vox
952 2082 1119 2152 articulata,
1154 2082 1232 2162 rpuod
1260 2090 1358 2161 potest

84 2183 193 2244 aurulis
219 2182 321 2244 scribi.
366 2184 487 2245 conlusa
514 2183 564 2246 illa
592 2185 698 2245 dicitur
725 2202 796 2253 vox,
827 2203 903 2264 quae
931 2202 991 2245 noa
1019 2192 1118 2265 potest
1139 2184 1262 2246 articulo
1285 2202 1357 2244 con·

83 2284 223 2362 prehendi,
251 2292 285 2345 ut
313 2294 383 2365 puta
410 2288 538 2363 mugitus
565 2286 671 2356 boum,
704 2286 866 2365 digitorum
899 2288 1022 2347 sonitus.
1068 2305 1140 2365 ergo
1173 2286 1291 2347 litterae
1320 2286 1357 2347 ad

85 2403 155 2462 auam
179 2404 281 2446 vocem
308 2388 479 2466 pertinent?
506 2388 542 2450 ad
571 2389 710 2449 omnem?
737 2406 807 2449 uon.
845 2388 881 2449 ad
910 2388 1061 2450 confusam
1090 2389 1258 2469 pertinenti
1286 2406 1355 2457 non,

57 2487 127 2547 used
145 2487 177 2547 ad
198 2487 383 2549 articulatam
407 2492 568 2568 pertinent.
598 2492 662 2569 ipsa
685 2489 781 2552 littera
798 2508 874 2570 quae
896 2508 965 2569 pars
988 2493 1066 2551 vocis
1089 2488 1276 2551 articulatae?
1299 2492 1357 2551 ima

84 2598 108 2648 et
125 2591 282 2671 novisima.
327 2609 396 2651 nam
422 2610 479 2651 vox
507 2600 551 2653 est
578 2592 717 2671 quicquid
745 2591 908 2672 loquimur,
937 2600 969 2652 ul
997 2600 1066 2671 puta
1089 2594 1113 2654 si
1137 2593 1217 2654 dicas
1240 2598 1357 2653 ‘orator

84 2692 201 2751 renitet
228 2692 358 2752 docuit’.
403 2700 501 2771 potest
528 2702 627 2754 umen
655 2702 686 2755 et
707 2694 794 2763 solvi,
823 2701 937 2764 orator,
962 2696 1055 2763 venit,
1081 2704 1123 2764 et,
1148 2694 1261 2755 docuit:
1287 2713 1357 2755 ecee

84 2791 178 2853 solvisti
198 2796 361 2854 orationem
382 2796 413 2855 iu
436 2794 536 2855 verba.
573 2804 659 2875 potes
679 2796 743 2875 ipsa
767 2795 856 2857 verba
879 2794 993 2857 solvere
1015 2798 1045 2857 in
1069 2794 1194 2875 syllabas
1216 2816 1234 2856 0
1257 2804 1286 2857 et
1308 2815 1355 2864 ra;

83 2901 154 2971 potes
176 2897 267 2973 ipsam
295 2894 439 2974 syllabam
465 2896 581 2957 solvere
610 2898 640 2957 in
669 2896 791 2958 litteras.
837 2897 979 2977 numquid
1007 2905 1092 2978 potes
1112 2900 1206 2977 ipsam
1228 2898 1357 2959 litteram

56 2994 180 3056 ascivere
208 2996 212 3077 l
240 2997 385 3059 ulterius?
418 3015 605 3077 nequaquam
637 3008 731 3079 potes.
777 3016 850 3077 ergo
883 3006 1007 3080 propter
1040 3000 1093 3060 has
1120 3019 1170 3061 res
1196 3018 1269 3081 quas
1297 3001 1357 3061 dixi

82 3116 171 3157 onnes
190 3097 254 3158 vide
282 3106 313 3158 et
340 3097 542 3160 definitionem
566 3102 687 3170 bonati,
718 3101 832 3163 ‘littera
856 3103 926 3182 quid
950 3104 1012 3163 esti
1042 3121 1112 3181 pars
1135 3104 1254 3164 minima
1277 3105 1358 3163 vocis

83 3198 263 3259 articulatae'.
308 3200 382 3261 dicit
410 3200 525 3263 ‘littera
554 3211 694 3281 estpars
722 3204 845 3264 minima
874 3206 979 3265 vocis’.
1026 3206 1134 3282 quare?
1172 3204 1251 3285 quud
1280 3204 1357 3266 ultra

81 3300 162 3377 ipsam
181 3320 342 3382 numquam
364 3302 496 3364 solvitur.
542 3304 599 3366 boc
622 3312 721 3366 autem
744 3305 870 3366 dicendo
894 3307 992 3366 ‘vocis
1015 3307 1204 3368 articulatae'
1228 3306 1357 3367 ostendit

82 3412 179 3463 asscel
196 3402 318 3464 alteram
339 3406 495 3467 contusam
518 3414 554 3467 et·
569 3425 629 3467 non
651 3426 738 3486 posse
761 3406 885 3468 articulo
908 3408 1121 3487 conprehendi.
1154 3416 1183 3468 et
1205 3409 1276 3468 dicit
1298 3410 1354 3469 iam
1368 3420 1457 3483 tant

56 3506 191 3579 :primaru
221 3506 409 3575 divisionem,
443 3507 629 3569 ‘litterarum
662 3508 738 3570 aliae
766 3492 836 3570 suut
864 3509 992 3580 vocales,
1026 3511 1100 3571 aliae
1130 3515 1354 3573 consonantes'.

82 3604 228 3667 lucrorum
248 3609 345 3687 prima
367 3608 472 3669 divisio
493 3610 548 3669 ista
573 3616 630 3678 est,
654 3610 770 3671 vocales
790 3612 930 3673 dicuntur
953 3621 982 3673 et
1003 3621 1209 3675 consonantes.
1240 3613 1356 3675 vocales

139 3878 155 3928 3
170 3894 228 3945 ergo
247 3881 313 3931 darae
335 3891 393 3931 snut
410 3881 509 3947 primae
525 3891 610 3948 partes
627 3884 702 3934 BGa
716 3898 778 3949 ergo
796 3886 895 3949 primae
910 3892 968 3935 suat
985 3884 1049 3935 duae
1066 3894 1151 3952 partes
1168 3888 1191 3939 Α
1211 3902 1271 3951 ergo
1291 3888 1355 3937 duae

82 3948 166 4009 pomae
179 3959 263 4015 partes
279 3960 340 3999 sunt
359 3952 384 4001 L
435 3954 457 4000 si
477 3967 527 4001 rann
545 3965 604 4002 sunt
621 3954 724 4003 vineales
738 3963 908 4004 consonantes
926 3964 984 4004 sunt
1002 3956 1025 4004 si
1042 3972 1091 4006 nou
1107 3966 1166 4005 strat
1184 3966 1354 4007 consonantes

83 4017 284 4071 0001000ιο01,
297 4021 327 4071 si
347 4036 396 4071 uon
418 4032 478 4072 suot
495 4033 664 4073 consonantes
675 4024 785 4073 uocales
803 4033 863 4074 sunt
882 4026 905 4073 si
921 4040 970 4074 uon
991 4036 1050 4075 sunt
1068 4028 1169 4077 uocales
1187 4040 1355 4076 consonantes

82 4098 130 4134 sunt
145 4089 170 4137 A
186 4090 208 4137 si
225 4105 274 4140 uon
293 4101 352 4139 sunt
370 4103 539 4143 munerantes
559 4094 661 4143 uocales
678 4102 736 4141 sunt
756 4094 780 4143 B
787 4096 809 4145 G
877 4095 892 4142 7
910 4095 1045 4144 uideamus
1063 4110 1124 4162 ergo
1147 4112 1212 4161 quae
1232 4106 1290 4147 suat
1307 4111 1354 4145 00-

82 4158 139 4207 rales
160 4172 221 4221 quae
239 4171 408 4211 consonantes
433 4177 498 4224 quae
518 4163 685 4212 semiuocales
703 4178 768 4227 quae
788 4163 893 4223 mutual
914 4164 951 4215 De
969 4180 1031 4216 uoce
1050 4174 1075 4215 et
1092 4168 1176 4215 littera
1191 4175 1194 4229 Ι
1211 4166 1263 4216 Sed
1282 4167 1354 4229 prius

83 4226 208 4277 lelaieada
224 4240 263 4280 est
281 4232 340 4295 ipsa
357 4245 409 4281 uox
420 4234 482 4294 quid
500 4243 538 4281 est
552 4233 601 4283 hoc
619 4248 670 4282 raox
688 4233 782 4282 dicitnr
797 4236 833 4284 L:
852 4235 984 4285 videamus
999 4263 1028 4272 -
1042 4246 1212 4285 consonantes
1226 4252 1272 4288 cm,
1285 4235 1357 4285 ABG

140 4300 171 4348 12
186 4310 211 4347 ut
227 4315 286 4350 ecce
304 4300 354 4351 hoe
370 4303 454 4366 ipsum
468 4302 537 4366 quod
556 4304 610 4353 dixi
631 4311 715 4368 potest
731 4305 808 4353 scribi
821 4313 883 4367 post
900 4305 1005 4355 articulo
1024 4306 1102 4355 scribi
1116 4305 1209 4356 habeut
1228 4306 1284 4355 AL

85 4364 108 4413 13
119 4383 185 4417 arras
207 4372 272 4419 enirn
291 4370 401 4420 dicimus
424 4373 538 4421 membra
561 4375 658 4423 maiora
679 4372 800 4423 articulos
821 4376 919 4424 minora
942 4377 1055 4425 membra
1072 4376 1099 4423 iu
1118 4377 1186 4425 omni
1206 4390 1311 4442 corpore
1331 4375 1355 4423 L

84 4446 139 4485 araus
161 4439 266 4489 dicimus
286 4442 388 4490 minora
411 4442 571 4504 (maioraB)
590 4443 703 4492 membra
726 4443 751 4491 iu
778 4446 847 4494 omui
869 4459 974 4510 corpore
998 4446 1081 4495 Aac
1151 4447 1183 4496 18
1201 4441 1351 4510 digitorum]

85 4519 199 4557 neutrum
217 4510 252 4558 L:
270 4511 387 4573 sortasse
405 4514 516 4577 crepitus
533 4513 686 4579 digitorum,
705 4514 804 4564 sonitus
818 4523 951 4565 uentorum
1021 4514 1056 4564 20
1075 4512 1232 4581 articulatae]
1254 4516 1353 4564 articuli

85 4576 127 4625 AC
174 4580 207 4627 24
221 4589 294 4645 potes
309 4582 406 4646 (potest
417 4581 456 4643 B)
475 4584 557 4647 ipsam
576 4583 676 4634 soluere
691 4584 718 4632 in
733 4583 829 4634 litteras
839 4584 890 4634 BC
905 4593 998 4649 potes.
1014 4620 1020 4633 .
1034 4586 1108 4649 ipsa.
1123 4586 1220 4650 (potest
1238 4588 1294 4650 ipsi
1307 4584 1354 4647 n*)

84 4646 168 4696 maere
185 4648 209 4697 iu
228 4651 324 4700 litteras
342 4650 368 4699 A
383 4660 518 4716 potuemut
535 4654 607 4717 ipsae
623 4652 690 4703 solui
704 4653 729 4700 iu
749 4654 848 4703 litteras
866 4656 890 4703 L
962 4655 1086 4717 numquid
1103 4666 1177 4719 potes
1193 4655 1216 4703 B
1232 4656 1354 4718 numquid

85 4726 151 4775 Μ
169 4718 248 4769 Arc
318 4720 354 4769 28
372 4720 421 4770 boc
439 4731 523 4771 atatem
544 4722 653 4773 dicendo
673 4722 742 4771 uocis
764 4723 912 4773 articulatae
931 4724 957 4773 L
975 4724 1023 4773 hcc
1041 4725 1149 4774 diceudo
1170 4740 1221 4774 uox
1239 4734 1277 4775 est
1294 4726 1355 4772 arti-

84 4786 150 4834 culata
165 4788 245 4838 ABG
312 4788 348 4840 29
365 4799 390 4840 et
410 4790 472 4840 dicit
490 4792 540 4841 iam
560 4792 747 4842 Lindemaaaus
765 4802 790 4842 et
808 4792 900 4843 diuidit
918 4794 968 4843 iam
987 4794 1072 4845 ABG
1087 4803 1112 4843 et
1130 4795 1223 4845 diuidit
1243 4795 1311 4844 illam
1330 4794 1355 4841 L

136 4858 169 4909 dl
187 4859 321 4911 litterarum
339 4859 443 4911 uocales
460 4862 579 4915 dicuntur
596 4871 620 4913 et
634 4872 804 4913 consonantes
820 4864 903 4930 prima
920 4864 1013 4917 diuisis
1031 4865 1079 4915 ista
1098 4872 1136 4915 est
1150 4864 1246 4925 ABG,
1265 4880 1312 4915 ora.
1330 4865 1354 4915 L

1109 4950 1153 5015 7*
