3350 5442
649 346 720 408 lits
1293 350 1335 412 41

1143 469 1164 510 p.
1178 459 1273 499 laneat
1287 457 1310 498 l'.

68 536 149 606 neutri,
174 539 228 594 ‘et
251 540 360 595 torno
382 533 498 596 rasile
521 533 681 594 buxum'.
707 542 736 595 et
757 533 852 595 buxus
875 534 961 606 buxi,
985 554 1044 617 quo
1066 536 1153 597 ιιιοιΙο
1176 540 1336 617 pampinus

66 631 265 719 pampinil-
294 636 386 696 Sunt
409 639 519 699 etiam
546 654 684 715 genera
714 639 899 698 nominum
926 638 1014 712 lixa,
1044 647 1132 700 sunt
1163 639 1434 716 mobilia23to,1

67 740 252 818 quaemoreri
273 757 333 800 nou
354 746 488 819 possunt.
512 774 553 782 -
581 739 704 800 Genus
731 738 840 800 flecti
873 758 943 800 non
976 748 1150 820 possunt:
1186 759 1253 803 nam
1281 756 1364 803 neca

66 840 239 903 masculinum
258 840 293 902 de
310 860 342 902 se
357 843 469 902 iaciunt
483 860 538 902 nec
555 849 709 911 neutrum,
732 841 825 902 irater
840 849 934 923 pater.
961 877 994 885 -
1023 841 1174 903 Mobilis
1198 853 1334 905 autem:
1349 859 1365 906 3

48 943 164 1006 innobilis
192 951 261 1004 suut
288 962 364 1024 quae
391 946 422 1004 in
451 943 577 1006 alterum
604 962 697 1023 genus
724 951 880 1006 transeunt
910 951 939 1004 et
968 944 1004 1005 de
1032 943 1204 1006 masculinis
1226 946 1338 1006 iaciunt

64 1048 200 1116 lominum,
224 1043 320 1106 malus
342 1045 418 1107 mala
441 1045 559 1108 malum.
588 1081 622 1090 -
647 1047 739 1108 Sunt
766 1048 853 1108 item
877 1045 948 1108 alia
972 1048 1095 1115 necin
1117 1054 1234 1109 totum
1261 1048 1365 1110 lixa5

64 1149 169 1210 necin
190 1154 309 1209 totum
332 1147 500 1220 mobilia,
525 1148 577 1210 sed
601 1165 636 1208 ex
658 1155 743 1228 parte
765 1149 836 1218 lira,
860 1157 899 1210 nt
921 1148 1035 1210 draco
1058 1149 1255 1222 dracaena,
1279 1149 1336 1210 leo

64 1251 188 1311 leaena:
212 1269 274 1312 non
296 1250 368 1312 lacit
389 1250 486 1312 draca.
524 1250 598 1312 haec
613 1252 669 1312 fixa
685 1269 750 1312 esse
766 1270 826 1312 non
841 1257 978 1332 possunt,
1003 1253 1071 1332 quia
1086 1251 1154 1313 licet
1170 1270 1230 1312 uon
1245 1263 1336 1320 recte,

64 1361 145 1413 tanen
164 1352 279 1413 iaciunt
301 1354 451 1414 feminina.
483 1353 605 1415 mobilia
629 1351 738 1435 [certa]
763 1373 823 1414 non
851 1363 935 1424 sunt,
966 1356 1033 1433 quia
1061 1372 1122 1415 non
1151 1355 1263 1415 iaciunt
1285 1372 1338 1415 rex

36 1472 54 1509 n
65 1475 132 1534 rega,
153 1453 248 1534 gallus
270 1453 362 1534 galla,
385 1474 445 1535 quo
468 1454 556 1516 modo
572 1455 678 1517 doctus
693 1456 788 1517 docta.
809 1455 861 1517 sed
878 1457 994 1518 ethaeo
1010 1456 1056 1518 lea
1071 1456 1193 1517 dicitur:
1218 1454 1338 1518 Ovidius

61 1557 125 1618 libro
144 1565 250 1635 quarto
271 1557 544 1638 Metamorphoseos
1180 1541 1185 1553 ⁸

194 1667 234 1721 ut
255 1659 312 1720 lea
336 1679 443 1722 saeva
465 1661 567 1721 sitim
589 1660 704 1722 multa
726 1662 959 1740 compescuit
981 1660 1086 1722 unda.

62 1763 127 1823 llaec
147 1764 176 1822 in
198 1761 375 1824 diminutivo
396 1780 491 1842 genus
513 1770 643 1833 mutant,
667 1782 738 1825 acus
761 1763 858 1833 acula,
883 1763 940 1824 hoc
955 1770 1072 1824 scutum
1091 1759 1097 1846 Ι
1117 1763 1192 1825 haec
1206 1762 1366 1833 scutellat

63 1867 108 1925 loc
127 1866 282 1945 pistrinum
305 1865 379 1926 haec
401 1863 539 1946 pistrilla,
565 1864 613 1926 liic
637 1865 762 1928 ethaeo
784 1866 867 1926 canis
890 1873 919 1926 et
940 1865 1016 1926 haec
1037 1864 1179 1927 canicula.

35 1982 52 2019 1⁵
131 1967 266 2028 Nomen
298 1969 335 2027 in
368 1986 384 2028 a
413 1966 577 2028 vocalem
610 1967 786 2028 desinens
818 1969 1047 2029 nominativo
1079 1985 1166 2028 casn
1194 1968 1385 2032 uumeriro

61 2068 249 2148 singularis
278 2077 340 2130 aut
368 2070 611 2132 masculinum
641 2077 709 2141 est,
739 2081 777 2130 ut
805 2071 983 2149 Agrippa,
1002 2077 1074 2130 >ant
1101 2070 1336 2138 femininum,

60 2181 91 2231 nt
108 2172 254 2242 llarcia,
278 2181 339 2232 aut
361 2179 546 2242 neutrum,
570 2179 607 2233 ut
629 2179 809 2234 toreuma:
833 2191 850 2232 a
874 2173 1031 2233 terminata
1046 2178 1160 2233 tantum
1176 2172 1338 2233 masculina

61 2283 83 2333 et
99 2276 234 2336 lerninina
258 2280 329 2335 sunt
347 2271 381 2334 'et
403 2271 589 2358 comllmunia
603 2264 694 2335 latina
701 2293 709 2342 ;
733 2283 838 2334 neutra
861 2291 932 2334 vero
955 2292 1062 2352 graeca
1084 2281 1199 2334 tantum
1214 2286 1342 2354 possunt

61 2379 180 2456 reperiri.
218 2375 381 2437 notandum
411 2376 490 2458 quod
519 2396 535 2438 a
562 2379 720 2438 terminata
744 2378 863 2438 nomina
885 2378 1004 2455 generis
1026 2375 1183 2438 masculini
1204 2376 1339 2437 feminini

34 2485 84 2536 not
112 2481 273 2540 communis
307 2481 421 2559 primae
452 2479 658 2541 declinationis
687 2481 761 2550 sint,
794 2480 895 2541 neutri
923 2480 1090 2541 tertiae-
1120 2478 1189 2539 Sed
1217 2485 1339 2540 tamen
1354 2494 1385 2542 12

61 2599 232 2658 graecum:
267 2583 335 2658 quia
363 2580 486 2644 latinum
514 2600 575 2643 nou
603 2583 717 2642 invenis
745 2601 762 2642 a
790 2583 991 2642 terminatum.
1023 2616 1060 2624 -
1089 2579 1230 2641 Nomen
1257 2582 1293 2641 in
1324 2600 1340 2640 e

61 2681 207 2744 vocalem
237 2683 430 2745 desinens:
461 2704 477 2746 e
500 2686 614 2746 finitum
636 2683 707 2744 duo
738 2701 849 2762 genera
872 2691 987 2744 tantum
1010 2683 1133 2762 excipit,
1163 2682 1339 2743 femininum

61 2795 84 2845 et
102 2795 244 2847 neutrum.
268 2819 310 2830 —-
331 2786 402 2870 ldeo
424 2805 544 2864 graeca,
569 2788 636 2868 quia
658 2785 748 2848 latina
770 2805 932 2866 numquam
955 2803 976 2845 a
998 2786 1197 2846 terminantur
1219 2791 1337 2846 neutra.

60 2887 102 2948 sed
126 2889 315 2950 inveniuntur
343 2888 485 2964 barbara,
514 2895 547 2951 nt
573 2887 694 2968 llnlmen
717 2888 806 2949 Turia
835 2887 881 2947 vel
911 2888 976 2949 alia.
999 2921 1042 2932 -
1057 2887 1161 2949 Ostrea
1184 2888 1209 2948 si
1225 2888 1340 2966 primae

33 2989 253 3052 susurrationis
268 2991 371 3062 luerit,
395 2993 471 3052 sicut
486 2992 579 3066 llusa,
603 2991 746 3052 feminino
763 3008 873 3068 genere
889 2988 1099 3066 declinabitur,
1124 2997 1168 3050 nt.
1179 2989 1216 3050 ad
1231 2989 1339 3051 animal

59 3093 226 3162 lateranum
249 3094 275 3153 si
291 3093 327 3154 ad
344 3100 466 3164 testam,
491 3081 622 3156 ostreum
638 3093 797 3154 dicendum
813 3100 858 3154 est
872 3102 979 3154 neutro
994 3111 1103 3171 genere
1125 3100 1154 3153 et
1174 3092 1212 3152 ad
1231 3110 1339 3154 secun·

60 3194 115 3254 dam
129 3194 371 3267 declinationem,
396 3203 429 3257 ut
444 3199 482 3258 sit
496 3197 584 3258 huius
600 3197 705 3266 ostrei,
722 3195 792 3258 huic
808 3203 922 3270 ostreo,
940 3197 1007 3272 qnia
1023 3194 1094 3255 dicit
1108 3196 1203 3255 Varro
1225 3193 1337 3254 nnllam

60 3315 111 3358 rem
126 3297 282 3360 animalem
300 3307 408 3360 neutro
424 3318 535 3378 genere
551 3297 703 3360 declinari.
721 3318 740 3354 a
762 3298 814 3359 sed
829 3297 964 3368 latinum,
980 3305 1014 3358 ut
1028 3295 1130 3357 sedile.
1148 3297 1340 3358 —Nomen

59 3400 88 3457 in
116 3401 125 3458 i
156 3399 323 3460 vocalem
357 3400 535 3462 desinens
570 3419 657 3462 casu
689 3400 919 3461 nominativo
954 3400 1097 3460 numeri
1133 3398 1384 3478 singularislt

36 3510 110 3560 eant
129 3510 304 3588 neutrum
326 3521 498 3582 graecum
522 3509 589 3574 est,
620 3510 658 3564 ut
679 3504 801 3582 sinapi
828 3504 979 3581 gummi:
1008 3509 1121 3563 tantum
1144 3508 1339 3581 monoptoton

63 3603 152 3682 excipit
168 3603 213 3666 rel
229 3613 361 3685 aptoton.
378 3639 421 3649 -
442 3606 563 3666 Trium
586 3622 762 3684 generum
786 3613 844 3666 est
865 3612 1033 3685 aptoton,
1056 3611 1095 3666 ut
1116 3603 1232 3682 lrugi:
1257 3610 1339 3685 apto-
1353 3612 1385 3660 16

38 3824 41 3832 ·
117 3793 499 3845 ron.Bern.V18*-vl12.
575 3794 694 3844 ltornor
712 3793 783 3860 asyle
800 3807 868 3842 corr.
882 3792 934 3842 -lae
1002 3791 1124 3842 dnoueri
1195 3791 1340 3842 dmouilia·

62 3865 179 3912 mmouilin
198 3873 260 3914 sunt
325 3864 437 3914 idraco
457 3863 567 3913 dracena
586 3863 626 3913 leo
647 3863 719 3912 leenu
784 3860 885 3929 lutea]
906 3863 955 3912 heu
1011 3863 1041 3912 11
1062 3861 1270 3912 metamorloseos

64 3931 88 3980 15
103 3934 218 3984 desinens
234 3949 280 3984 reu
300 3935 456 3985 nominatino
475 3949 549 3984 casus
567 3933 708 4000 singularis
761 3932 793 3984 lll
811 3934 920 3999 agrippa
933 3941 961 3981 ut
980 3930 1129 3982 femininum
1188 3931 1220 3982 11
1240 3947 1340 3981 muscu-

64 3998 103 4049 lira
119 4001 239 4052 leminina
311 4004 345 4055 18
363 4006 440 4054 latina
458 4013 483 4053 et
498 4013 586 4054 neutra
604 4018 769 4070 graecauero
787 4018 880 4068 graeca
952 4000 983 4053 19
998 4002 1123 4069 repperiri
1193 4001 1340 4051 masculinis

117 4071 148 4122 ‘20
164 4073 256 4122 tertiae
274 4075 334 4137 qnia
353 4074 457 4124 latinum
478 4089 526 4123 non
545 4075 646 4124 inuenio
662 4089 677 4122 a
693 4074 854 4123 terminatum
867 4073 913 4122 sed
932 4081 1013 4121 temen
1031 4086 1153 4138 graecum
1172 4086 1265 4121 nomen
1282 4071 1307 4119 in
1327 4087 1341 4119 e

117 4143 234 4192 illinita
304 4142 339 4194 23
352 4141 385 4210 et]
404 4159 461 4195 cnm
532 4159 607 4193 eom.
678 4146 712 4194 24
727 4144 807 4193 truria
877 4144 955 4192 ostria
1024 4142 1236 4194 manuninum
1306 4141 1340 4191 26

65 4211 132 4261 sicud
148 4221 241 4262 testam
256 4214 362 4264 ostrium
415 4211 632 4278 maurensem]
652 4213 716 4264 sicul
735 4214 797 4263 ostri
850 4211 942 4262 dicitur
960 4227 1035 4262 uarro
1106 4210 1140 4263 29
1158 4211 1278 4261 desinens
1296 4217 1340 4260 eut

66 4295 159 4401 reatrpm
179 4291 298 4332 nentnnn
317 4294 356 4333 est
374 4293 402 4333 ut
418 4284 505 4333 -uel
524 4293 627 4348 aptoton
645 4299 720 4334 casus
740 4283 890 4333 nominatim
909 4283 1048 4349 singularis
1066 4285 1142 4332 trium
1195 4280 1230 4333 31)
1246 4281 1341 4331 cummi

135 4353 147 4404 l
161 4353 224 4420 frigi

118 4509 170 4559 let
183 4505 269 4576 torno]
296 4509 477 4574 Verageorp.
491 4509 513 4558 ll
528 4509 580 4560 4411
650 4507 666 4557 9
684 4505 787 4557 mobilia
800 4515 867 4558 cene
879 4521 929 4556 non
944 4516 1003 4557 sunt
1023 4506 1154 4558 raanan
1225 4506 1255 4556 11
1277 4505 1340 4556 libro

70 4575 145 4644 anno]
164 4597 189 4632 ιι.
209 4577 262 4630 102
352 4581 386 4628 25
405 4581 437 4628 ad
456 4581 571 4628 animans
590 4577 723 4630 Putecltias
811 4578 845 4627 27
869 4578 995 4628 Varronis
1011 4585 1172 4642 praeceptam
1193 4577 1230 4625 ad
1252 4575 1340 4627 libram

69 4647 193 4700 utem
211 4651 244 4699 de
260 4651 348 4714 lingna
366 4649 461 4700 Latina
477 4651 572 4700 rettulit
594 4649 732 4700 Wilananna
746 4648 779 4698 de
793 4649 873 4698 Varr.
890 4647 949 4698 libr.
965 4663 1067 4712 pranan.
1086 4663 1113 4709 p.
1130 4645 1163 4697 32
1181 4654 1205 4696 et
1222 4645 1285 4696 151:
1302 4646 1338 4707 cs.

71 4715 123 4777 Stra.
140 4721 245 4782 explan.
263 4722 290 4770 in
309 4721 375 4770 Don-
389 4736 417 4784 p.
439 4720 498 4783 492,
518 4719 551 4770 37
569 4735 624 4784 sqq.
697 4717 731 4769 28
749 4719 794 4767 sed
813 4719 917 4767 latinum
936 4727 963 4766 ut
981 4717 1063 4767 sedile
1078 4717 1115 4767 ad
1130 4732 1162 4767 aa
1180 4730 1244 4780 quac
1259 4730 1340 4778 cupra

71 4789 116 4837 all
127 4789 156 4840 de
173 4793 270 4842 narnate
286 4793 313 4841 in
328 4807 343 4840 e
360 4791 468 4842 vocalem
486 4783 615 4840 minente
629 4789 698 4839 dicta
715 4796 774 4838 cunt
789 4789 927 4850 pertinent.
946 4789 1044 4839 videtur
1062 4795 1142 4838 natm
1158 4786 1290 4837 adnotatio
1308 4785 1340 4836 de

69 4855 166 4914 tenum
180 4861 286 4926 graecia
303 4860 438 4913 candace.
459 4875 539 4926 qnare
555 4861 669 4912 lacunam
686 4859 795 4912 indicavi
