3350 5442
515 388 565 450 DE
587 388 711 452 DVBllS
733 388 942 450 NOlllNlBVS
1310 385 1373 451 569

83 581 153 634 tum
181 594 247 636 non
274 579 340 651 est,
369 579 478 636 tamen
504 595 609 658 pauca
637 573 758 654 dicam,
786 582 961 659 propterea
988 570 1076 657 quod
1109 593 1148 635 ea
1176 571 1217 635 de
1246 593 1282 636 re
1311 594 1375 636 non

85 682 173 737 recte
200 673 339 736 iudicari
366 695 387 736 a
416 695 482 737 non
508 673 606 738 nullis
633 675 713 738 viris
742 673 847 739 doctis
870 671 979 737 video.
1021 695 1097 736 nam
1119 673 1271 759 quoniam
1293 671 1376 737 illud

84 775 193 858 egisse
219 775 411 860 scriptorem
444 775 595 860 adparet,
629 785 667 840 ιιι
697 796 819 859 genera
845 776 1013 841 nominum
1043 775 1208 854 definiret,
1242 796 1307 860 qua
1335 773 1375 837 de

84 898 186 939 causa
208 886 240 940 et
262 876 296 939 in
311 875 499 941 Monacensi
514 877 625 942 codice
641 877 846 962 inscriptioni
861 883 900 941 de
920 882 1018 942 dubia
1038 881 1206 941 nominibus
1227 877 1374 940 additum

84 988 134 1041 est
162 985 247 1042 cutus
272 986 392 1056 pencris
417 986 491 1056 slat,
517 989 549 1042 et
570 977 736 1064 Hauptius
759 990 844 1059 turn,
872 1001 946 1043 cum
975 977 1094 1042 librum
1122 977 1217 1042 initio
1247 975 1376 1041 mutila-

85 1089 153 1142 tum
176 1080 294 1160 edidit,
322 1086 360 1143 de
384 1084 545 1157 asseribus
572 1087 724 1145 nominum
746 1082 929 1166 inscripsit,
959 1080 1091 1144 fuerunt
1112 1079 1184 1164 qui,
1208 1100 1377 1165 quaecum-

85 1203 149 1266 que
171 1182 205 1244 in
228 1182 288 1244 hoc
310 1181 395 1246 libro
419 1181 541 1267 scripta
562 1191 671 1246 essent
692 1182 843 1264 nomina,
871 1181 963 1246 vario
985 1203 1105 1264 genere
1126 1190 1284 1275 usurpata
1305 1203 1377 1244 esse

85 1282 267 1347 crederent.
304 1283 424 1369 quain
446 1305 481 1347 re
505 1305 620 1349 vereor
642 1305 683 1347 ne
705 1284 801 1368 longe
824 1307 844 1347 a
865 1282 1001 1348 consilio
1022 1282 1227 1368 grammatici
1249 1282 1378 1346 aberra-

85 1386 204 1449 verint.
248 1385 389 1470 primum
417 1387 503 1448 enirn
532 1386 612 1450 satis
642 1407 780 1470 magnus
809 1396 859 1451 est
886 1385 1120 1485 vocabulopum
1147 1407 1316 1464 numerus,
1343 1384 1377 1446 in

71 1487 207 1576 ¹quibus
231 1508 297 1549 non
325 1487 365 1551 de
392 1509 509 1572 genere
532 1489 712 1574 quaeritur,
742 1485 800 1552 sed
823 1486 864 1550 de
885 1509 1037 1569 numero,
1061 1487 1137 1572 quia
1158 1485 1212 1550 vel
1235 1484 1377 1570 singula·

85 1589 167 1652 riter
194 1587 246 1652 vel
274 1587 445 1674 pluraliter
472 1599 599 1654 tantum
627 1589 726 1673 vulgo
754 1588 959 1654 dicebantur.
1004 1609 1067 1674 quo
1095 1589 1260 1674 pertinent
1286 1589 1376 1669 haec,

86 1695 184 1754 barba
205 1697 349 1769 capillum
370 1711 468 1755 cauae
493 1711 597 1756 comae
623 1699 681 1756 mel
704 1695 833 1765 Quirites
854 1697 974 1763 scalam
1003 1690 1181 1777 eodemque
1202 1691 1272 1754 iure
1294 1690 1377 1753 refe·

87 1813 194 1855 remus
222 1790 288 1855 alia
316 1791 432 1873 multa,
462 1813 599 1877 quorum
626 1815 825 1880 quamquam
852 1814 955 1877 genus
977 1790 1155 1859 indicatum
1178 1801 1243 1874 est,
1267 1801 1376 1856 tamen

87 1893 234 1958 dubitari
257 1895 370 1980 nequit
393 1894 471 1980 quin
492 1904 626 1980 propter
649 1894 911 1961 observationem
932 1895 1059 1958 numeri
1080 1903 1212 1980 recepta
1232 1895 1314 1976 sint,
1341 1902 1377 1957 ut

87 1999 178 2058 aedes
198 2015 308 2060 carcer
325 1999 514 2072 framentum
535 2003 687 2060 metallum
702 2007 832 2061 mentum
853 2002 971 2060 moenia
993 2016 1086 2060 nares
1106 2017 1178 2077 opes
1199 2002 1299 2061 odium
1318 2018 1376 2077 pa·

86 2103 247 2162 rumentum
279 2103 408 2178 sulphur
439 2105 586 2178 supellex.
631 2096 749 2161 deinde
783 2108 860 2162 sunt
887 2096 953 2161 alia
978 2097 1012 2160 in
1038 2098 1155 2184 quibus
1182 2098 1224 2162 de
1251 2098 1377 2163 ratione

87 2197 255 2263 scribendi
271 2197 450 2282 dubitatur,
473 2209 511 2264 ut
523 2204 618 2264 babae
631 2211 756 2264 carecta
778 2207 924 2265 cotamtx
945 2207 1065 2264 cortina
1086 2205 1265 2278 amolitus,
1290 2199 1377 2287 quod

86 2323 190 2385 genus
223 2309 337 2387 postea
367 2302 626 2386 praetermisisse
658 2303 788 2366 videtur
825 2301 1069 2386 grammaticus.
1115 2301 1174 2366 sed
1206 2301 1248 2367 ab
1280 2301 1377 2366 huius

86 2403 176 2467 modi
203 2402 488 2468 observationibus
516 2403 663 2488 proxime
691 2403 811 2468 absunt
839 2425 913 2485 eae,
944 2403 980 2466 in
1008 2403 1126 2491 quibus
1153 2425 1218 2467 non
1245 2411 1314 2468 tam
1337 2403 1377 2467 de

85 2507 211 2569 incerto
240 2506 335 2568 unius
363 2505 502 2568 nominis
530 2527 648 2589 genere
675 2527 773 2591 quam
801 2504 843 2568 de
869 2503 970 2568 variis
997 2503 1231 2571 vocabulorum
1264 2505 1377 2570 formis

85 2607 212 2691 agitur,
234 2615 270 2670 ιιι
292 2605 326 2668 in
347 2629 380 2670 v.
404 2611 533 2685 aulaeo
555 2611 665 2670 tractu
685 2611 814 2670 biremes
840 2613 938 2670 circos
958 2614 1096 2686 confllatt
1115 2628 1254 2687 conpara
1276 2614 1376 2671 elua-

86 2729 158 2773 ceus
172 2711 325 2784 elefantus
345 2715 484 2772 materies
500 2715 722 2787 peristromata.
758 2706 919 2772 accedunt
940 2708 1100 2795 quaedam
1122 2709 1284 2774 vocabula
1304 2710 1378 2795 ipsa

85 2832 214 2896 quoque
235 2811 269 2874 in
291 2811 399 2895 priore
421 2820 515 2895 parte
537 2808 614 2874 libri
634 2811 759 2896 posita,
774 2831 858 2897 quae
877 2820 1051 2895 propterca
1071 2810 1225 2875 videntur
1246 2819 1378 2897 recepta

85 2933 175 2992 esse,
197 2920 234 2976 ut
256 2932 368 2975 eorum
390 2911 584 2995 significatio
613 2911 802 2975 definiretur
823 2910 877 2976 vel
904 2919 940 2974 ut
967 2913 1081 2997 ipssa
1103 2911 1278 2994 similibus,
1307 2911 1376 2997 qui·

85 3013 224 3077 buscum
245 3011 410 3076 inferioris
432 3015 548 3077 aetatis
572 3012 806 3078 consuetudine
829 3014 1119 3100 permiscebantur,
1141 3013 1377 3096 distingueren-

86 3125 157 3195 tur,
187 3126 286 3179 aestas
319 3135 395 3194 aper
424 3120 552 3179 barones
582 3121 700 3179 baxeae
730 3120 829 3186 beavit
858 3123 1031 3194 contiacum
1058 3122 1194 3181 candeas
1223 3123 1377 3197 conpellat

86 3223 240 3280 diurnum.
285 3214 425 3302 denique
452 3216 552 3280 etiam
578 3215 613 3279 in
640 3217 681 3279 iis
709 3238 847 3304 quorum
879 3239 982 3302 genus
1010 3239 1089 3282 sane
1117 3239 1138 3281 a
1164 3219 1376 3302 grammatico

87 3317 257 3381 definitum
280 3327 329 3380 est
351 3328 427 3381 sunt
452 3317 555 3382 multa
576 3339 658 3404 quae
686 3341 862 3403 numquam
888 3319 1005 3383 incerti
1026 3320 1154 3403 generis
1177 3319 1266 3406 apud
1286 3321 1377 3385 Lati·

85 3441 146 3483 nos
169 3417 316 3501 fuerunt,
338 3419 395 3482 sed
418 3423 601 3504 propterea,
623 3420 658 3482 ni
679 3419 785 3499 fallor,
809 3421 931 3506 scripta
952 3432 1038 3504 sunt,
1060 3420 1149 3507 quod
1171 3419 1234 3486 alio
1257 3442 1377 3505 genere

87 3519 176 3606 apud
197 3519 331 3583 Latinos
355 3519 417 3584 alio
440 3520 529 3607 apud
552 3520 697 3586 Graecos
721 3521 926 3586 dicebantur.
969 3544 1045 3584 nam
1066 3522 1102 3585 in
1123 3522 1185 3586 hac
1206 3523 1377 3609 utriusque

85 3622 218 3706 linguae
240 3621 432 3687 diversitate
455 3621 661 3688 observanda
688 3621 853 3706 singulare
879 3621 1024 3687 studium
1045 3624 1195 3708 posuisse
1216 3618 1377 3708 gramma-

87 3725 169 3788 ticos
196 3721 395 3808 intellegitur
422 3747 464 3788 ex
491 3726 532 3790 iis
561 3747 645 3810 quae
673 3723 714 3788 de
735 3723 945 3789 idiomatibus
968 3745 1123 3808 generum
1147 3724 1239 3809 (nam
1259 3725 1308 3790 its
1329 3725 1376 3790 di·

86 3848 159 3890 cere
182 3825 434 3911 consueverunt)
457 3824 618 3890 edidimus
640 3825 705 3890 vol.
722 3825 739 3889 I
760 3847 792 3911 p.
809 3825 870 3890 551
886 3848 957 3912 sqq.
980 3834 1014 3889 et
1034 3825 1100 3891 vol.
1116 3825 1164 3890 IV
1179 3848 1211 3911 p.
1227 3826 1290 3891 573
1305 3849 1376 3913 sqq.

86 3937 119 3990 et
141 3948 226 4013 quae
247 3949 290 3990 ex
311 3927 425 3992 eodem
446 3949 566 4012 genere
588 3927 623 3991 in
644 3926 811 4012 glossariis
834 3926 984 3992 Labbaei
1005 3949 1036 4014 p.
1061 3927 1123 3992 199
1145 3949 1215 4014 sqq.
1238 3926 1377 3993 collecta

86 4038 174 4093 sunt.
218 4027 411 4114 quibuscum
431 4029 562 4094 nomina
584 4029 626 4095 ab
654 4029 716 4095 hoc
745 4027 958 4114 grammatico
981 4028 1153 4114 conposita
1173 4030 1222 4093 ita
1242 4050 1376 4095 consen-

86 4131 189 4211 tiunt,
213 4139 251 4193 ut
271 4131 415 4194 maxima
435 4152 512 4216 pars
535 4152 646 4195 eorum
669 4131 709 4195 de
725 4130 843 4218 quibus
862 4130 933 4217 ipse
947 4139 1184 4196 commentatus
1207 4139 1257 4195 est
1278 4133 1376 4195 etiam

84 4233 120 4296 in
151 4231 216 4296 illis
245 4231 415 4296 indicibus*
434 4233 631 4298 inveniatur.
675 4233 717 4298 ab
740 4233 800 4296 hoc
821 4233 924 4316 igitur
945 4232 986 4296 de
1007 4231 1182 4316 genermus
1209 4232 1377 4298 nominum

84 4331 253 4398 scribendi
273 4356 364 4400 more
385 4355 444 4420 per
467 4333 593 4399 scholas
616 4334 902 4420 grammaticorum
923 4344 1105 4420 propagato
1127 4334 1299 4421 isquoque
1321 4334 1376 4419 qui
1415 4343 1421 4360 ⁸

82 4436 173 4500 hunc
194 4433 313 4499 librum
335 4435 465 4523 scripsit
487 4436 652 4523 profectus
669 4446 729 4502 est.
758 4435 816 4500 sed
832 4436 963 4500 diverso
979 4436 1021 4500 ab
1036 4436 1226 4500 idiomatum
1241 4439 1376 4521 scripto¹

83 4537 179 4604 ribus
202 4535 337 4602 consilio
358 4559 438 4601 usus
460 4536 609 4624 exempla
631 4538 826 4624 scriptorum
848 4536 902 4603 vel
924 4539 1130 4625 antiquorum
1145 4537 1198 4602 vel
1218 4537 1375 4602 receutio·

83 4663 175 4720 rum,
199 4639 318 4724 quibus
341 4660 463 4722 genera
483 4641 650 4703 nominum
673 4637 852 4722 stabiliret,
875 4639 1118 4726 circumspexit.
1149 4648 1247 4725 atque
1267 4638 1302 4701 in
1323 4638 1375 4702 his

75 4741 164 4806 solis
187 4739 292 4806 omnis
314 4740 408 4805 huius
437 4739 512 4805 libri
539 4740 663 4806 utilitas
686 4743 793 4827 posita
815 4750 882 4825 est,
911 4740 1174 4827 quandoquidem
1196 4741 1231 4804 in
1252 4738 1377 4820 multis,

137 4849 315 4892 cususrsua
331 4851 421 4892 nsum
437 4851 464 4893 v.
1132 4843 1172 4906 37
