3350 5442
463 386 665 449 avernum
687 385 864 448 ramsrun
887 370 1075 449 xva-xlx
1352 386 1413 449 ωε

1231 498 1351 537 ,ωτι-ιο
1364 496 1388 540 r.

123 594 195 654 ergo
223 593 298 655 quae
326 577 358 634 in
385 593 422 654 μι
442 580 557 635 exeunt
583 581 698 635 mutant
725 593 761 654 μι
788 576 820 635 in
847 593 913 654 μην
941 582 970 635 et
997 578 1113 654 passiva
1136 508 1256 645 laciubt,
1287 572 1414 657 λέγοιμι

122 677 292 758 λεγοίμην.
337 694 413 755 quae
436 694 506 736 vero
528 677 558 737 in
579 695 623 755 ην
645 684 764 746 exeunt,
787 696 811 757 μ
833 680 1017 737 interserunt
1040 686 1069 737 et
1090 679 1121 737 in
1144 680 1294 758 passivum
1317 686 1414 738 trans·

122 789 203 850 cunt,
225 776 359 857 τιθείην
379 776 547 858 τιθείμην,
570 774 702 858 διδοίην
717 774 882 860 διδοίμην.
912 780 1018 841 Graeci
1041 798 1127 840 onme
1150 787 1267 859 tempus
1290 783 1414 860 optativi
1432 798 1433 801 ’

91 998 107 1037 ⁵
120 982 288 1063 πεποίηκα
302 975 528 1062 πεποιηκοιμι,
550 976 680 1060 ποιήσω
695 977 881 1063 ποιήσοιμιι
905 986 1035 1045 aoriston
1050 988 1131 1044 enim
1145 992 1311 1064 praetereo,
1336 986 1414 1065 quod

118 1086 253 1146 latinitas
279 1086 385 1144 nescit.
429 1083 497 1143 ideo
530 1075 639 1163 ἡβῷμι
667 1092 696 1144 et
723 1077 869 1165 ἡβώοιμι
897 1086 974 1164 apud
1003 1086 1132 1147 Graecos
1167 1087 1309 1165 legimuS,
1344 1089 1413 1165 quia

118 1196 246 1268 propter
273 1187 475 1247 necessarium
503 1192 691 1262 augmentum
721 1185 851 1264 syllabae
875 1180 940 1248 άπδ
963 1188 1024 1248 τοῦ
1046 1181 1118 1268 ἡβῶ
1145 1188 1177 1247 nt
1199 1181 1324 1268 ἡβῷμι,
1358 1185 1414 1247 καί

118 1284 186 1351 άπδ
215 1288 277 1350 τοῦ
304 1280 404 1368 ἡβάω
432 1290 465 1349 srt
492 1280 645 1367 ἡβώοιμι.
696 1306 781 1348 omne
809 1287 886 1367 apud
916 1288 1043 1350 Graecos
1073 1292 1235 1369 optativum
1262 1292 1413 1367 singulare
1469 1326 1474 1333 -

119 1391 211 1454 babet
232 1393 297 1451 sine
319 1390 412 1451 dubio
434 1394 466 1451 in
488 1390 669 1469 paenultima
691 1390 909 1470 diphthongum
931 1410 1006 1471 quae
1028 1410 1082 1471 per
1105 1410 1116 1450 ι
1139 1394 1325 1471 conponitur,
1359 1390 1415 1453 λέ-

67 1508 98 1547 10
117 1514 212 1574 γοιμι
232 1488 394 1573 γράφοιμι
416 1490 535 1571 σταίην
556 1487 664 1571 δοίην.
702 1492 781 1553 unde
804 1499 833 1553 et
856 1492 1049 1573 ΗΒΩΙΜΙ,
1073 1500 1140 1573 post
1159 1513 1184 1554 ω
1207 1490 1368 1554 ascribitur
1390 1515 1413 1573 ι,

118 1616 158 1657 nc
181 1598 246 1656 sine
267 1596 323 1656 bac
344 1594 442 1654 vocali
458 1594 581 1673 optativi
603 1594 784 1673 paenultima
805 1597 985 1676 proteratur.
1023 1614 1130 1674 graeca
1153 1614 1228 1675 quac
1251 1598 1281 1656 in
1303 1615 1340 1676 μι
1363 1616 1413 1655 ex·

35 1696 40 1706 ⁴
118 1703 227 1765 eunte
248 1698 386 1757 ultimum
409 1697 440 1757 in
463 1714 501 1755 εν
522 1703 638 1757 mutant
665 1704 694 1756 et
715 1699 790 1758 liunt
817 1697 954 1777 pluralia,
986 1704 1114 1778 ποιοϊμι
1136 1704 1301 1779 ποιοῖμεν,
1329 1694 1413 1775 γρά-

118 1818 218 1879 φοιμι
231 1794 430 1878 γράφοιμεν.
459 1816 579 1877 semper
593 1798 671 1878 apud
687 1799 816 1860 Graecos
837 1798 963 1879 pluralis
985 1802 1081 1879 prima
1104 1818 1231 1879 persona
1254 1806 1413 1861 autunum

119 1900 250 1962 vocalem
271 1900 362 1961 babet
383 1902 414 1961 in
435 1900 616 1979 paenultima
638 1902 880 1980 praecedentem,
909 1909 942 1961 ut
963 1900 1124 1981 σταίημεν
1146 1900 1339 1981 νυγείημεν,
1363 1910 1414 1963 aut

74 2020 104 2058 aa
117 2004 207 2073 duaS,
236 2010 269 2063 ut
296 1998 450 2083 λέγοιμεν
476 1995 676 2082 γράφοιμεν.
721 2005 774 2065 sed
802 2006 905 2084 priora
927 2005 986 2065 line
1008 2010 1120 2065 mutato
1142 2005 1174 2063 in
1197 2015 1261 2063 σαν
1294 2007 1413 2066 tertiam

117 2122 277 2185 personam
300 2104 337 2165 de
360 2122 392 2164 se
414 2105 557 2174 alliciunt,
580 2108 735 2184 sequentia
751 2124 821 2167 vero
844 2126 867 2186 μ
889 2104 1040 2167 subtracto
1055 2104 1135 2166 idem
1152 2106 1274 2176 iaciunt,
1298 2090 1411 2187 σταίη-

117 2227 182 2288 μεν
204 2207 381 2286 σταίησαν,
410 2201 564 2286 λέγοιμεν
592 2203 733 2285 λέγοιεν.
777 2210 893 2287 passiva
915 2207 1096 2267 Graecorum
1119 2226 1194 2286 qtrae
1220 2211 1251 2269 in
1274 2227 1341 2288 μην
1363 2228 1412 2270 ox-

117 2317 192 2370 cunt
217 2309 294 2370 hanc
321 2312 417 2388 ipsam
445 2308 589 2387 syllabam
616 2312 648 2370 in
676 2329 694 2371 ο
722 2319 837 2372 mutant
866 2316 896 2370 et
917 2310 1077 2371 secundam
1098 2328 1257 2389 prorsonam
1290 2312 1411 2381 faciunt,

116 2408 277 2492 ποιοίμην
298 2416 421 2490 ποιοῖο,
444 2410 638 2491 γραφοίμην
658 2407 819 2492 γράφοιοε
843 2430 918 2491 (puae
941 2430 1012 2471 vero
1034 2414 1064 2472 in
1088 2430 1141 2490 ην,
1165 2431 1186 2472 ν
1208 2414 1239 2471 in
1262 2420 1413 2475 onrutant
1482 2480 1484 2485 ¹

75 2531 105 2571 ao
119 2523 150 2576 et
171 2516 286 2575 iaciunt
312 2513 489 2584 secundam,
513 2511 632 2593 σταίην
654 2513 785 2594 σταίης,
813 2510 911 2594 δοίην
939 2511 1041 2594 δοίης.
1086 2516 1149 2591 ipsa
1180 2532 1249 2573 vero
1283 2516 1411 2576 secunda

118 2634 257 2696 persona,
281 2618 307 2676 si
329 2617 361 2675 in
383 2633 402 2674 ο
424 2617 495 2685 exit,
519 2614 600 2676 addit
621 2634 640 2676 τ
662 2625 693 2676 et
713 2617 786 2678 lacit
806 2618 924 2678 tertiam
961 2621 1071 2676 ποιοῖο
1094 2620 1239 2693 ποιοῖτο,
1266 2598 1412 2695 γράφοίο

117 2712 298 2797 γράφοιτοι
323 2734 398 2797 quae
421 2719 453 2776 in
476 2730 497 2777 σ
518 2717 634 2786 desinit,
657 2718 712 2778 hoc
735 2721 844 2780 amittit
866 2726 895 2778 et
918 2719 988 2779 lacit
1010 2719 1138 2786 tertiam,
1167 2715 1282 2797 σταίης
1304 2716 1411 2798 σταίη,

118 2816 212 2898 δοίης
234 2815 320 2898 δοίη.

203 2919 246 2980 lle
275 2921 392 2981 induite
419 2922 516 2982 modo.
567 2923 716 2983 infinitum
742 2924 879 2992 modum,
908 2940 996 3002 quem
1023 2914 1265 3001 άπαρέμφατον
1298 2921 1410 2992 dictant,
1426 2947 1472 2996 161
1486 2948 1516 2998 ηΙ

76 3045 104 3083 aa
119 3024 241 3102 (puidam
264 3024 446 3084 Graecorum
468 3027 548 3085 inter
571 3024 660 3086 verba
682 3043 841 3086 numerare
863 3025 1035 3094 noluerunt,
1064 3026 1133 3103 quia
1167 3022 1276 3084 nullius
1300 3002 1424 3102 ε’γιιλί-Κ

119 3138 204 3197 σεως
231 3125 355 3186 verbum
382 3126 475 3187 verbo
508 3126 631 3196 alterins
664 3130 799 3188 itmctum
828 3128 920 3187 eflicit
954 3143 1073 3187 sensum
1107 3122 1185 3205 (quis
1219 3128 1298 3185 enirn
1333 3126 1413 3187 dicat

114 3225 303 3307 βουλοίμην
326 3224 423 3306 λέγω,
446 3224 573 3308 λέγοιμι
595 3222 770 3309 βούλομαι,
792 3224 956 3308 γράφοιμι
985 3225 1090 3307 τρέχω
1099 3226 1136 3307 ?);
1165 3228 1409 3307 aparemphntnm

120 3348 190 3389 vero
212 3347 278 3389 cum
302 3328 436 3409 quolibet
450 3330 537 3390 modo
552 3332 687 3391 iunctum
702 3331 773 3390 lacit
787 3349 917 3399 sensum,
939 3326 1030 3390 θέλω
1053 3324 1209 3408 γράφειν,
1231 3326 1411 3409 θέλεγρά-
1469 3394 1473 3401 ,

120 3450 217 3511 φειν,
246 3423 307 3491 ἐάν
333 3426 425 3492 θέλω
453 3426 610 3512 γράφειν,
634 3428 665 3493 εί
683 3428 818 3511 θέλοιμι
844 3428 1000 3521 γράφειν.
1045 3430 1184 3491 similiter
1206 3438 1235 3490 et
1257 3431 1335 3509 apud
1356 3430 1410 3491 La-

77 3550 105 3591 οο
121 3536 200 3594 tinos
222 3532 283 3593 dici
305 3552 364 3593 non
392 3540 491 3613 potest
519 3534 608 3595 velim
626 3534 739 3610 scribo,
764 3534 889 3594 debeam
915 3551 1001 3593 curre
1031 3540 1061 3592 et
1088 3530 1206 3593 similia.
1251 3532 1411 3612 dicuntque

120 3633 294 3696 adverbium
311 3654 389 3697 ‘esse
416 3638 525 3713 magis,
554 3638 626 3716 quia
651 3637 815 3706 infinitum,
851 3637 927 3695 sicut
950 3634 1137 3704 adverbium,
1168 3636 1361 3713 praeponitur
1383 3644 1413 3694 ct

119 3738 307 3817 postponitur
328 3735 430 3806 verbo,
454 3744 487 3797 ut
508 3733 628 3817 γράφω
651 3736 771 3816 καλῶς,
796 3735 799 3817 l
824 3732 933 3809 καλῶς
953 3730 1086 3817 γράφω,
1109 3736 1209 3797 scribo
1225 3734 1311 3804 bone,
1335 3735 1411 3796 bene

119 3838 233 3908 scribo,
262 3832 430 3918 έλληνιστί
458 3835 671 3919 διαλέγομαι,
694 3834 889 3919 διαλέγομαι
911 3833 1092 3917 ἑλληνιστί,
1117 3838 1208 3899 latine
1230 3838 1344 3917 loquor,
1368 3838 1411 3898 lo·

119 3959 194 4021 quor
220 3941 328 4012 latine;
357 3943 398 4001 ita
426 3948 456 4001 et
482 3942 552 4012 hoc,
580 3936 672 4003 θέλω
700 3937 858 4021 γράφειν,
880 3936 1026 4020 γράφειν
1046 3935 1151 4018 θέλω,
1181 3940 1244 4000 volo
1267 3939 1409 4009 scribere,

77 4042 254 4104 asscribere
277 4042 351 4111 volo,
376 4038 555 4123 indeceptae
576 4038 717 4123 τρέχειν,
740 4037 872 4122 τρέχειν
896 4038 1085 4122 ἐπίσταμαι,
1116 4044 1177 4101 scio
1203 4042 1299 4121 loqui,
1329 4041 1411 4121 loqui

119 4148 191 4205 scio.
222 4163 279 4205 nec
300 4147 411 4206 mirum
434 4147 525 4215 aiunt,
549 4164 616 4206 cunr
630 4145 722 4205 multa
745 4144 884 4207 adverbia
906 4152 1067 4205 nascantur
1089 4162 1104 4203 a
1128 4144 1238 4212 verbis,
1261 4142 1317 4203 hoc
1338 4163 1410 4223 ηοο-

119 4266 177 4327 ηιιο
201 4266 237 4307 ex
259 4246 351 4307 verbo
374 4264 439 4307 esse
461 4248 639 4327 proiectum.
668 4249 693 4307 si
709 4250 789 4308 enim
805 4240 962 4326 ἑλληνίζω
980 4240 1152 4324 ἑλληνιστί
1164 4246 1235 4307 lacit
1250 4254 1279 4305 et
1295 4240 1411 4325 κάμνω

119 4342 251 4430 άκμητί,
274 4364 329 4409 cur
351 4367 410 4409 non
433 4358 463 4410 et
485 4342 551 4410 άπδ
572 4342 635 4409 τοῦ
654 4344 776 4428 γράφω
798 4356 937 4411 nascatur
960 4346 1133 4409 adverbium
1154 4341 1318 4427 γράφεινλ
1355 4346 1411 4407 boo

118 4454 208 4512 etiam
237 4451 363 4513 addunt:
391 4453 417 4511 si
445 4449 483 4511 ab
511 4469 547 4510 eo
569 4448 647 4529 quod
670 4459 715 4511 est
735 4446 858 4530 γράφω
880 4469 946 4511 cum
969 4450 1002 4510 srt
1023 4443 1182 4527 γράφων,
1207 4452 1265 4511 iam
1287 4448 1410 4510 verbum

78 4574 106 4614 ιο
120 4572 179 4613 non
207 4552 331 4623 dicitur,
360 4553 413 4614 sed
440 4553 645 4631 participium,
674 4554 744 4632 quia
772 4553 905 4614 ultimam
934 4558 1026 4612 mutat
1054 4558 1083 4610 et
1111 4568 1269 4630 personam
1291 4554 1410 4622 amittit,

188 4740 221 4788 12
237 4738 278 4803 εν]
295 4756 333 4806 ην
343 4741 369 4790 Ρ
434 4734 579 4804 ποιοῖμεν]
597 4754 734 4804 ποιοιμην
747 4740 772 4788 Ρ
841 4742 872 4789 13
885 4730 1055 4817 γράφοιμεν]
1069 4752 1235 4803 γραφοιμην
1247 4739 1271 4787 Ρ
1339 4740 1370 4789 15
1384 4750 1410 4787 ut

118 4808 255 4873 λεγοιμην
266 4822 434 4874 γραφοιμην
446 4809 470 4857 Ρ
538 4810 569 4857 16
581 4805 732 4873 σταίημεν]
747 4820 889 4873 σταιημην
900 4807 926 4857 Ρ
982 4808 1012 4857 17
1026 4804 1166 4872 λέγοιμεν]
1181 4808 1318 4873 λεγοιμην
1332 4806 1355 4859 Ρ

117 4878 151 4929 27
163 4876 357 4943 peramplutnm
369 4877 394 4927 P
459 4878 494 4928 30
504 4890 576 4925 curre
586 4892 605 4941 p
617 4891 718 4931 currere
729 4876 755 4925 P
