3350 5442
922 277 926 291 ·
1657 264 1658 303 ι

329 323 392 391 376
873 328 1076 393 consenui
1657 308 1658 385 t

353 439 491 488 mittit-64
502 435 525 477 Ρ.
993 461 995 465 -
1657 388 1658 475 l

329 525 384 577 est.
428 520 556 579 interest
584 520 665 578 enim
692 518 868 598 plurimum,
896 528 997 581 utrum
1025 518 1149 581 verbum
1177 538 1267 583 unum
1294 519 1432 598 quodque
1462 536 1555 597 opus,
1582 534 1619 577 an
1657 504 1658 515 ,

328 619 575 680 consuetudinem
597 623 698 699 operis
721 622 878 699 significet.
909 624 934 681 si
950 641 1024 701 opus
1039 624 1200 701 significat,
1224 623 1356 702 perfecta
1378 622 1474 681 forma
1497 620 1618 681 dieitur.
1657 686 1658 693 ἵ

307 730 361 781 .ut
388 723 466 783 facio
494 742 597 792 curro;
628 723 732 802 quodsi
762 723 1008 785 consuetudinem
1036 726 1149 803 operis,
1183 724 1400 803 frequentativa
1429 722 1560 789 dicitur,
1588 732 1617 779 m
1657 738 1658 773 ι

327 824 431 884 factito
459 827 581 885 cursito.
626 825 771 887 accedunt
797 825 845 887 his
873 825 1042 887 meditativa
1069 834 1100 886 et
1127 826 1303 887 inchoativa.
1347 805 1522 887 meditativa
1553 835 1618 883 sum
1657 870 1658 891 ,

327 925 437 1005 quihus
457 946 517 987 nou
540 933 637 996 actus,
661 927 713 987 sed
736 928 843 1005 agendi
867 935 1025 1007 apparatus
1047 928 1222 997 ostenditur,
1246 935 1279 989 ut
1301 929 1446 1015 qmaturio
1468 929 1634 1006 par-turios

325 1028 494 1089 inchoativa
522 1035 592 1089 sunt
618 1048 694 1107 quae
722 1030 853 1091 nondum
880 1030 1044 1109 perfectam
1071 1030 1211 1099 formam,
1240 1030 1291 1091 sed
1320 1031 1440 1091 initium
1469 1028 1617 1109 quoddam

327 1131 553 1206 significationis
575 1132 743 1193 ostendunt.
788 1149 859 1210 ergo
881 1150 984 1193 omnes
1005 1133 1117 1193 formae
1145 1138 1214 1193 sunt
1235 1138 1388 1211 quattuor,
1411 1131 1567 1211 perfecta,
1590 1142 1616 1189 ut

326 1250 393 1292 amo
414 1232 496 1292 caleo
518 1234 602 1311 pario
625 1235 726 1294 ferveo
752 1234 820 1312 lego
847 1233 963 1304 scriho,
989 1227 995 1315 Ι
1019 1235 1249 1313 frequentativa,
1278 1242 1311 1294 ut
1337 1234 1438 1296 lectito
1468 1234 1615 1311 scriptito.

234 1408 239 1417 ¹
325 1334 515 1403 meditativa,
544 1342 578 1394 ut
605 1338 752 1397 amatmio
779 1338 930 1416 parturio,
961 1335 1141 1407 inchoativa,
1170 1342 1204 1396 ut
1230 1336 1344 1397 calesco
1371 1337 1519 1397 fervesco.
1567 1334 1614 1393 hav
1657 1334 1658 1425 l

327 1456 430 1496 omnes
452 1438 564 1496 formae
587 1445 616 1498 et
636 1457 692 1517 per
713 1457 817 1500 omnes
838 1438 941 1499 modos
970 1446 1093 1499 currunt
1120 1443 1150 1497 et
1169 1455 1224 1516 per
1246 1456 1280 1499 ea
1303 1439 1401 1498 omnia
1424 1454 1501 1516 quae
1528 1435 1658 1495 verbor*

327 1539 479 1609 accidunt,
510 1540 568 1600 nisi
597 1539 650 1601 uhi
678 1541 803 1601 forsitan
831 1546 914 1600 certa
943 1541 1057 1601 ratione
1086 1539 1236 1601 deficiunt.
1281 1541 1431 1619 perfectae
1465 1539 1615 1619 qualitatis
1657 1522 1658 1561 ¹

325 1641 463 1711 verhum,
486 1647 521 1700 ut
542 1648 587 1701 eet
608 1642 687 1720 lego,
711 1661 765 1721 per
787 1644 886 1703 omnia
910 1648 1043 1721 tempora
1066 1641 1241 1703 declinatur.
1285 1643 1525 1722 frequentativae
1550 1660 1614 1720 qua-

325 1743 417 1804 litatis
445 1742 570 1803 verhum
598 1763 717 1823 semper
744 1746 859 1823 primae
896 1744 1111 1822 coniugationis
1144 1750 1198 1804 est.
1243 1744 1430 1805 meditativae
1464 1742 1614 1823 qualitatis

325 1844 449 1905 verbum
477 1863 493 1905 a
521 1846 654 1923 perfecta
680 1848 774 1908 forma
797 1848 925 1908 sumitur
948 1863 1083 1925 semper,
1107 1852 1139 1905 ut
1162 1864 1178 1905 a
1199 1846 1265 1923 lego
1287 1845 1423 1907 lecturio.
1467 1844 1614 1905 inchoati·
1657 1910 1658 1947 q

324 1966 377 2008 vae
400 1965 470 2007 vero
492 1947 642 2026 qualitatis
663 1948 788 2010 verbum
810 1950 872 2009 fere
896 1967 911 2009 a
934 1932 1061 2009 neutrali
1091 1946 1181 2008 verbo
1202 1950 1285 2008 venit
1306 1954 1336 2007 et
1358 1966 1418 2008 nou
1439 1964 1494 2027 per
1519 1948 1613 2007 omitia
1625 1956 1639 1993 1³
1657 1952 1658 2031 t

325 2057 458 2129 tempora
481 2048 662 2119 declinatur,
687 2053 756 2130 quia
778 2068 854 2129 quae
876 2051 1054 2113 inchoantur
1069 2051 1264 2129 praeteritum
1285 2056 1402 2129 tempus
1418 2067 1478 2109 non
1492 2046 1613 2109 hahent.

325 2170 359 2211 ae
392 2151 429 2211 de
456 2151 589 2230 perfecta
618 2153 713 2212 forma
742 2152 818 2213 nihil
847 2153 914 2232 plus
936 2151 1093 2213 verhorum
1117 2151 1304 2212 adiciendum
1327 2158 1389 2221 est,
1413 2153 1527 2230 quippe
1552 2170 1614 2211 cum

324 2261 357 2313 et
377 2254 462 2333 plura
484 2256 543 2314 iam
566 2253 644 2315 dicta
667 2256 742 2324 sint,
766 2262 796 2315 et
817 2273 872 2335 per
894 2262 993 2315 cetera
1014 2253 1178 2314 accidentia
1200 2252 1285 2331 plura
1307 2250 1433 2313 dicenda
1456 2254 1527 2313 sint.
1561 2254 1614 2313 fre·
1657 2252 1658 2327 l

325 2358 529 2434 quentativam
557 2374 629 2434 ergo
657 2357 783 2418 formam
805 2357 965 2437 diligenter
988 2354 1130 2418 dehemus
1153 2355 1318 2416 advertere.
1362 2356 1444 2415 venit
1466 2356 1551 2415 enim
1575 2357 1614 2413 in·

325 2458 443 2518 terdum
466 2477 482 2518 a
504 2458 767 2538 perfectarum,
789 2465 823 2519 ut
845 2479 862 2520 a
885 2466 970 2519 canto
993 2460 1119 2527 cantito;
1142 2463 1173 2517 et
1194 2457 1345 2517 interdum
1367 2458 1398 2517 in
1422 2462 1484 2516 tres
1504 2450 1658 2533 gradosa}

324 2559 446 2620 deducit
468 2560 606 2630 verbnm,
630 2566 663 2620 ut
678 2578 769 2620 curro
789 2579 876 2621 curso
892 2564 1019 2630 cursito,
1044 2560 1193 2621 interdum
1216 2560 1248 2619 in
1270 2558 1358 2627 duos,
1382 2565 1416 2619 ut
1439 2557 1501 2618 volo
1526 2558 1614 2618 volito
1657 2550 1658 2623 l

325 2670 355 2724 et
375 2662 432 2723 hoc
454 2664 553 2742 ipsum
575 2669 662 2723 canto
684 2664 805 2723 cantito.
836 2663 988 2725 interdum
1010 2664 1133 2723 veniunt
1154 2664 1218 2723 sine
1241 2662 1357 2738 origine
1380 2662 1533 2739 perfectae
1558 2661 1613 2721 for·
1657 2642 1658 2725 l

324 2784 389 2826 mae
412 2771 443 2823 et
465 2765 682 2843 frequentativa
704 2765 883 2834 creduntur,
907 2771 940 2825 ut
962 2766 1067 2844 pitisso
1089 2763 1201 2825 vacillo.
1245 2762 1397 2825 interdum
1419 2764 1503 2842 quasi
1529 2762 1613 2823 dirui-

324 2868 457 2928 notionis
479 2868 611 2944 speciem
632 2874 754 2943 gerunt,
780 2886 847 2929 cum
869 2868 930 2927 sint
951 2866 1182 2946 frequentativa,
1206 2873 1240 2926 ut
1255 2863 1361 2925 sorbeo
1383 2864 1521 2933 sorhillo,
1548 2882 1612 2942 sug·

324 2985 395 3045 gero
423 2967 559 3046 suggillo.
603 2968 754 3029 interdum
783 2968 917 3046 regulam
944 2969 1171 3048 frequentativis
1199 2966 1297 3027 datam
1325 2984 1384 3027 non
1413 2974 1551 3036 servant,
1580 2954 1658 3027 cris

325 3087 385 3147 quo
412 3076 537 3147 possunt
564 3070 660 3131 videri
687 3071 905 3149 frequentativa
933 3088 992 3129 non
1022 3088 1103 3139 esse,
1134 3076 1167 3130 ut
1187 3070 1301 3131 facesso
1323 3069 1462 3139 facessis,
1489 3087 1611 3149 capesso
1657 3056 1658 3133 l

324 3173 466 3250 capessis.
510 3189 577 3232 cum
607 3174 687 3232 enim
715 3174 813 3233 omnia
842 3172 1059 3251 frequentativa
1085 3173 1199 3250 primae
1222 3172 1441 3248 coniugationis
1463 3172 1542 3241 sint,
1565 3172 1610 3231 hir

326 3275 414 3333 tertia
429 3275 600 3350 coniugatio
615 3282 670 3335 est.
697 3274 856 3352 quaedam,
879 3274 959 3354 quod
981 3274 1018 3335 ad
1039 3274 1166 3335 formam
1185 3275 1282 3353 ipsam
1303 3274 1449 3351 pertinet,
1471 3274 1609 3353 frequen·

326 3376 414 3436 tativa
436 3374 614 3445 creduntur,
645 3376 696 3435 sed
724 3394 779 3436 usu
807 3376 947 3455 loquendi
975 3395 1030 3455 pro
1052 3376 1232 3436 meditativis
1254 3380 1305 3435 aut
1325 3374 1503 3437 inchoativis
1526 3394 1609 3436 usur·
1657 3370 1658 3459 f

324 3484 448 3557 pantur,
477 3484 511 3536 ut
538 3484 584 3537 est
611 3477 725 3537 dormio
747 3477 884 3540 dormito.
929 3495 996 3538 nam
1018 3477 1075 3537 hoc
1097 3478 1225 3538 dormito
1246 3478 1341 3555 magis
1364 3496 1420 3557 pro
1442 3476 1639 3539 meditativou*

324 3588 376 3640 aut
397 3578 564 3639 inchoativo
586 3578 647 3640 diei
668 3587 779 3659 potest,
803 3600 891 3660 quarn
914 3599 969 3660 pro
990 3580 1218 3660 frequentativo.
1248 3580 1327 3641 scire
1350 3587 1449 3639 autent
1471 3578 1607 3639 dehemus
1657 3576 1658 3641 l

324 3685 415 3743 etiam
437 3701 454 3742 a
476 3681 647 3742 nominihus
675 3684 741 3742 fieri
763 3683 981 3762 frequentativa
1003 3681 1108 3743 verba:
1136 3680 1173 3741 ah
1196 3680 1386 3760 appellativo,
1411 3687 1444 3741 ut
1464 3682 1606 3759 graecizat

324 3784 450 3844 sicilizat
471 3786 612 3862 patrizat,
636 3804 652 3844 a
675 3787 811 3863 proprio,
835 3792 868 3845 ut
889 3783 1050 3845 lentulizat.
1095 3786 1127 3843 in
1149 3782 1325 3844 inchoativis
1346 3802 1464 3863 quoquc
1485 3782 1606 3862 quadam

324 3884 579 3946 animadversione
602 3904 677 3963 opus
702 3882 707 3969 Ι
733 3894 787 3947 est.
832 3905 900 3947 nam
927 3904 994 3947 cum
1022 3906 1038 3947 a
1066 3884 1192 3946 neutrali
1213 3884 1304 3945 verho
1326 3887 1477 3965 perfectae
1498 3886 1604 3945 formae

323 4006 442 4067 semper
464 3988 528 4047 fere
551 3994 725 4058 nascantur,
748 3996 782 4049 ut
803 3988 912 4049 horreo
934 3988 1091 4058 horresco,
1114 3990 1307 4050 inveniuntur
1324 3989 1390 4048 sine
1406 3990 1517 4065 origiue
1538 4004 1603 4064 per·
1616 3998 1636 4034 ὣ
1657 3988 1658 4063 j

391 4243 513 4295 ‹lfactito
531 4242 671 4294 Sichardue
689 4243 764 4294 facito
780 4243 872 4295 BML
941 4242 1057 4293 accidunt
1074 4244 1140 4294 ΒΜ
1144 4246 1168 4295 L
1239 4244 1271 4295 12
1286 4242 1438 4308 declinatur]
1457 4242 1561 4293 decurrit
1574 4239 1604 4289 alf
1657 4248 1658 4295 g

350 4314 607 4365 ·15veroom.B
676 4312 832 4379 lleumet]
856 4321 954 4363 etcum
972 4313 1062 4364 BML
1132 4315 1163 4365 21
1185 4314 1209 4363 io
1229 4314 1293 4363 duos
1310 4322 1336 4363 et
1354 4312 1535 4378 frequentatiua
1552 4326 1602 4359 ere-
1657 4304 1658 4365 l

322 4382 636 4448 duntur(crediturBI1)
653 4392 680 4433 ut
698 4383 756 4434 uolo
774 4384 865 4435 BML
934 4382 967 4433 23
983 4385 1080 4450 pytiseo
1099 4386 1123 4433 L
1192 4386 1226 4433 24
1245 4384 1446 4451 sugerosugillo
1462 4397 1523 4431 corr.
1542 4396 1601 4445 sug·
1657 4394 1658 4459 p

323 4468 385 4519 gero
403 4452 517 4519 suggillo
534 4454 566 4503 M
650 4454 685 4504 26
703 4455 804 4517 capisso
822 4454 967 4518 eapissisL
1055 4452 1088 4504 28
1107 4454 1174 4517 quod
1193 4451 1273 4517 (quae
1287 4452 1332 4518 M)
1352 4454 1385 4504 ad
1406 4453 1505 4503 formam
1522 4452 1599 4515 ipsam
1657 4460 1658 4499 t

323 4522 442 4586 loquendi
459 4525 584 4588 pertinent
603 4522 790 4587 frequentetiua
805 4523 942 4572 creduntur
959 4524 1004 4573 sed
1021 4538 1069 4573 usu
1081 4539 1126 4589 pro
1140 4523 1202 4575 BM
1208 4525 1232 4574 L
1301 4522 1335 4577 30
1350 4537 1409 4573 nam
1426 4522 1471 4572 hoo
1487 4520 1600 4583 magisB
1657 4510 1658 4583 l

391 4592 423 4643 31
441 4594 491 4643 diei
509 4595 591 4659 potuit
611 4594 706 4659 (possit
725 4594 760 4657 L)
778 4609 854 4657 quam
873 4592 1059 4656 frequentatiuo
1079 4594 1139 4644 ML
1208 4594 1274 4643 scire
1292 4600 1376 4644 autem
1396 4594 1509 4660 dehemus
1526 4591 1598 4638 etiam
1657 4588 1658 4649 l

322 4661 375 4710 fieri
396 4678 412 4712 a
434 4664 578 4713 nominihus
597 4665 655 4714 BL
677 4664 743 4714 scire
765 4665 840 4713 etiarn
865 4664 1019 4714 dehemusa
1043 4664 1187 4714 nominihus
1208 4662 1263 4713 fleri
1281 4664 1314 4713 M
1397 4662 1431 4713 tt
1456 4670 1481 4711 ut
1496 4660 1599 4725 patriast

323 4732 437 4797 grecizat
460 4733 572 4783 siclisrat
589 4748 604 4782 a
623 4736 726 4798 proprio
744 4742 771 4783 ut
793 4733 937 4785 lentuliscat
955 4733 985 4783 M
1072 4732 1107 4785 33
1131 4735 1157 4783 in
1174 4733 1328 4784 inchoatiuis
1345 4732 1493 4784 Sicharduc:
1508 4730 1533 4778 in
1552 4744 1597 4778 on.

322 4800 415 4851 BML
484 4801 518 4852 35
538 4804 702 4852 inueniuntur
718 4812 742 4853 et
756 4806 812 4855 sine
830 4804 864 4853 M
881 4806 1043 4854 inueniuntur
1063 4811 1145 4853 tamen
1162 4804 1217 4853 sine
1233 4801 1373 4855 suhardus
