<?xml version="1.0" encoding="UTF-8"?>
<!DOCTYPE html PUBLIC "-//W3C//DTD XHTML 1.0 Transitional//EN"
    "http://www.w3.org/TR/xhtml1/DTD/xhtml1-transitional.dtd">
<html xmlns="http://www.w3.org/1999/xhtml" xml:lang="en" lang="en">
 <head>
  <title>
</title>
<meta http-equiv="Content-Type" content="text/html;charset=utf-8" />
  <meta name='ocr-system' content='tesseract 3.04.00' />
  <meta name='ocr-capabilities' content='ocr_page ocr_carea ocr_par ocr_line ocrx_word'/>
</head>
<body>
  <div class='ocr_page' id='page_1' title='image "./grammaticilatin02hagagoog_0351.png"; bbox 0 0 3350 5442; ppageno 0'>
   <div class='ocr_carea' id='block_1_1' title="bbox 231 737 319 799">
    <p class='ocr_par' dir='ltr' id='par_1_1' title="bbox 231 737 319 799">
     <span class='ocr_line' id='line_1_1' title="bbox 231 737 319 799; baseline 0 -14"><span class='ocrx_word' id='word_1_1' title='bbox 231 738 289 799; x_wconf 80' lang='lat' dir='ltr'>au,</span> <span class='ocrx_word' id='word_1_2' title='bbox 303 737 319 785; x_wconf 83' lang='lat'>5</span> 
     </span>
    </p>
   </div>
   <div class='ocr_carea' id='block_1_2' title="bbox 333 332 1080 402">
    <p class='ocr_par' dir='ltr' id='par_1_2' title="bbox 333 332 1080 402">
     <span class='ocr_line' id='line_1_2' title="bbox 333 332 1080 402; baseline 0.005 -5"><span class='ocrx_word' id='word_1_3' title='bbox 333 332 395 397; x_wconf 80' lang='lat'>342</span> <span class='ocrx_word' id='word_1_4' title='bbox 879 339 1080 402; x_wconf 80' lang='lat' dir='ltr'>CONSEN&#39;l&#39;ll</span> 
     </span>
    </p>
   </div>
   <div class='ocr_carea' id='block_1_3' title="bbox 327 442 1657 4168">
    <p class='ocr_par' dir='ltr' id='par_1_3' title="bbox 331 442 1657 705">
     <span class='ocr_line' id='line_1_3' title="bbox 358 442 1657 495; baseline 0.006 -12"><span class='ocrx_word' id='word_1_5' title='bbox 358 456 379 495; x_wconf 78' lang='lat' dir='ltr'>p.</span> <span class='ocrx_word' id='word_1_6' title='bbox 393 444 452 483; x_wconf 79' lang='lat' dir='ltr'>suaa.</span> <span class='ocrx_word' id='word_1_7' title='bbox 465 446 490 483; x_wconf 85' lang='lat' dir='ltr'>sa</span> <span class='ocrx_word' id='word_1_8' title='bbox 505 442 525 483; x_wconf 76' lang='grc' dir='ltr'>Ρ.</span> <span class='ocrx_word' id='word_1_9' title='bbox 1656 488 1657 491; x_wconf 76' lang='grc'>,</span> 
     </span>
     <span class='ocr_line' id='line_1_4' title="bbox 332 504 1657 606; baseline 0.008 -26"><span class='ocrx_word' id='word_1_10' title='bbox 332 526 595 599; x_wconf 85' lang='lat' dir='ltr'>grammaticorum</span> <span class='ocrx_word' id='word_1_11' title='bbox 618 532 699 583; x_wconf 87' lang='lat' dir='ltr'>recta</span> <span class='ocrx_word' id='word_1_12' title='bbox 722 527 777 584; x_wconf 86' lang='lat' dir='ltr'>ista</span> <span class='ocrx_word' id='word_1_13' title='bbox 793 526 900 585; x_wconf 89' lang='lat' dir='ltr'>divisio</span> <span class='ocrx_word' id='word_1_14' title='bbox 917 535 976 595; x_wconf 92' lang='lat' dir='ltr'>est,</span> <span class='ocrx_word' id='word_1_15' title='bbox 1002 533 1034 587; x_wconf 95' lang='lat' dir='ltr'>ut</span> <span class='ocrx_word' id='word_1_16' title='bbox 1051 528 1169 586; x_wconf 86' lang='lat' dir='ltr'>nomina</span> <span class='ocrx_word' id='word_1_17' title='bbox 1192 544 1396 606; x_wconf 87' lang='lat' dir='ltr'>quaecumque</span> <span class='ocrx_word' id='word_1_18' title='bbox 1419 528 1537 606; x_wconf 87' lang='lat' dir='ltr'>propria</span> <span class='ocrx_word' id='word_1_19' title='bbox 1557 546 1606 589; x_wconf 94' lang='lat' dir='ltr'>nou</span> <span class='ocrx_word' id='word_1_20' title='bbox 1656 504 1657 579; x_wconf 63' lang='lat' dir='ltr'>l</span> 
     </span>
     <span class='ocr_line' id='line_1_5' title="bbox 331 588 1657 705; baseline 0.005 -22"><span class='ocrx_word' id='word_1_21' title='bbox 331 631 401 684; x_wconf 92' lang='lat' dir='ltr'>sunt</span> <span class='ocrx_word' id='word_1_22' title='bbox 422 624 587 700; x_wconf 85' lang='lat' dir='ltr'>generalia,</span> <span class='ocrx_word' id='word_1_23' title='bbox 612 626 643 685; x_wconf 94' lang='lat' dir='ltr'>id</span> <span class='ocrx_word' id='word_1_24' title='bbox 665 633 711 685; x_wconf 90' lang='lat' dir='ltr'>est</span> <span class='ocrx_word' id='word_1_25' title='bbox 733 626 923 705; x_wconf 88' lang='lat' dir='ltr'>appellativa,</span> <span class='ocrx_word' id='word_1_26' title='bbox 948 627 1095 687; x_wconf 92' lang='lat' dir='ltr'>dicantur.</span> <span class='ocrx_word' id='word_1_27' title='bbox 1656 588 1657 653; x_wconf 33' lang='grc'>1</span> 
     </span>
    </p>

    <p class='ocr_par' dir='ltr' id='par_1_4' title="bbox 327 726 1657 3863">
     <span class='ocr_line' id='line_1_6' title="bbox 417 726 1605 811; baseline 0.006 -25"><span class='ocrx_word' id='word_1_28' title='bbox 417 726 594 806; x_wconf 86' lang='lat' dir='ltr'>Couparatio</span> <span class='ocrx_word' id='word_1_29' title='bbox 617 734 678 786; x_wconf 91' lang='lat' dir='ltr'>tres</span> <span class='ocrx_word' id='word_1_30' title='bbox 700 728 810 803; x_wconf 83' lang='lat' dir='ltr'>gradus</span> <span class='ocrx_word' id='word_1_31' title='bbox 832 728 937 798; x_wconf 86' lang='lat' dir='ltr'>hahet,</span> <span class='ocrx_word' id='word_1_32' title='bbox 961 731 1120 808; x_wconf 90' lang='lat' dir='ltr'>positivum</span> <span class='ocrx_word' id='word_1_33' title='bbox 1135 731 1197 789; x_wconf 90' lang='lat' dir='ltr'>sive</span> <span class='ocrx_word' id='word_1_34' title='bbox 1213 729 1394 799; x_wconf 89' lang='lat' dir='ltr'>absolutum,</span> <span class='ocrx_word' id='word_1_35' title='bbox 1419 733 1605 811; x_wconf 88' lang='lat' dir='ltr'>quiquoniam</span> 
     </span>
     <span class='ocr_line' id='line_1_7' title="bbox 331 828 1605 911; baseline 0.004 -24"><span class='ocrx_word' id='word_1_36' title='bbox 331 829 483 906; x_wconf 90' lang='lat' dir='ltr'>perlectus</span> <span class='ocrx_word' id='word_1_37' title='bbox 505 837 566 897; x_wconf 92' lang='lat' dir='ltr'>est,</span> <span class='ocrx_word' id='word_1_38' title='bbox 590 846 606 887; x_wconf 91' lang='lat' dir='ltr'>a</span> <span class='ocrx_word' id='word_1_39' title='bbox 629 828 807 907; x_wconf 89' lang='lat' dir='ltr'>quibusdam</span> <span class='ocrx_word' id='word_1_40' title='bbox 829 833 861 890; x_wconf 93' lang='lat' dir='ltr'>in</span> <span class='ocrx_word' id='word_1_41' title='bbox 884 848 1008 891; x_wconf 90' lang='lat' dir='ltr'>numero</span> <span class='ocrx_word' id='word_1_42' title='bbox 1030 832 1176 909; x_wconf 86' lang='lat' dir='ltr'>graduum</span> <span class='ocrx_word' id='word_1_43' title='bbox 1191 850 1249 891; x_wconf 92' lang='lat' dir='ltr'>nou</span> <span class='ocrx_word' id='word_1_44' title='bbox 1264 840 1459 911; x_wconf 90' lang='lat' dir='ltr'>conputatur,</span> <span class='ocrx_word' id='word_1_45' title='bbox 1483 841 1514 893; x_wconf 91' lang='lat' dir='ltr'>ut</span> <span class='ocrx_word' id='word_1_46' title='bbox 1534 836 1605 893; x_wconf 79' lang='lat' dir='ltr'>lonis</span> 
     </span>
     <span class='ocr_line' id='line_1_8' title="bbox 331 930 1623 1011; baseline 0.005 -22"><span class='ocrx_word' id='word_1_47' title='bbox 331 930 451 999; x_wconf 76' lang='lat' dir='ltr'>doetuS,</span> <span class='ocrx_word' id='word_1_48' title='bbox 476 932 718 1008; x_wconf 88' lang='lat' dir='ltr'>conparativum,</span> <span class='ocrx_word' id='word_1_49' title='bbox 742 950 758 990; x_wconf 91' lang='lat' dir='ltr'>a</span> <span class='ocrx_word' id='word_1_50' title='bbox 781 950 840 1010; x_wconf 92' lang='lat' dir='ltr'>quo</span> <span class='ocrx_word' id='word_1_51' title='bbox 862 932 987 1009; x_wconf 84' lang='lat' dir='ltr'>gradum</span> <span class='ocrx_word' id='word_1_52' title='bbox 1010 936 1143 1011; x_wconf 83' lang='lat' dir='ltr'>incipere</span> <span class='ocrx_word' id='word_1_53' title='bbox 1166 933 1284 1005; x_wconf 88' lang='lat' dir='ltr'>dieunt,</span> <span class='ocrx_word' id='word_1_54' title='bbox 1313 942 1346 994; x_wconf 92' lang='lat' dir='ltr'>ut</span> <span class='ocrx_word' id='word_1_55' title='bbox 1367 935 1475 995; x_wconf 82' lang='lat' dir='ltr'>fortior</span> <span class='ocrx_word' id='word_1_56' title='bbox 1495 935 1623 1003; x_wconf 72' lang='lat' dir='ltr'>doctiont»</span> 
     </span>
     <span class='ocr_line' id='line_1_9' title="bbox 331 1033 1657 1113; baseline 0.005 -22"><span class='ocrx_word' id='word_1_57' title='bbox 331 1033 559 1110; x_wconf 81' lang='lat' dir='ltr'><strong>superlativum,</strong></span> <span class='ocrx_word' id='word_1_58' title='bbox 590 1038 622 1092; x_wconf 93' lang='lat' dir='ltr'>ut</span> <span class='ocrx_word' id='word_1_59' title='bbox 650 1034 831 1093; x_wconf 79' lang='lat' dir='ltr'>fortissimus</span> <span class='ocrx_word' id='word_1_60' title='bbox 861 1035 1058 1095; x_wconf 90' lang='lat' dir='ltr'>doctissimus.</span> <span class='ocrx_word' id='word_1_61' title='bbox 1103 1043 1304 1113; x_wconf 79' lang='lat' dir='ltr'>conparantur</span> <span class='ocrx_word' id='word_1_62' title='bbox 1332 1056 1366 1096; x_wconf 89' lang='lat' dir='ltr'>ea</span> <span class='ocrx_word' id='word_1_63' title='bbox 1400 1036 1461 1097; x_wconf 88' lang='lat' dir='ltr'>sola</span> <span class='ocrx_word' id='word_1_64' title='bbox 1493 1040 1602 1101; x_wconf 81' lang='lat' dir='ltr'>nentina.</span> <span class='ocrx_word' id='word_1_65' title='bbox 1656 1090 1657 1113; x_wconf 75' lang='lat'>,</span> 
     </span>
     <span class='ocr_line' id='line_1_10' title="bbox 331 1124 1657 1218; baseline 0 -25"><span class='ocrx_word' id='word_1_66' title='bbox 331 1152 406 1213; x_wconf 91' lang='lat' dir='ltr'>quae</span> <span class='ocrx_word' id='word_1_67' title='bbox 441 1141 492 1195; x_wconf 89' lang='lat' dir='ltr'>aut</span> <span class='ocrx_word' id='word_1_68' title='bbox 523 1135 697 1213; x_wconf 83' lang='lat' dir='ltr'><strong>qualitatem</strong></span> <span class='ocrx_word' id='word_1_69' title='bbox 731 1136 900 1211; x_wconf 86' lang='lat' dir='ltr'>significant</span> <span class='ocrx_word' id='word_1_70' title='bbox 933 1144 984 1197; x_wconf 89' lang='lat' dir='ltr'>aut</span> <span class='ocrx_word' id='word_1_71' title='bbox 1016 1139 1221 1216; x_wconf 75' lang='lat' dir='ltr'>quantitatem.</span> <span class='ocrx_word' id='word_1_72' title='bbox 1266 1139 1317 1197; x_wconf 87' lang='lat' dir='ltr'>sed</span> <span class='ocrx_word' id='word_1_73' title='bbox 1351 1157 1410 1198; x_wconf 92' lang='lat' dir='ltr'>non</span> <span class='ocrx_word' id='word_1_74' title='bbox 1443 1142 1536 1199; x_wconf 91' lang='lat' dir='ltr'>omnia</span> <span class='ocrx_word' id='word_1_75' title='bbox 1559 1158 1603 1218; x_wconf 80' lang='lat' dir='ltr'>prr</span> <span class='ocrx_word' id='word_1_76' title='bbox 1656 1124 1657 1193; x_wconf 72' lang='lat' dir='ltr'>l</span> 
     </span>
     <span class='ocr_line' id='line_1_11' title="bbox 330 1228 1657 1317; baseline 0.002 -21"><span class='ocrx_word' id='word_1_77' title='bbox 330 1255 433 1297; x_wconf 90' lang='lat' dir='ltr'>omnes</span> <span class='ocrx_word' id='word_1_78' title='bbox 460 1236 572 1313; x_wconf 82' lang='lat' dir='ltr'>gradus</span> <span class='ocrx_word' id='word_1_79' title='bbox 599 1244 680 1296; x_wconf 93' lang='lat' dir='ltr'>eunt.</span> <span class='ocrx_word' id='word_1_80' title='bbox 725 1236 882 1315; x_wconf 88' lang='lat' dir='ltr'>aliquando</span> <span class='ocrx_word' id='word_1_81' title='bbox 913 1241 991 1298; x_wconf 91' lang='lat' dir='ltr'>enim</span> <span class='ocrx_word' id='word_1_82' title='bbox 1020 1241 1165 1317; x_wconf 85' lang='lat' dir='ltr'>positivus</span> <span class='ocrx_word' id='word_1_83' title='bbox 1193 1238 1302 1315; x_wconf 85' lang='lat' dir='ltr'>gradus</span> <span class='ocrx_word' id='word_1_84' title='bbox 1324 1245 1440 1299; x_wconf 89' lang='lat' dir='ltr'>tautum</span> <span class='ocrx_word' id='word_1_85' title='bbox 1461 1242 1601 1304; x_wconf 88' lang='lat' dir='ltr'>invenitur,</span> <span class='ocrx_word' id='word_1_86' title='bbox 1656 1228 1657 1257; x_wconf 67' lang='lat'>³</span> 
     </span>
     <span class='ocr_line' id='line_1_12' title="bbox 331 1338 1657 1443; baseline 0.002 -46"><span class='ocrx_word' id='word_1_87' title='bbox 331 1346 363 1397; x_wconf 90' lang='lat' dir='ltr'>ut</span> <span class='ocrx_word' id='word_1_88' title='bbox 385 1338 561 1408; x_wconf 87' lang='lat' dir='ltr'>mediocris;</span> <span class='ocrx_word' id='word_1_89' title='bbox 591 1338 749 1417; x_wconf 90' lang='lat' dir='ltr'>aliquando</span> <span class='ocrx_word' id='word_1_90' title='bbox 776 1340 921 1416; x_wconf 85' lang='lat' dir='ltr'>positivus</span> <span class='ocrx_word' id='word_1_91' title='bbox 948 1350 978 1399; x_wconf 87' lang='lat' dir='ltr'>et</span> <span class='ocrx_word' id='word_1_92' title='bbox 1006 1342 1227 1418; x_wconf 64' lang='lat' dir='ltr'>conparativus</span> <span class='ocrx_word' id='word_1_93' title='bbox 1257 1347 1290 1401; x_wconf 89' lang='lat' dir='ltr'>ut</span> <span class='ocrx_word' id='word_1_94' title='bbox 1312 1358 1402 1401; x_wconf 82' lang='lat' dir='ltr'>senex</span> <span class='ocrx_word' id='word_1_95' title='bbox 1424 1343 1534 1411; x_wconf 87' lang='lat' dir='ltr'>senior;</span> <span class='ocrx_word' id='word_1_96' title='bbox 1559 1342 1601 1400; x_wconf 92' lang='lat' dir='ltr'>ali·</span> <span class='ocrx_word' id='word_1_97' title='bbox 1656 1364 1657 1443; x_wconf 57' lang='lat' dir='ltr'>q</span> 
     </span>
     <span class='ocr_line' id='line_1_13' title="bbox 330 1440 1657 1521; baseline 0 -20"><span class='ocrx_word' id='word_1_98' title='bbox 330 1440 448 1519; x_wconf 89' lang='lat' dir='ltr'>quando</span> <span class='ocrx_word' id='word_1_99' title='bbox 471 1442 616 1519; x_wconf 87' lang='lat' dir='ltr'>positivus</span> <span class='ocrx_word' id='word_1_100' title='bbox 638 1448 668 1499; x_wconf 91' lang='lat' dir='ltr'>et</span> <span class='ocrx_word' id='word_1_101' title='bbox 690 1440 901 1519; x_wconf 66' lang='lat' dir='ltr'>superlativus</span> <span class='ocrx_word' id='word_1_102' title='bbox 926 1448 958 1501; x_wconf 92' lang='lat' dir='ltr'>ut</span> <span class='ocrx_word' id='word_1_103' title='bbox 973 1444 1041 1519; x_wconf 93' lang='lat' dir='ltr'>pius</span> <span class='ocrx_word' id='word_1_104' title='bbox 1055 1444 1224 1521; x_wconf 89' lang='lat' dir='ltr'>piissimus:</span> <span class='ocrx_word' id='word_1_105' title='bbox 1247 1442 1409 1521; x_wconf 92' lang='lat' dir='ltr'>quodcum</span> <span class='ocrx_word' id='word_1_106' title='bbox 1432 1444 1538 1510; x_wconf 84' lang='lat' dir='ltr'>evenit,</span> <span class='ocrx_word' id='word_1_107' title='bbox 1558 1460 1633 1520; x_wconf 76' lang='lat' dir='ltr'>prou</span> <span class='ocrx_word' id='word_1_108' title='bbox 1656 1494 1657 1515; x_wconf 77' lang='lat'>,</span> 
     </span>
     <span class='ocr_line' id='line_1_14' title="bbox 330 1542 1657 1643; baseline 0.002 -42"><span class='ocrx_word' id='word_1_109' title='bbox 330 1543 461 1603; x_wconf 89' lang='lat' dir='ltr'>secundo</span> <span class='ocrx_word' id='word_1_110' title='bbox 482 1542 577 1620; x_wconf 82' lang='lat' dir='ltr'>gradu</span> <span class='ocrx_word' id='word_1_111' title='bbox 599 1544 694 1619; x_wconf 80' lang='lat' dir='ltr'>magis</span> <span class='ocrx_word' id='word_1_112' title='bbox 716 1542 892 1602; x_wconf 78' lang='lat' dir='ltr'>adverbium</span> <span class='ocrx_word' id='word_1_113' title='bbox 914 1546 1065 1623; x_wconf 89' lang='lat' dir='ltr'>ponimus,</span> <span class='ocrx_word' id='word_1_114' title='bbox 1090 1551 1123 1605; x_wconf 95' lang='lat' dir='ltr'>ut</span> <span class='ocrx_word' id='word_1_115' title='bbox 1147 1546 1240 1621; x_wconf 82' lang='lat' dir='ltr'>magis</span> <span class='ocrx_word' id='word_1_116' title='bbox 1261 1547 1342 1623; x_wconf 90' lang='lat' dir='ltr'>pius:</span> <span class='ocrx_word' id='word_1_117' title='bbox 1372 1544 1527 1623; x_wconf 90' lang='lat' dir='ltr'>aliquando</span> <span class='ocrx_word' id='word_1_118' title='bbox 1544 1564 1600 1603; x_wconf 86' lang='lat' dir='ltr'>rou·</span> <span class='ocrx_word' id='word_1_119' title='bbox 1656 1558 1657 1643; x_wconf 59' lang='lat' dir='ltr'>q</span> 
     </span>
     <span class='ocr_line' id='line_1_15' title="bbox 330 1644 1657 1725; baseline 0.005 -21"><span class='ocrx_word' id='word_1_120' title='bbox 330 1647 482 1721; x_wconf 85' lang='lat' dir='ltr'>parativus</span> <span class='ocrx_word' id='word_1_121' title='bbox 504 1651 534 1703; x_wconf 91' lang='lat' dir='ltr'>et</span> <span class='ocrx_word' id='word_1_122' title='bbox 556 1644 767 1723; x_wconf 89' lang='lat' dir='ltr'>superlativus,</span> <span class='ocrx_word' id='word_1_123' title='bbox 792 1653 825 1704; x_wconf 92' lang='lat' dir='ltr'>ut</span> <span class='ocrx_word' id='word_1_124' title='bbox 847 1644 972 1703; x_wconf 91' lang='lat' dir='ltr'>ulterior</span> <span class='ocrx_word' id='word_1_125' title='bbox 994 1645 1129 1716; x_wconf 90' lang='lat' dir='ltr'>ultimus;</span> <span class='ocrx_word' id='word_1_126' title='bbox 1160 1645 1316 1725; x_wconf 91' lang='lat' dir='ltr'>aliquando</span> <span class='ocrx_word' id='word_1_127' title='bbox 1338 1646 1530 1725; x_wconf 85' lang='lat' dir='ltr'>superlativus</span> <span class='ocrx_word' id='word_1_128' title='bbox 1550 1654 1601 1705; x_wconf 87' lang='lat' dir='ltr'>tan·</span> <span class='ocrx_word' id='word_1_129' title='bbox 1656 1658 1657 1711; x_wconf 81' lang='lat' dir='ltr'>t</span> 
     </span>
     <span class='ocr_line' id='line_1_16' title="bbox 331 1732 1657 1827; baseline 0.002 -22"><span class='ocrx_word' id='word_1_130' title='bbox 331 1752 403 1814; x_wconf 88' lang='lat' dir='ltr'>tum,</span> <span class='ocrx_word' id='word_1_131' title='bbox 427 1754 460 1805; x_wconf 90' lang='lat' dir='ltr'>ut</span> <span class='ocrx_word' id='word_1_132' title='bbox 474 1747 663 1806; x_wconf 92' lang='lat' dir='ltr'>novissimus.</span> <span class='ocrx_word' id='word_1_133' title='bbox 693 1752 777 1805; x_wconf 83' lang='lat' dir='ltr'>extra</span> <span class='ocrx_word' id='word_1_134' title='bbox 800 1745 877 1807; x_wconf 88' lang='lat' dir='ltr'>hanc</span> <span class='ocrx_word' id='word_1_135' title='bbox 899 1747 1025 1807; x_wconf 83' lang='lat' dir='ltr'>lornram</span> <span class='ocrx_word' id='word_1_136' title='bbox 1048 1756 1116 1808; x_wconf 89' lang='lat' dir='ltr'>sunt</span> <span class='ocrx_word' id='word_1_137' title='bbox 1138 1766 1173 1809; x_wconf 89' lang='lat' dir='ltr'>ea</span> <span class='ocrx_word' id='word_1_138' title='bbox 1196 1767 1271 1827; x_wconf 88' lang='lat' dir='ltr'>quae</span> <span class='ocrx_word' id='word_1_139' title='bbox 1294 1767 1352 1809; x_wconf 94' lang='lat' dir='ltr'>nou</span> <span class='ocrx_word' id='word_1_140' title='bbox 1376 1749 1540 1816; x_wconf 86' lang='lat' dir='ltr'>inllexioue,</span> <span class='ocrx_word' id='word_1_141' title='bbox 1560 1748 1601 1807; x_wconf 81' lang='lat' dir='ltr'>sel</span> <span class='ocrx_word' id='word_1_142' title='bbox 1656 1732 1657 1781; x_wconf 56' lang='lat'>¹</span> 
     </span>
     <span class='ocr_line' id='line_1_17' title="bbox 330 1848 1657 1947; baseline 0.002 -42"><span class='ocrx_word' id='word_1_143' title='bbox 330 1848 528 1908; x_wconf 91' lang='lat' dir='ltr'>inmutatione</span> <span class='ocrx_word' id='word_1_144' title='bbox 546 1850 790 1927; x_wconf 79' lang='lat' dir='ltr'>conparationem</span> <span class='ocrx_word' id='word_1_145' title='bbox 806 1856 1048 1926; x_wconf 86' lang='lat' dir='ltr'>repraesentant,</span> <span class='ocrx_word' id='word_1_146' title='bbox 1068 1857 1101 1910; x_wconf 93' lang='lat' dir='ltr'>ut</span> <span class='ocrx_word' id='word_1_147' title='bbox 1117 1849 1214 1910; x_wconf 90' lang='lat' dir='ltr'>bouus</span> <span class='ocrx_word' id='word_1_148' title='bbox 1234 1850 1338 1911; x_wconf 89' lang='lat' dir='ltr'>malus.</span> <span class='ocrx_word' id='word_1_149' title='bbox 1369 1868 1437 1910; x_wconf 86' lang='lat' dir='ltr'>nam</span> <span class='ocrx_word' id='word_1_150' title='bbox 1454 1852 1479 1910; x_wconf 92' lang='lat' dir='ltr'>si</span> <span class='ocrx_word' id='word_1_151' title='bbox 1499 1850 1603 1909; x_wconf 85' lang='lat' dir='ltr'>ilecterc</span> <span class='ocrx_word' id='word_1_152' title='bbox 1656 1912 1657 1947; x_wconf 70' lang='lat'>,</span> 
     </span>
     <span class='ocr_line' id='line_1_18' title="bbox 329 1947 1633 2028; baseline 0.002 -20"><span class='ocrx_word' id='word_1_153' title='bbox 329 1947 403 2008; x_wconf 90' lang='lat' dir='ltr'>velis</span> <span class='ocrx_word' id='word_1_154' title='bbox 424 1951 487 2027; x_wconf 88' lang='lat' dir='ltr'>ipsa</span> <span class='ocrx_word' id='word_1_155' title='bbox 511 1949 644 2009; x_wconf 86' lang='lat' dir='ltr'>absoluta</span> <span class='ocrx_word' id='word_1_156' title='bbox 667 1952 801 2019; x_wconf 92' lang='lat' dir='ltr'>nomina,</span> <span class='ocrx_word' id='word_1_157' title='bbox 830 1953 1074 2028; x_wconf 86' lang='lat' dir='ltr'>conparationem</span> <span class='ocrx_word' id='word_1_158' title='bbox 1095 1952 1217 2012; x_wconf 91' lang='lat' dir='ltr'>latinam</span> <span class='ocrx_word' id='word_1_159' title='bbox 1240 1970 1299 2013; x_wconf 94' lang='lat' dir='ltr'>nou</span> <span class='ocrx_word' id='word_1_160' title='bbox 1321 1954 1470 2020; x_wconf 64' lang='lat' dir='ltr'>inveniam</span> <span class='ocrx_word' id='word_1_161' title='bbox 1502 1954 1525 2013; x_wconf 93' lang='lat' dir='ltr'>si</span> <span class='ocrx_word' id='word_1_162' title='bbox 1545 1970 1605 2011; x_wconf 85' lang='lat' dir='ltr'>vcro</span> <span class='ocrx_word' id='word_1_163' title='bbox 1616 1964 1633 1999; x_wconf 72' lang='lat'>1³</span> 
     </span>
     <span class='ocr_line' id='line_1_19' title="bbox 330 2051 1605 2132; baseline 0.002 -23"><span class='ocrx_word' id='word_1_164' title='bbox 330 2057 511 2111; x_wconf 88' lang='lat' dir='ltr'>transmutes</span> <span class='ocrx_word' id='word_1_165' title='bbox 544 2051 646 2112; x_wconf 91' lang='lat' dir='ltr'>eadem</span> <span class='ocrx_word' id='word_1_166' title='bbox 681 2054 818 2120; x_wconf 78' lang='lat' dir='ltr'>nentina,</span> <span class='ocrx_word' id='word_1_167' title='bbox 857 2054 995 2113; x_wconf 83' lang='lat' dir='ltr'>conficies</span> <span class='ocrx_word' id='word_1_168' title='bbox 1028 2056 1290 2132; x_wconf 86' lang='lat' dir='ltr'>conparationem,</span> <span class='ocrx_word' id='word_1_169' title='bbox 1324 2062 1358 2115; x_wconf 91' lang='lat' dir='ltr'>ut</span> <span class='ocrx_word' id='word_1_170' title='bbox 1389 2053 1485 2113; x_wconf 89' lang='lat' dir='ltr'>honus</span> <span class='ocrx_word' id='word_1_171' title='bbox 1515 2054 1605 2113; x_wconf 86' lang='lat' dir='ltr'>melior</span> 
     </span>
     <span class='ocr_line' id='line_1_20' title="bbox 329 2154 1605 2234; baseline 0.003 -23"><span class='ocrx_word' id='word_1_172' title='bbox 329 2154 474 2232; x_wconf 91' lang='lat' dir='ltr'>optimus,</span> <span class='ocrx_word' id='word_1_173' title='bbox 498 2154 593 2214; x_wconf 88' lang='lat' dir='ltr'>malus</span> <span class='ocrx_word' id='word_1_174' title='bbox 614 2156 698 2232; x_wconf 91' lang='lat' dir='ltr'>peior</span> <span class='ocrx_word' id='word_1_175' title='bbox 721 2156 878 2232; x_wconf 90' lang='lat' dir='ltr'>pessimus.</span> <span class='ocrx_word' id='word_1_176' title='bbox 921 2173 992 2215; x_wconf 89' lang='lat' dir='ltr'>sane</span> <span class='ocrx_word' id='word_1_177' title='bbox 1021 2156 1093 2216; x_wconf 93' lang='lat' dir='ltr'>illud</span> <span class='ocrx_word' id='word_1_178' title='bbox 1117 2159 1194 2216; x_wconf 90' lang='lat' dir='ltr'>scire</span> <span class='ocrx_word' id='word_1_179' title='bbox 1217 2155 1374 2224; x_wconf 86' lang='lat' dir='ltr'>debemus,</span> <span class='ocrx_word' id='word_1_180' title='bbox 1398 2157 1605 2234; x_wconf 85' lang='lat' dir='ltr'>conparativum</span> 
     </span>
     <span class='ocr_line' id='line_1_21' title="bbox 329 2254 1605 2336; baseline 0.002 -23"><span class='ocrx_word' id='word_1_181' title='bbox 329 2254 455 2331; x_wconf 87' lang='lat' dir='ltr'>gradmn</span> <span class='ocrx_word' id='word_1_182' title='bbox 486 2256 625 2317; x_wconf 80' lang='lat' dir='ltr'>seminini</span> <span class='ocrx_word' id='word_1_183' title='bbox 656 2274 689 2315; x_wconf 88' lang='lat' dir='ltr'>ae</span> <span class='ocrx_word' id='word_1_184' title='bbox 723 2256 879 2316; x_wconf 85' lang='lat' dir='ltr'>masculini</span> <span class='ocrx_word' id='word_1_185' title='bbox 913 2259 1033 2333; x_wconf 82' lang='lat' dir='ltr'>generis</span> <span class='ocrx_word' id='word_1_186' title='bbox 1064 2276 1182 2336; x_wconf 90' lang='lat' dir='ltr'>semper</span> <span class='ocrx_word' id='word_1_187' title='bbox 1214 2276 1278 2318; x_wconf 90' lang='lat' dir='ltr'>esse</span> <span class='ocrx_word' id='word_1_188' title='bbox 1306 2275 1503 2318; x_wconf 89' lang='lat' dir='ltr'>communem.</span> <span class='ocrx_word' id='word_1_189' title='bbox 1543 2260 1605 2317; x_wconf 91' lang='lat' dir='ltr'>item</span> 
     </span>
     <span class='ocr_line' id='line_1_22' title="bbox 329 2348 1657 2439; baseline 0 -23"><span class='ocrx_word' id='word_1_190' title='bbox 329 2359 406 2417; x_wconf 88' lang='lat' dir='ltr'>scire</span> <span class='ocrx_word' id='word_1_191' title='bbox 440 2356 584 2417; x_wconf 85' lang='lat' dir='ltr'>debemus</span> <span class='ocrx_word' id='word_1_192' title='bbox 616 2360 840 2436; x_wconf 89' lang='lat' dir='ltr'>conparativum</span> <span class='ocrx_word' id='word_1_193' title='bbox 872 2358 998 2435; x_wconf 87' lang='lat' dir='ltr'>gradum</span> <span class='ocrx_word' id='word_1_194' title='bbox 1031 2358 1158 2419; x_wconf 87' lang='lat' dir='ltr'>ablativo</span> <span class='ocrx_word' id='word_1_195' title='bbox 1190 2356 1281 2439; x_wconf 74' lang='lat' dir='ltr'>calsui</span> <span class='ocrx_word' id='word_1_196' title='bbox 1314 2360 1470 2439; x_wconf 89' lang='lat' dir='ltr'>utriusque</span> <span class='ocrx_word' id='word_1_197' title='bbox 1502 2360 1606 2419; x_wconf 89' lang='lat' dir='ltr'>numeri</span> <span class='ocrx_word' id='word_1_198' title='bbox 1656 2348 1657 2395; x_wconf 49' lang='grc' dir='ltr'><em>ἕ</em></span> 
     </span>
     <span class='ocr_line' id='line_1_23' title="bbox 329 2458 1657 2555; baseline 0.002 -38"><span class='ocrx_word' id='word_1_199' title='bbox 329 2461 413 2536; x_wconf 84' lang='lat' dir='ltr'>iungi</span> <span class='ocrx_word' id='word_1_200' title='bbox 441 2458 567 2529; x_wconf 86' lang='lat' dir='ltr'>debere,</span> <span class='ocrx_word' id='word_1_201' title='bbox 595 2462 732 2539; x_wconf 89' lang='lat' dir='ltr'>quotiens</span> <span class='ocrx_word' id='word_1_202' title='bbox 759 2460 889 2539; x_wconf 87' lang='lat' dir='ltr'>aliquem</span> <span class='ocrx_word' id='word_1_203' title='bbox 917 2461 963 2520; x_wconf 93' lang='lat' dir='ltr'>vel</span> <span class='ocrx_word' id='word_1_204' title='bbox 993 2461 1089 2521; x_wconf 91' lang='lat' dir='ltr'>alieno</span> <span class='ocrx_word' id='word_1_205' title='bbox 1117 2462 1163 2521; x_wconf 94' lang='lat' dir='ltr'>vel</span> <span class='ocrx_word' id='word_1_206' title='bbox 1191 2480 1244 2521; x_wconf 93' lang='lat' dir='ltr'>suo</span> <span class='ocrx_word' id='word_1_207' title='bbox 1272 2463 1374 2538; x_wconf 85' lang='lat' dir='ltr'>generi</span> <span class='ocrx_word' id='word_1_208' title='bbox 1409 2470 1657 2555; x_wconf 23' lang='lat' dir='ltr'>conparanrusffl}</span> 
     </span>
     <span class='ocr_line' id='line_1_24' title="bbox 329 2560 1604 2623; baseline 0 -2"><span class='ocrx_word' id='word_1_209' title='bbox 329 2560 458 2621; x_wconf 85' lang='lat' dir='ltr'>dicimus</span> <span class='ocrx_word' id='word_1_210' title='bbox 491 2562 571 2621; x_wconf 92' lang='lat' dir='ltr'>euim</span> <span class='ocrx_word' id='word_1_211' title='bbox 605 2562 731 2622; x_wconf 78' lang='lat' dir='ltr'>‘Hector</span> <span class='ocrx_word' id='word_1_212' title='bbox 763 2562 871 2621; x_wconf 90' lang='lat' dir='ltr'>lortior</span> <span class='ocrx_word' id='word_1_213' title='bbox 900 2561 1061 2623; x_wconf 87' lang='lat' dir='ltr'>Diomede&#39;</span> <span class='ocrx_word' id='word_1_214' title='bbox 1095 2563 1138 2622; x_wconf 89' lang='lat' dir='ltr'>vel</span> <span class='ocrx_word' id='word_1_215' title='bbox 1174 2562 1329 2623; x_wconf 79' lang='lat' dir='ltr'>‘Troianis</span> <span class='ocrx_word' id='word_1_216' title='bbox 1362 2563 1503 2623; x_wconf 88' lang='lat' dir='ltr'>audacior</span> <span class='ocrx_word' id='word_1_217' title='bbox 1532 2564 1604 2623; x_wconf 89' lang='lat' dir='ltr'>luit&#39;.</span> 
     </span>
     <span class='ocr_line' id='line_1_25' title="bbox 329 2664 1605 2741; baseline -0.001 -18"><span class='ocrx_word' id='word_1_218' title='bbox 329 2670 458 2723; x_wconf 89' lang='lat' dir='ltr'>attamen</span> <span class='ocrx_word' id='word_1_219' title='bbox 486 2665 693 2741; x_wconf 90' lang='lat' dir='ltr'>conparativus</span> <span class='ocrx_word' id='word_1_220' title='bbox 720 2664 771 2723; x_wconf 87' lang='lat' dir='ltr'>hie</span> <span class='ocrx_word' id='word_1_221' title='bbox 799 2664 910 2740; x_wconf 82' lang='lat' dir='ltr'>gradus</span> <span class='ocrx_word' id='word_1_222' title='bbox 940 2667 1029 2725; x_wconf 90' lang='lat' dir='ltr'>etiam</span> <span class='ocrx_word' id='word_1_223' title='bbox 1057 2667 1238 2725; x_wconf 88' lang='lat' dir='ltr'>nominativo</span> <span class='ocrx_word' id='word_1_224' title='bbox 1260 2666 1408 2741; x_wconf 78' lang='lat' dir='ltr'>iungitur,</span> <span class='ocrx_word' id='word_1_225' title='bbox 1434 2672 1467 2725; x_wconf 94' lang='lat' dir='ltr'>ut</span> <span class='ocrx_word' id='word_1_226' title='bbox 1488 2664 1605 2725; x_wconf 74' lang='lat' dir='ltr'>‘doctior</span> 
     </span>
     <span class='ocr_line' id='line_1_26' title="bbox 328 2765 1605 2847; baseline -0.001 -23"><span class='ocrx_word' id='word_1_227' title='bbox 328 2766 378 2825; x_wconf 89' lang='lat' dir='ltr'>hic</span> <span class='ocrx_word' id='word_1_228' title='bbox 409 2783 499 2845; x_wconf 88' lang='lat' dir='ltr'>quam</span> <span class='ocrx_word' id='word_1_229' title='bbox 531 2765 610 2825; x_wconf 89' lang='lat' dir='ltr'>ille&#39;.</span> <span class='ocrx_word' id='word_1_230' title='bbox 660 2765 876 2843; x_wconf 83' lang='lat' dir='ltr'>superlativum</span> <span class='ocrx_word' id='word_1_231' title='bbox 909 2785 979 2826; x_wconf 92' lang='lat' dir='ltr'>vero</span> <span class='ocrx_word' id='word_1_232' title='bbox 1006 2766 1103 2845; x_wconf 89' lang='lat' dir='ltr'>palam</span> <span class='ocrx_word' id='word_1_233' title='bbox 1130 2774 1176 2827; x_wconf 91' lang='lat' dir='ltr'>est</span> <span class='ocrx_word' id='word_1_234' title='bbox 1203 2768 1335 2844; x_wconf 81' lang='lat' dir='ltr'>genitivo</span> <span class='ocrx_word' id='word_1_235' title='bbox 1369 2772 1485 2827; x_wconf 91' lang='lat' dir='ltr'>tantum</span> <span class='ocrx_word' id='word_1_236' title='bbox 1511 2765 1605 2847; x_wconf 88' lang='lat' dir='ltr'>plurali</span> 
     </span>
     <span class='ocr_line' id='line_1_27' title="bbox 329 2860 1657 2948; baseline 0 -23"><span class='ocrx_word' id='word_1_237' title='bbox 329 2869 411 2943; x_wconf 84' lang='lat' dir='ltr'>iungi</span> <span class='ocrx_word' id='word_1_238' title='bbox 435 2874 589 2945; x_wconf 90' lang='lat' dir='ltr'>oportere;</span> <span class='ocrx_word' id='word_1_239' title='bbox 613 2875 643 2926; x_wconf 92' lang='lat' dir='ltr'>et</span> <span class='ocrx_word' id='word_1_240' title='bbox 664 2874 727 2927; x_wconf 91' lang='lat' dir='ltr'>tum</span> <span class='ocrx_word' id='word_1_241' title='bbox 750 2867 805 2927; x_wconf 89' lang='lat' dir='ltr'>hoc</span> <span class='ocrx_word' id='word_1_242' title='bbox 828 2870 955 2937; x_wconf 92' lang='lat' dir='ltr'>utimur,</span> <span class='ocrx_word' id='word_1_243' title='bbox 979 2887 1046 2928; x_wconf 90' lang='lat' dir='ltr'>eum</span> <span class='ocrx_word' id='word_1_244' title='bbox 1069 2869 1197 2948; x_wconf 90' lang='lat' dir='ltr'>aliquem</span> <span class='ocrx_word' id='word_1_245' title='bbox 1216 2886 1288 2947; x_wconf 85' lang='lat' dir='ltr'>suo,</span> <span class='ocrx_word' id='word_1_246' title='bbox 1317 2888 1376 2929; x_wconf 92' lang='lat' dir='ltr'>non</span> <span class='ocrx_word' id='word_1_247' title='bbox 1399 2868 1495 2931; x_wconf 91' lang='lat' dir='ltr'>alieno</span> <span class='ocrx_word' id='word_1_248' title='bbox 1514 2871 1604 2946; x_wconf 79' lang='lat' dir='ltr'>generi</span> <span class='ocrx_word' id='word_1_249' title='bbox 1656 2860 1657 2871; x_wconf 70' lang='grc'>’</span> 
     </span>
     <span class='ocr_line' id='line_1_28' title="bbox 329 2968 1635 3048; baseline 0.002 -22"><span class='ocrx_word' id='word_1_250' title='bbox 329 2986 538 3046; x_wconf 76' lang='lat' dir='ltr'>conparamuS,</span> <span class='ocrx_word' id='word_1_251' title='bbox 567 2975 601 3027; x_wconf 90' lang='lat' dir='ltr'>ut</span> <span class='ocrx_word' id='word_1_252' title='bbox 622 2968 749 3028; x_wconf 74' lang='lat' dir='ltr'>‘ilector</span> <span class='ocrx_word' id='word_1_253' title='bbox 777 2969 958 3029; x_wconf 79' lang='lat' dir='ltr'>fortissimus</span> <span class='ocrx_word' id='word_1_254' title='bbox 981 2970 1177 3032; x_wconf 87' lang='lat' dir='ltr'>Troianorum</span> <span class='ocrx_word' id='word_1_255' title='bbox 1206 2973 1290 3031; x_wconf 90' lang='lat' dir='ltr'>luit’.</span> <span class='ocrx_word' id='word_1_256' title='bbox 1335 2970 1385 3029; x_wconf 92' lang='lat' dir='ltr'>hic</span> <span class='ocrx_word' id='word_1_257' title='bbox 1413 2971 1492 3032; x_wconf 89' lang='lat' dir='ltr'>idem</span> <span class='ocrx_word' id='word_1_258' title='bbox 1512 2980 1635 3048; x_wconf 69' lang='lat' dir='ltr'>super-21¹</span> 
     </span>
     <span class='ocr_line' id='line_1_29' title="bbox 327 3069 1657 3155; baseline -0.002 -26"><span class='ocrx_word' id='word_1_259' title='bbox 327 3069 434 3130; x_wconf 90' lang='lat' dir='ltr'>latirus</span> <span class='ocrx_word' id='word_1_260' title='bbox 456 3070 631 3149; x_wconf 91' lang='lat' dir='ltr'>plerumque</span> <span class='ocrx_word' id='word_1_261' title='bbox 660 3088 715 3148; x_wconf 92' lang='lat' dir='ltr'>pro</span> <span class='ocrx_word' id='word_1_262' title='bbox 742 3072 870 3149; x_wconf 90' lang='lat' dir='ltr'>positivo</span> <span class='ocrx_word' id='word_1_263' title='bbox 899 3074 1019 3155; x_wconf 86' lang='lat' dir='ltr'>ponitur</span> <span class='ocrx_word' id='word_1_264' title='bbox 1052 3092 1108 3134; x_wconf 91' lang='lat' dir='ltr'>nec</span> <span class='ocrx_word' id='word_1_265' title='bbox 1130 3080 1324 3151; x_wconf 88' lang='lat' dir='ltr'>conparatur,</span> <span class='ocrx_word' id='word_1_266' title='bbox 1348 3078 1382 3130; x_wconf 92' lang='lat' dir='ltr'>nt</span> <span class='ocrx_word' id='word_1_267' title='bbox 1404 3091 1471 3133; x_wconf 90' lang='lat' dir='ltr'>cum</span> <span class='ocrx_word' id='word_1_268' title='bbox 1493 3072 1602 3131; x_wconf 83' lang='lat' dir='ltr'>dicimus</span> <span class='ocrx_word' id='word_1_269' title='bbox 1656 3110 1657 3127; x_wconf 40' lang='lat' dir='ltr'>a</span> 
     </span>
     <span class='ocr_line' id='line_1_30' title="bbox 328 3170 1599 3254; baseline 0.001 -25"><span class='ocrx_word' id='word_1_270' title='bbox 328 3170 463 3249; x_wconf 91' lang='lat' dir='ltr'>luppiter</span> <span class='ocrx_word' id='word_1_271' title='bbox 495 3174 626 3249; x_wconf 89' lang='lat' dir='ltr'>optimus</span> <span class='ocrx_word' id='word_1_272' title='bbox 660 3175 815 3232; x_wconf 82' lang='lat' dir='ltr'>maximus.</span> <span class='ocrx_word' id='word_1_273' title='bbox 860 3174 1009 3234; x_wconf 91' lang='lat' dir='ltr'>interdum</span> <span class='ocrx_word' id='word_1_274' title='bbox 1043 3177 1252 3254; x_wconf 86' lang='lat' dir='ltr'>conparativus</span> <span class='ocrx_word' id='word_1_275' title='bbox 1284 3174 1394 3251; x_wconf 83' lang='lat' dir='ltr'>gradus</span> <span class='ocrx_word' id='word_1_276' title='bbox 1427 3175 1599 3253; x_wconf 85' lang='lat' dir='ltr'>praeponitur</span> 
     </span>
     <span class='ocr_line' id='line_1_31' title="bbox 328 3272 1657 3355; baseline 0 -25"><span class='ocrx_word' id='word_1_277' title='bbox 328 3272 522 3350; x_wconf 88' lang='lat' dir='ltr'>superlativo,</span> <span class='ocrx_word' id='word_1_278' title='bbox 552 3280 585 3332; x_wconf 94' lang='lat' dir='ltr'>ut</span> <span class='ocrx_word' id='word_1_279' title='bbox 614 3273 732 3333; x_wconf 91' lang='lat' dir='ltr'>stultior</span> <span class='ocrx_word' id='word_1_280' title='bbox 755 3274 931 3334; x_wconf 89' lang='lat' dir='ltr'>stultissimo</span> <span class='ocrx_word' id='word_1_281' title='bbox 953 3281 983 3334; x_wconf 87' lang='lat' dir='ltr'>et</span> <span class='ocrx_word' id='word_1_282' title='bbox 1007 3278 1102 3335; x_wconf 91' lang='lat' dir='ltr'>maior</span> <span class='ocrx_word' id='word_1_283' title='bbox 1124 3278 1262 3337; x_wconf 88' lang='lat' dir='ltr'>maximo.</span> <span class='ocrx_word' id='word_1_284' title='bbox 1306 3278 1379 3336; x_wconf 93' lang='lat' dir='ltr'>item</span> <span class='ocrx_word' id='word_1_285' title='bbox 1401 3278 1599 3355; x_wconf 83' lang='lat' dir='ltr'>conparativus.</span> <span class='ocrx_word' id='word_1_286' title='bbox 1656 3336 1657 3339; x_wconf 8' lang='grc' dir='ltr'><strong>Ἴ</strong></span> 
     </span>
     <span class='ocr_line' id='line_1_32' title="bbox 328 3376 1657 3456; baseline -0.001 -24"><span class='ocrx_word' id='word_1_287' title='bbox 328 3376 462 3452; x_wconf 69' lang='lat' dir='ltr'>(quamvis</span> <span class='ocrx_word' id='word_1_288' title='bbox 484 3377 611 3454; x_wconf 90' lang='lat' dir='ltr'>recipiat</span> <span class='ocrx_word' id='word_1_289' title='bbox 633 3378 891 3455; x_wconf 88' lang='lat' dir='ltr'>conparationem,</span> <span class='ocrx_word' id='word_1_290' title='bbox 916 3395 1003 3456; x_wconf 89' lang='lat' dir='ltr'>saepe</span> <span class='ocrx_word' id='word_1_291' title='bbox 1026 3380 1125 3437; x_wconf 91' lang='lat' dir='ltr'>minus</span> <span class='ocrx_word' id='word_1_292' title='bbox 1148 3398 1164 3437; x_wconf 90' lang='lat' dir='ltr'>a</span> <span class='ocrx_word' id='word_1_293' title='bbox 1186 3379 1312 3456; x_wconf 91' lang='lat' dir='ltr'>positivo</span> <span class='ocrx_word' id='word_1_294' title='bbox 1334 3378 1496 3455; x_wconf 77' lang='lat' dir='ltr'>significat,</span> <span class='ocrx_word' id='word_1_295' title='bbox 1518 3384 1547 3437; x_wconf 93' lang='lat' dir='ltr'>ut</span> <span class='ocrx_word' id='word_1_296' title='bbox 1564 3382 1600 3433; x_wconf 84' lang='lat' dir='ltr'>est</span> <span class='ocrx_word' id='word_1_297' title='bbox 1656 3422 1657 3447; x_wconf 43' lang='lat'>2</span> 
     </span>
     <span class='ocr_line' id='line_1_33' title="bbox 327 3466 1635 3557; baseline -0.001 -22"><span class='ocrx_word' id='word_1_298' title='bbox 327 3478 442 3536; x_wconf 81' lang='lat' dir='ltr'>‘mare</span> <span class='ocrx_word' id='word_1_299' title='bbox 473 3475 666 3537; x_wconf 88' lang='lat' dir='ltr'>Ponticum</span> <span class='ocrx_word' id='word_1_300' title='bbox 698 3478 847 3539; x_wconf 87' lang='lat' dir='ltr'>dulcius</span> <span class='ocrx_word' id='word_1_301' title='bbox 880 3498 985 3557; x_wconf 90' lang='lat' dir='ltr'>quam</span> <span class='ocrx_word' id='word_1_302' title='bbox 1015 3466 1174 3549; x_wconf 46' lang='lat' dir='ltr'>cetera&amp;</span> <span class='ocrx_word' id='word_1_303' title='bbox 1208 3480 1238 3540; x_wconf 94' lang='lat' dir='ltr'>id</span> <span class='ocrx_word' id='word_1_304' title='bbox 1267 3487 1313 3540; x_wconf 91' lang='lat' dir='ltr'>est</span> <span class='ocrx_word' id='word_1_305' title='bbox 1339 3482 1439 3540; x_wconf 92' lang='lat' dir='ltr'>miuus</span> <span class='ocrx_word' id='word_1_306' title='bbox 1469 3486 1635 3539; x_wconf 66' lang='lat' dir='ltr'>amarumet</span> 
     </span>
     <span class='ocr_line' id='line_1_34' title="bbox 327 3566 1657 3660; baseline -0.001 -23"><span class='ocrx_word' id='word_1_307' title='bbox 327 3580 426 3637; x_wconf 89' lang='lat' dir='ltr'>minus</span> <span class='ocrx_word' id='word_1_308' title='bbox 448 3579 529 3636; x_wconf 91' lang='lat' dir='ltr'>enim</span> <span class='ocrx_word' id='word_1_309' title='bbox 552 3579 697 3657; x_wconf 89' lang='lat' dir='ltr'>estquod</span> <span class='ocrx_word' id='word_1_310' title='bbox 721 3580 796 3639; x_wconf 79' lang='lat' dir='ltr'>dixit</span> <span class='ocrx_word' id='word_1_311' title='bbox 818 3580 950 3649; x_wconf 86' lang='lat' dir='ltr'>dulcius,</span> <span class='ocrx_word' id='word_1_312' title='bbox 974 3600 1061 3660; x_wconf 86' lang='lat' dir='ltr'>quam</span> <span class='ocrx_word' id='word_1_313' title='bbox 1085 3583 1110 3641; x_wconf 91' lang='lat' dir='ltr'>si</span> <span class='ocrx_word' id='word_1_314' title='bbox 1129 3580 1254 3641; x_wconf 78' lang='lat' dir='ltr'>dixisset</span> <span class='ocrx_word' id='word_1_315' title='bbox 1269 3580 1368 3641; x_wconf 89' lang='lat' dir='ltr'>dulce:</span> <span class='ocrx_word' id='word_1_316' title='bbox 1393 3583 1554 3641; x_wconf 77' lang='lat' dir='ltr'>‘tristior</span> <span class='ocrx_word' id='word_1_317' title='bbox 1572 3588 1598 3637; x_wconf 84' lang='lat' dir='ltr'>et</span> <span class='ocrx_word' id='word_1_318' title='bbox 1656 3566 1657 3571; x_wconf 31' lang='lat'>¹</span> 
     </span>
     <span class='ocr_line' id='line_1_35' title="bbox 328 3679 1600 3763; baseline 0.002 -25"><span class='ocrx_word' id='word_1_319' title='bbox 328 3679 500 3739; x_wconf 90' lang='lat' dir='ltr'>lacrimis</span> <span class='ocrx_word' id='word_1_320' title='bbox 522 3698 549 3739; x_wconf 90' lang='lat' dir='ltr'>o.</span> <span class='ocrx_word' id='word_1_321' title='bbox 574 3698 597 3739; x_wconf 89' lang='lat' dir='ltr'>s.</span> <span class='ocrx_word' id='word_1_322' title='bbox 621 3682 664 3739; x_wconf 90' lang='lat' dir='ltr'>n.’</span> <span class='ocrx_word' id='word_1_323' title='bbox 688 3681 719 3740; x_wconf 93' lang='lat' dir='ltr'>id</span> <span class='ocrx_word' id='word_1_324' title='bbox 742 3688 787 3741; x_wconf 90' lang='lat' dir='ltr'>est</span> <span class='ocrx_word' id='word_1_325' title='bbox 809 3684 908 3742; x_wconf 91' lang='lat' dir='ltr'>minus</span> <span class='ocrx_word' id='word_1_326' title='bbox 929 3682 1016 3743; x_wconf 89' lang='lat' dir='ltr'>laeta.</span> <span class='ocrx_word' id='word_1_327' title='bbox 1061 3683 1140 3743; x_wconf 89' lang='lat' dir='ltr'>idern</span> <span class='ocrx_word' id='word_1_328' title='bbox 1168 3685 1242 3743; x_wconf 89' lang='lat' dir='ltr'>eitra</span> <span class='ocrx_word' id='word_1_329' title='bbox 1265 3683 1355 3744; x_wconf 92' lang='lat' dir='ltr'>ullam</span> <span class='ocrx_word' id='word_1_330' title='bbox 1378 3686 1600 3763; x_wconf 82' lang='lat' dir='ltr'>conparationem</span> 
     </span>
     <span class='ocr_line' id='line_1_36' title="bbox 327 3781 1418 3863; baseline 0.004 -24"><span class='ocrx_word' id='word_1_331' title='bbox 327 3800 382 3859; x_wconf 87' lang='lat' dir='ltr'>pro</span> <span class='ocrx_word' id='word_1_332' title='bbox 403 3784 530 3859; x_wconf 90' lang='lat' dir='ltr'>positivo</span> <span class='ocrx_word' id='word_1_333' title='bbox 554 3781 703 3842; x_wconf 91' lang='lat' dir='ltr'>interdum</span> <span class='ocrx_word' id='word_1_334' title='bbox 725 3785 841 3860; x_wconf 89' lang='lat' dir='ltr'>positus</span> <span class='ocrx_word' id='word_1_335' title='bbox 864 3786 962 3844; x_wconf 89' lang='lat' dir='ltr'>minus</span> <span class='ocrx_word' id='word_1_336' title='bbox 984 3786 1110 3863; x_wconf 92' lang='lat' dir='ltr'>positivo</span> <span class='ocrx_word' id='word_1_337' title='bbox 1133 3786 1293 3862; x_wconf 80' lang='lat' dir='ltr'>significat,</span> <span class='ocrx_word' id='word_1_338' title='bbox 1317 3791 1350 3844; x_wconf 90' lang='lat' dir='ltr'>ut</span> <span class='ocrx_word' id='word_1_339' title='bbox 1372 3792 1418 3845; x_wconf 88' lang='lat' dir='ltr'>est</span> 
     </span>
    </p>

    <p class='ocr_par' dir='ltr' id='par_1_5' title="bbox 328 3885 1657 4168">
     <span class='ocr_line' id='line_1_37' title="bbox 479 3885 1657 3967; baseline 0.003 -24"><span class='ocrx_word' id='word_1_340' title='bbox 479 3886 551 3944; x_wconf 91' lang='lat' dir='ltr'>iam</span> <span class='ocrx_word' id='word_1_341' title='bbox 573 3887 714 3952; x_wconf 89' lang='lat' dir='ltr'>senior,</span> <span class='ocrx_word' id='word_1_342' title='bbox 745 3885 807 3944; x_wconf 88' lang='lat' dir='ltr'>scd</span> <span class='ocrx_word' id='word_1_343' title='bbox 830 3886 945 3945; x_wconf 88' lang='lat' dir='ltr'>cruda</span> <span class='ocrx_word' id='word_1_344' title='bbox 969 3886 1035 3945; x_wconf 87' lang='lat' dir='ltr'>deo</span> <span class='ocrx_word' id='word_1_345' title='bbox 1058 3888 1269 3967; x_wconf 90' lang='lat' dir='ltr'>viridisque</span> <span class='ocrx_word' id='word_1_346' title='bbox 1293 3894 1483 3948; x_wconf 85' lang='lat' dir='ltr'>senectus:</span> <span class='ocrx_word' id='word_1_347' title='bbox 1656 3952 1657 3955; x_wconf 8' lang='grc' dir='ltr'><strong>Ἴ</strong></span> 
     </span>
     <span class='ocr_line' id='line_1_38' title="bbox 328 3984 1632 4067; baseline -0.001 -23"><span class='ocrx_word' id='word_1_348' title='bbox 328 3984 395 4064; x_wconf 91' lang='lat' dir='ltr'>plus</span> <span class='ocrx_word' id='word_1_349' title='bbox 416 3988 496 4047; x_wconf 89' lang='lat' dir='ltr'>euim</span> <span class='ocrx_word' id='word_1_350' title='bbox 518 3988 719 4060; x_wconf 69' lang='lat' dir='ltr'>noniftcaret,</span> <span class='ocrx_word' id='word_1_351' title='bbox 750 3988 776 4046; x_wconf 91' lang='lat' dir='ltr'>si</span> <span class='ocrx_word' id='word_1_352' title='bbox 799 3986 924 4047; x_wconf 83' lang='lat' dir='ltr'>dixisset</span> <span class='ocrx_word' id='word_1_353' title='bbox 946 3988 1004 4047; x_wconf 90' lang='lat' dir='ltr'>iam</span> <span class='ocrx_word' id='word_1_354' title='bbox 1028 4006 1128 4047; x_wconf 86' lang='lat' dir='ltr'>senex.</span> <span class='ocrx_word' id='word_1_355' title='bbox 1169 3990 1361 4067; x_wconf 85' lang='lat' dir='ltr'>conparativo</span> <span class='ocrx_word' id='word_1_356' title='bbox 1384 3996 1415 4048; x_wconf 90' lang='lat' dir='ltr'>et</span> <span class='ocrx_word' id='word_1_357' title='bbox 1438 3986 1632 4067; x_wconf 74' lang='lat' dir='ltr'>superlativas</span> 
     </span>
     <span class='ocr_line' id='line_1_39' title="bbox 329 4084 1600 4168; baseline -0.002 -21"><span class='ocrx_word' id='word_1_358' title='bbox 329 4094 388 4147; x_wconf 91' lang='lat' dir='ltr'>tam</span> <span class='ocrx_word' id='word_1_359' title='bbox 412 4084 515 4167; x_wconf 86' lang='lat' dir='ltr'>[adeo]</span> <span class='ocrx_word' id='word_1_360' title='bbox 546 4089 640 4164; x_wconf 83' lang='lat' dir='ltr'>magis</span> <span class='ocrx_word' id='word_1_361' title='bbox 666 4089 793 4148; x_wconf 89' lang='lat' dir='ltr'>maxime</span> <span class='ocrx_word' id='word_1_362' title='bbox 822 4090 921 4149; x_wconf 91' lang='lat' dir='ltr'>miuus</span> <span class='ocrx_word' id='word_1_363' title='bbox 950 4091 1072 4150; x_wconf 92' lang='lat' dir='ltr'>minime</span> <span class='ocrx_word' id='word_1_364' title='bbox 1096 4090 1172 4149; x_wconf 89' lang='lat' dir='ltr'>adisi</span> <span class='ocrx_word' id='word_1_365' title='bbox 1195 4109 1254 4150; x_wconf 94' lang='lat' dir='ltr'>nou</span> <span class='ocrx_word' id='word_1_366' title='bbox 1276 4097 1409 4168; x_wconf 83' lang='lat' dir='ltr'>oportet:</span> <span class='ocrx_word' id='word_1_367' title='bbox 1445 4091 1514 4151; x_wconf 86' lang='lat' dir='ltr'>haee</span> <span class='ocrx_word' id='word_1_368' title='bbox 1535 4090 1600 4149; x_wconf 91' lang='lat' dir='ltr'>enin</span> 
     </span>
    </p>
   </div>
   <div class='ocr_carea' id='block_1_4' title="bbox 327 4188 1600 4272">
    <p class='ocr_par' dir='ltr' id='par_1_6' title="bbox 327 4188 1600 4272">
     <span class='ocr_line' id='line_1_40' title="bbox 327 4188 1600 4272; baseline -0.002 -24"><span class='ocrx_word' id='word_1_369' title='bbox 327 4191 453 4267; x_wconf 90' lang='lat' dir='ltr'>positivo</span> <span class='ocrx_word' id='word_1_370' title='bbox 470 4194 585 4248; x_wconf 91' lang='lat' dir='ltr'>tantum</span> <span class='ocrx_word' id='word_1_371' title='bbox 601 4189 763 4258; x_wconf 87' lang='lat' dir='ltr'>adduntur,</span> <span class='ocrx_word' id='word_1_372' title='bbox 787 4192 857 4269; x_wconf 90' lang='lat' dir='ltr'>quia</span> <span class='ocrx_word' id='word_1_373' title='bbox 880 4197 939 4251; x_wconf 90' lang='lat' dir='ltr'>tam</span> <span class='ocrx_word' id='word_1_374' title='bbox 965 4190 1068 4270; x_wconf 86' lang='lat' dir='ltr'>[adeo]</span> <span class='ocrx_word' id='word_1_375' title='bbox 1086 4193 1181 4269; x_wconf 82' lang='lat' dir='ltr'>magis</span> <span class='ocrx_word' id='word_1_376' title='bbox 1201 4192 1328 4252; x_wconf 85' lang='lat' dir='ltr'>maxime</span> <span class='ocrx_word' id='word_1_377' title='bbox 1351 4209 1406 4270; x_wconf 94' lang='lat' dir='ltr'>pro</span> <span class='ocrx_word' id='word_1_378' title='bbox 1430 4188 1600 4272; x_wconf 86' lang='lat' dir='ltr'>conparativo</span> 
     </span>
    </p>
   </div>
   <div class='ocr_carea' id='block_1_5' title="bbox 327 4392 1598 4884">
    <p class='ocr_par' dir='ltr' id='par_1_7' title="bbox 327 4392 1598 4742">
     <span class='ocr_line' id='line_1_41' title="bbox 395 4392 1598 4461; baseline -0.004 -17"><span class='ocrx_word' id='word_1_379' title='bbox 395 4396 413 4445; x_wconf 84' lang='grc'><strong>4</strong></span> <span class='ocrx_word' id='word_1_380' title='bbox 430 4402 598 4460; x_wconf 81' lang='lat' dir='ltr'>conputatur</span> <span class='ocrx_word' id='word_1_381' title='bbox 616 4393 650 4445; x_wconf 90' lang='lat' dir='ltr'><em>M</em></span> <span class='ocrx_word' id='word_1_382' title='bbox 716 4394 731 4443; x_wconf 87' lang='lat' dir='ltr'>&#39;l</span> <span class='ocrx_word' id='word_1_383' title='bbox 750 4409 800 4444; x_wconf 89' lang='lat' dir='ltr'>uon</span> <span class='ocrx_word' id='word_1_384' title='bbox 818 4395 904 4444; x_wconf 76' lang='lat' dir='ltr'>oninia</span> <span class='ocrx_word' id='word_1_385' title='bbox 923 4396 1026 4445; x_wconf 84' lang='lat' dir='ltr'>nomina</span> <span class='ocrx_word' id='word_1_386' title='bbox 1041 4411 1087 4461; x_wconf 89' lang='lat' dir='ltr'>per</span> <span class='ocrx_word' id='word_1_387' title='bbox 1106 4396 1130 4445; x_wconf 84' lang='lat' dir='ltr'><strong><em>L</em></strong></span> <span class='ocrx_word' id='word_1_388' title='bbox 1180 4394 1213 4447; x_wconf 89' lang='lat' dir='ltr'>1a</span> <span class='ocrx_word' id='word_1_389' title='bbox 1229 4395 1385 4445; x_wconf 86' lang='lat' dir='ltr'>inllectiouis</span> <span class='ocrx_word' id='word_1_390' title='bbox 1403 4405 1428 4446; x_wconf 89' lang='lat' dir='ltr'>et</span> <span class='ocrx_word' id='word_1_391' title='bbox 1448 4392 1598 4447; x_wconf 81' lang='lat' dir='ltr'>tumulationis</span> 
     </span>
     <span class='ocr_line' id='line_1_42' title="bbox 327 4464 1596 4532; baseline 0 -20"><span class='ocrx_word' id='word_1_392' title='bbox 327 4466 534 4530; x_wconf 86' lang='lat' dir='ltr'>conparationem</span> <span class='ocrx_word' id='word_1_393' title='bbox 552 4464 586 4514; x_wconf 92' lang='lat' dir='ltr'><em>M</em></span> <span class='ocrx_word' id='word_1_394' title='bbox 607 4464 765 4515; x_wconf 82' lang='lat' dir='ltr'>inflectiones</span> <span class='ocrx_word' id='word_1_395' title='bbox 789 4473 814 4513; x_wconf 87' lang='lat' dir='ltr'>et</span> <span class='ocrx_word' id='word_1_396' title='bbox 837 4465 1016 4515; x_wconf 81' lang='lat' dir='ltr'>tumulationes</span> <span class='ocrx_word' id='word_1_397' title='bbox 1035 4466 1245 4531; x_wconf 81' lang='lat' dir='ltr'>conparationem</span> <span class='ocrx_word' id='word_1_398' title='bbox 1260 4464 1317 4515; x_wconf 86' lang='lat' dir='ltr'>BL</span> <span class='ocrx_word' id='word_1_399' title='bbox 1403 4466 1437 4517; x_wconf 82' lang='lat'>18</span> <span class='ocrx_word' id='word_1_400' title='bbox 1454 4480 1547 4532; x_wconf 81' lang='lat' dir='ltr'>semper</span> <span class='ocrx_word' id='word_1_401' title='bbox 1561 4478 1596 4512; x_wconf 86' lang='lat' dir='ltr'>ou.</span> 
     </span>
     <span class='ocr_line' id='line_1_43' title="bbox 327 4531 1597 4602; baseline -0.002 -21"><span class='ocrx_word' id='word_1_402' title='bbox 327 4533 383 4582; x_wconf 81' lang='lat' dir='ltr'>BL</span> <span class='ocrx_word' id='word_1_403' title='bbox 452 4531 591 4600; x_wconf 63' lang='lat' dir='ltr'>idgeueri</span> <span class='ocrx_word' id='word_1_404' title='bbox 609 4551 655 4586; x_wconf 80' lang='lat' dir='ltr'>oua.</span> <span class='ocrx_word' id='word_1_405' title='bbox 671 4534 701 4584; x_wconf 90' lang='lat' dir='ltr'><em>M</em></span> <span class='ocrx_word' id='word_1_406' title='bbox 770 4535 804 4584; x_wconf 78' lang='lat'>22</span> <span class='ocrx_word' id='word_1_407' title='bbox 820 4548 850 4583; x_wconf 85' lang='lat' dir='ltr'>ac</span> <span class='ocrx_word' id='word_1_408' title='bbox 868 4543 952 4583; x_wconf 86' lang='lat' dir='ltr'>tamen</span> <span class='ocrx_word' id='word_1_409' title='bbox 967 4535 1000 4584; x_wconf 91' lang='lat' dir='ltr'><em>M</em></span> <span class='ocrx_word' id='word_1_410' title='bbox 1068 4533 1189 4602; x_wconf 75' lang='lat' dir='ltr'>aunem]</span> <span class='ocrx_word' id='word_1_411' title='bbox 1210 4535 1335 4586; x_wconf 88' lang='lat' dir='ltr'>interdum</span> <span class='ocrx_word' id='word_1_412' title='bbox 1354 4534 1387 4584; x_wconf 89' lang='lat' dir='ltr'><em>M</em></span> <span class='ocrx_word' id='word_1_413' title='bbox 1455 4536 1488 4587; x_wconf 73' lang='grc'>29</span> <span class='ocrx_word' id='word_1_414' title='bbox 1505 4543 1528 4584; x_wconf 90' lang='lat' dir='ltr'>ut</span> <span class='ocrx_word' id='word_1_415' title='bbox 1542 4546 1597 4582; x_wconf 87' lang='lat' dir='ltr'>mure</span> 
     </span>
     <span class='ocr_line' id='line_1_44' title="bbox 328 4600 1597 4669; baseline -0.004 -17"><span class='ocrx_word' id='word_1_416' title='bbox 328 4600 358 4652; x_wconf 94' lang='lat' dir='ltr'><em>M</em></span> <span class='ocrx_word' id='word_1_417' title='bbox 364 4620 371 4651; x_wconf 72' lang='grc' dir='ltr'><strong>ε</strong></span> <span class='ocrx_word' id='word_1_418' title='bbox 388 4604 423 4666; x_wconf 77' lang='lat' dir='ltr'>cs.</span> <span class='ocrx_word' id='word_1_419' title='bbox 442 4605 509 4658; x_wconf 83' lang='lat' dir='ltr'>Bon.</span> <span class='ocrx_word' id='word_1_420' title='bbox 526 4618 553 4666; x_wconf 84' lang='lat' dir='ltr'>p.</span> <span class='ocrx_word' id='word_1_421' title='bbox 572 4604 632 4665; x_wconf 74' lang='lat'>37⁴,</span> <span class='ocrx_word' id='word_1_422' title='bbox 651 4603 685 4654; x_wconf 79' lang='lat'>29</span> <span class='ocrx_word' id='word_1_423' title='bbox 742 4602 774 4654; x_wconf 82' lang='lat'>31</span> <span class='ocrx_word' id='word_1_424' title='bbox 796 4604 879 4652; x_wconf 78' lang='lat' dir='ltr'>minsas</span> <span class='ocrx_word' id='word_1_425' title='bbox 895 4611 934 4653; x_wconf 89' lang='lat' dir='ltr'>est</span> <span class='ocrx_word' id='word_1_426' title='bbox 949 4606 1016 4655; x_wconf 87' lang='lat' dir='ltr'>enim</span> <span class='ocrx_word' id='word_1_427' title='bbox 1035 4606 1102 4669; x_wconf 91' lang='lat' dir='ltr'>quod</span> <span class='ocrx_word' id='word_1_428' title='bbox 1122 4606 1188 4656; x_wconf 84' lang='lat' dir='ltr'>dixit</span> <span class='ocrx_word' id='word_1_429' title='bbox 1205 4606 1305 4655; x_wconf 86' lang='lat' dir='ltr'>dulcius</span> <span class='ocrx_word' id='word_1_430' title='bbox 1324 4620 1400 4668; x_wconf 84' lang='lat' dir='ltr'>quam</span> <span class='ocrx_word' id='word_1_431' title='bbox 1419 4606 1523 4657; x_wconf 81' lang='lat' dir='ltr'>dixisset</span> <span class='ocrx_word' id='word_1_432' title='bbox 1538 4602 1597 4652; x_wconf 86' lang='lat' dir='ltr'>dulce</span> 
     </span>
     <span class='ocr_line' id='line_1_45' title="bbox 327 4668 1598 4742; baseline -0.002 -20"><span class='ocrx_word' id='word_1_433' title='bbox 327 4682 366 4722; x_wconf 85' lang='lat' dir='ltr'>est</span> <span class='ocrx_word' id='word_1_434' title='bbox 384 4671 418 4723; x_wconf 95' lang='lat' dir='ltr'><em>M</em></span> <span class='ocrx_word' id='word_1_435' title='bbox 486 4670 591 4739; x_wconf 81' lang='lat' dir='ltr'>tristior]</span> <span class='ocrx_word' id='word_1_436' title='bbox 617 4675 697 4738; x_wconf 76' lang='lat' dir='ltr'>Verp.</span> <span class='ocrx_word' id='word_1_437' title='bbox 716 4673 782 4722; x_wconf 85' lang='lat' dir='ltr'>Aen.</span> <span class='ocrx_word' id='word_1_438' title='bbox 802 4674 812 4721; x_wconf 92' lang='lat' dir='ltr'>l</span> <span class='ocrx_word' id='word_1_439' title='bbox 832 4672 884 4723; x_wconf 82' lang='lat'>228</span> <span class='ocrx_word' id='word_1_440' title='bbox 954 4674 987 4725; x_wconf 78' lang='grc'>32</span> <span class='ocrx_word' id='word_1_441' title='bbox 1003 4673 1081 4741; x_wconf 91' lang='lat' dir='ltr'>idem]</span> <span class='ocrx_word' id='word_1_442' title='bbox 1102 4674 1158 4739; x_wconf 56' lang='lat' dir='ltr'>ide}</span> <span class='ocrx_word' id='word_1_443' title='bbox 1180 4674 1206 4727; x_wconf 88' lang='lat' dir='ltr'><em>B</em></span> <span class='ocrx_word' id='word_1_444' title='bbox 1287 4673 1322 4727; x_wconf 88' lang='grc'>33</span> <span class='ocrx_word' id='word_1_445' title='bbox 1340 4672 1451 4742; x_wconf 87' lang='lat' dir='ltr'>positus]</span> <span class='ocrx_word' id='word_1_446' title='bbox 1472 4672 1559 4739; x_wconf 81' lang='lat' dir='ltr'>coupai</span> <span class='ocrx_word' id='word_1_447' title='bbox 1574 4668 1598 4718; x_wconf 85' lang='lat' dir='ltr'>ll</span> 
     </span>
    </p>

    <p class='ocr_par' dir='ltr' id='par_1_8' title="bbox 329 4741 1595 4884">
     <span class='ocr_line' id='line_1_46' title="bbox 396 4741 1595 4810; baseline -0.005 -18"><span class='ocrx_word' id='word_1_448' title='bbox 396 4742 430 4792; x_wconf 85' lang='grc'>34</span> <span class='ocrx_word' id='word_1_449' title='bbox 445 4741 508 4806; x_wconf 87' lang='lat' dir='ltr'>ium]</span> <span class='ocrx_word' id='word_1_450' title='bbox 532 4744 611 4807; x_wconf 79' lang='lat' dir='ltr'>Verp.</span> <span class='ocrx_word' id='word_1_451' title='bbox 631 4744 697 4797; x_wconf 80' lang='lat' dir='ltr'>Aen.</span> <span class='ocrx_word' id='word_1_452' title='bbox 715 4744 749 4793; x_wconf 93' lang='lat' dir='ltr'>Vl</span> <span class='ocrx_word' id='word_1_453' title='bbox 766 4742 818 4792; x_wconf 72' lang='lat'>304</span> <span class='ocrx_word' id='word_1_454' title='bbox 890 4742 923 4794; x_wconf 78' lang='lat'>35</span> <span class='ocrx_word' id='word_1_455' title='bbox 942 4744 1000 4809; x_wconf 84' lang='lat' dir='ltr'>plus</span> <span class='ocrx_word' id='word_1_456' title='bbox 1020 4746 1126 4795; x_wconf 88' lang='lat' dir='ltr'>enimsi</span> <span class='ocrx_word' id='word_1_457' title='bbox 1147 4746 1255 4796; x_wconf 87' lang='lat' dir='ltr'>dixisset</span> <span class='ocrx_word' id='word_1_458' title='bbox 1271 4744 1327 4795; x_wconf 84' lang='lat' dir='ltr'>Bh</span> <span class='ocrx_word' id='word_1_459' title='bbox 1347 4745 1405 4810; x_wconf 88' lang='lat' dir='ltr'>plus</span> <span class='ocrx_word' id='word_1_460' title='bbox 1424 4747 1489 4795; x_wconf 87' lang='lat' dir='ltr'>euim</span> <span class='ocrx_word' id='word_1_461' title='bbox 1508 4744 1595 4793; x_wconf 77' lang='lat' dir='ltr'>dixisset</span> 
     </span>
     <span class='ocr_line' id='line_1_47' title="bbox 329 4807 1594 4884; baseline -0.003 -23"><span class='ocrx_word' id='word_1_462' title='bbox 329 4808 361 4861; x_wconf 94' lang='lat' dir='ltr'><em>M</em></span> <span class='ocrx_word' id='word_1_463' title='bbox 394 4810 428 4863; x_wconf 82' lang='grc'>36</span> <span class='ocrx_word' id='word_1_464' title='bbox 443 4812 507 4862; x_wconf 87' lang='lat' dir='ltr'>adeo</span> <span class='ocrx_word' id='word_1_465' title='bbox 521 4827 566 4863; x_wconf 85' lang='lat' dir='ltr'>om.</span> <span class='ocrx_word' id='word_1_466' title='bbox 583 4813 607 4862; x_wconf 77' lang='lat' dir='ltr'><em>h</em></span> <span class='ocrx_word' id='word_1_467' title='bbox 642 4813 675 4864; x_wconf 86' lang='grc'>37</span> <span class='ocrx_word' id='word_1_468' title='bbox 689 4814 748 4877; x_wconf 85' lang='lat' dir='ltr'>quia</span> <span class='ocrx_word' id='word_1_469' title='bbox 760 4813 825 4863; x_wconf 86' lang='lat' dir='ltr'>odeo</span> <span class='ocrx_word' id='word_1_470' title='bbox 838 4822 888 4863; x_wconf 90' lang='lat' dir='ltr'>tam</span> <span class='ocrx_word' id='word_1_471' title='bbox 902 4814 1094 4881; x_wconf 79' lang='lat' dir='ltr'>magiquuia</span> <span class='ocrx_word' id='word_1_472' title='bbox 1107 4824 1157 4865; x_wconf 85' lang='lat' dir='ltr'>tam</span> <span class='ocrx_word' id='word_1_473' title='bbox 1174 4816 1252 4884; x_wconf 86' lang='lat' dir='ltr'>(adeo</span> <span class='ocrx_word' id='word_1_474' title='bbox 1265 4830 1393 4879; x_wconf 76' lang='lat' dir='ltr'>superscr.</span> <span class='ocrx_word' id='word_1_475' title='bbox 1409 4812 1453 4880; x_wconf 84' lang='lat' dir='ltr'>M)</span> <span class='ocrx_word' id='word_1_476' title='bbox 1465 4813 1541 4881; x_wconf 74' lang='lat' dir='ltr'>magis</span> <span class='ocrx_word' id='word_1_477' title='bbox 1553 4807 1594 4859; x_wconf 79' lang='lat' dir='ltr'>itt</span> 
     </span>
    </p>
   </div>
   <div class='ocr_carea' id='block_1_6' title="bbox 0 0 1680 5442">
    <p class='ocr_par' dir='ltr' id='par_1_9' title="bbox 0 0 1680 5442">
     <span class='ocr_line' id='line_1_48' title="bbox 0 0 1680 5442; baseline 0 1"><span class='ocrx_word' id='word_1_478' title='bbox 0 0 1680 5442; x_wconf 95' lang='lat' dir='ltr'> </span> 
     </span>
    </p>
   </div>
  </div>
 </body>
</html>
