3350 5442
592 374 829 437 COlllllEN'iVll
1300 372 1357 437 137

1188 494 1209 537 p.
1222 484 1296 525 aa-av
1311 481 1333 523 1,

604 579 652 641 DE
675 578 820 641 NOMINE

153 696 267 759 Nomen
296 686 437 779 estpars
472 700 614 759 orationis
647 718 713 760 eum
742 719 811 761 casu
841 719 948 780 eorpus
976 708 1026 761 aut
1048 718 1110 761 rem
1135 702 1256 780 proprie
1278 720 1358 762 eom-

76 802 233 861 muniterve
256 802 438 880 significans:
471 819 558 862 ouvne
588 820 712 868 nomen,
736 802 816 879 quod
840 811 885 863 est
906 804 937 863 in
960 822 1060 865 rerum
1083 810 1197 873 natura,
1221 805 1284 865 sine
1307 806 1359 864 tri·

76 903 126 963 bus
146 902 238 964 rebus
260 922 325 964 esse
348 922 407 964 non
436 910 545 983 potest:
575 922 634 964 non
658 902 726 964 licet
748 912 780 965 ut
801 924 873 966 casu
895 914 1009 973 eareat;
1040 923 1224 985 nequaquam
1247 906 1359 965 inveni·

55 1014 118 1070 stur
139 1024 262 1077 nomen,
285 1012 401 1065 utnon
424 1006 462 1065 sit
484 1012 534 1065 aut
555 1005 710 1085 corporale
733 1015 783 1066 aut
803 1006 1006 1086 incorporale;
1035 1024 1219 1085 nequaquam
1247 1009 1359 1069 inveni·

75 1116 132 1176 tur,
164 1115 199 1168 ut
230 1126 289 1168 non
322 1108 360 1167 sit
392 1113 443 1168 aut
474 1108 627 1187 proprium
656 1115 708 1168 aut
734 1108 951 1188 appellativum.
997 1128 1055 1170 non
1080 1117 1178 1189 potest
1200 1128 1270 1189 ergo
1294 1128 1360 1171 esse

75 1228 179 1270 nomen
201 1211 265 1270 sine
288 1211 352 1270 istis
374 1209 470 1271 tribus
491 1209 591 1270 rebus.
636 1210 709 1271 istas
735 1230 785 1272 res
808 1210 898 1272 trahit
925 1211 961 1271 ad
991 1230 1023 1272 se
1046 1210 1219 1273 naturaliter
1242 1230 1360 1273 nomeu.

76 1310 107 1373 da
129 1310 252 1389 quodvis
274 1330 392 1372 nomen.
424 1312 535 1372 ilector
558 1319 652 1372 totum
675 1312 732 1372 hoe
754 1311 859 1373 habet:
884 1311 930 1373 hic
945 1314 1055 1375 Hector
1069 1332 1155 1375 casus
1171 1322 1228 1383 est;
1251 1314 1361 1375 lleetor

76 1412 183 1474 ridetur
207 1421 237 1473 et
257 1416 400 1492 tangitur,
425 1412 580 1493 corporale
596 1421 655 1484 est;
680 1414 790 1475 Hector
806 1416 892 1475 unius
916 1433 1023 1477 nomen
1040 1424 1094 1485 est,
1119 1434 1190 1495 ergo
1206 1418 1360 1497 proprium

46 1522 124 1581 uest.
170 1533 243 1595 ergo
272 1517 351 1578 vides
378 1519 446 1596 quia
476 1515 587 1577 nullum
611 1536 720 1579 nornen
748 1536 814 1578 esse
835 1524 933 1597 polest
960 1519 1024 1579 sine
1052 1519 1116 1578 istis
1144 1516 1237 1579 tribus
1260 1517 1360 1580 rebus

75 1612 138 1697 puta
161 1635 309 1689 marmor,
331 1618 448 1680 videtur
472 1627 501 1679 et
523 1621 667 1697 tangitur,
692 1612 846 1699 corporale
870 1626 928 1688 est;
952 1619 1022 1681 illud
1040 1638 1171 1681 marmor
1187 1629 1232 1681 est
1247 1630 1275 1682 et
1289 1621 1361 1681 illud

76 1739 200 1782 marmor
229 1726 288 1791 est,
318 1720 525 1800 appellativum
555 1730 612 1789 est;
642 1722 699 1781 hoe
726 1740 858 1782 marmor
886 1724 1082 1784 nominativus
1110 1729 1162 1783 est.
1207 1740 1278 1801 ergo
1301 1742 1361 1783 non

76 1822 137 1883 lieet
156 1822 286 1883 inveniri
309 1841 431 1894 nomen,
462 1823 541 1904 quod
562 1825 626 1898 sine
649 1825 713 1885 istis
735 1823 829 1885 tribus
857 1823 947 1886 rebus
969 1826 1015 1885 sit.
1060 1825 1127 1885 ideo
1149 1826 1180 1886 in
1204 1826 1267 1904 ipsa
1290 1824 1361 1885 deli·

76 1926 181 1985 nitione
204 1932 298 1986 totum
322 1926 424 1986 tenuit.

46 2054 65 2091 u
157 2027 274 2088 Nomen
297 2035 342 2089 est
362 2045 433 2107 pars
454 2030 597 2090 orationis
626 2047 692 2089 eum
724 2048 811 2090 casu:
842 2028 929 2108 plane
952 2030 1028 2090 scire
1051 2028 1194 2089 debemus
1217 2031 1284 2110 quia
1312 2030 1362 2110 qui
1374 2044 1479 2104 teum

75 2128 168 2189 delinit
191 2128 301 2209 aliquid
324 2132 363 2189 ita
386 2128 476 2190 debet
498 2131 635 2201 delinire,
664 2140 696 2192 ut
724 2140 752 2191 et
780 2134 875 2212 ipsam
897 2150 961 2191 rem
991 2132 1136 2210 exprimat
1165 2137 1194 2192 et
1216 2150 1232 2191 a
1255 2112 1433 2193 ceverts⁴⁸⁹2
1448 2112 1478 2159 ²¹

75 2229 158 2291 rebus
179 2234 324 2311 seiungat.
356 2251 452 2312 ireque
475 2234 554 2293 enim
577 2232 667 2294 debet
693 2232 742 2293 illa
771 2234 902 2295 delinitio
925 2235 1090 2293 eommunis
1119 2252 1183 2294 esse
1206 2252 1275 2294 eum
1298 2233 1363 2295 allis

74 2332 167 2394 rebus.
214 2333 287 2413 quid
315 2336 340 2394 si
369 2336 408 2394 ita
437 2334 559 2396 definias
588 2354 712 2403 nomen,
741 2344 774 2396 ut
801 2338 894 2416 possit
920 2354 994 2415 puer
1021 2335 1196 2415 intellegere
1226 2335 1295 2413 quid
1325 2338 1363 2399 sit

75 2452 192 2505 nornen,
217 2442 250 2497 ut
272 2435 353 2497 dicas
374 2436 501 2498 ‘nomen
524 2445 568 2497 est
591 2456 660 2517 pars
682 2439 824 2499 orationis
847 2457 913 2498 cum
937 2438 1046 2497 casu'l
1076 2446 1105 2498 et
1127 2456 1291 2517 pronomen
1314 2457 1362 2498 ca·

43 2556 134 2603 osum
161 2536 264 2597 habel.
300 2538 411 2599 ideireo
440 2538 555 2600 laborat
577 2546 609 2599 ut
631 2539 832 2601 definitionem
862 2540 990 2600 nominis
1017 2541 1167 2619 propriam
1191 2540 1303 2601 reddat.
1331 2547 1364 2600 ul

75 2646 137 2716 puta
160 2646 292 2700 ‘nomen
315 2649 450 2721 estpars
473 2644 614 2703 orationis
636 2661 702 2703 eum
726 2648 827 2704 casu':
851 2644 876 2703 si
897 2643 955 2703 hoc
978 2641 1073 2703 solum
1088 2641 1211 2712 diceret,
1236 2644 1361 2722 pessima

74 2751 146 2803 esset
168 2742 314 2803 delinitio.
359 2745 468 2823 quare?
502 2746 570 2825 quia
599 2750 629 2805 et
660 2763 825 2824 pronomen
860 2753 890 2805 et
916 2745 1105 2824 participium
1133 2743 1222 2805 lralvet
1249 2763 1361 2806 casum.
1469 2776 1473 2783 ·

74 2862 140 2921 ergo
161 2844 238 2905 dixit
258 2847 387 2924 primum
410 2846 489 2925 quod
512 2852 556 2907 est
578 2866 743 2906 commune.
789 2848 846 2907 iam
864 2865 944 2925 oquae
967 2853 1108 2907 secuntur
1130 2848 1253 2926 propria
1268 2848 1363 2908 nomi·

73 2948 114 3006 nis
134 2954 214 3016 sunt,
241 2950 368 3026 ‘corpus
384 2954 434 3009 aut
449 2966 513 3009 rem
529 2950 648 3029 proprie
666 2950 898 3009 communiterve
914 2949 1106 3026 significans!
1129 2950 1228 3009 omnia
1243 2952 1363 3011 nomina

43 3056 118 3111 aaut
139 3068 250 3129 corpus
272 3050 438 3128 significant
460 3059 511 3111 aut
532 3069 606 3112 rem.
652 3049 815 3131 corporalia
838 3050 976 3112 dicuntur
1000 3052 1119 3112 nourina
1140 3069 1214 3130 quae
1228 3050 1364 3112 videntur

73 3157 99 3209 et
120 3158 297 3231 tanguntur,
320 3152 518 3231 incorporalia
542 3172 616 3233 quae
638 3172 735 3233 neque
758 3152 851 3213 videri
874 3172 970 3233 neque
992 3154 1071 3231 tangi
1094 3160 1234 3232 possunt,
1257 3172 1363 3214 seeun-

73 3252 136 3313 dum
159 3254 382 3332 grammatieos.
427 3255 498 3334 quid
520 3263 618 3316 autem
640 3256 741 3316 dicant
762 3254 939 3335 philosolphi
963 3255 999 3316 de
1022 3256 1086 3316 istis
1108 3254 1209 3323 rebus,
1234 3256 1304 3335 quid
1328 3256 1363 3316 ad

73 3357 138 3415 nost
160 3354 330 3435 corporalis
352 3355 460 3416 dicitur
480 3376 529 3417 res
552 3356 630 3436 apud
652 3360 861 3436 grammaticos
888 3376 964 3437 quae
989 3356 1080 3448 videri
1102 3364 1199 3436 potest
1222 3364 1251 3418 et
1273 3360 1362 3436 tangi,

73 3456 266 3538 incorporalis
289 3476 365 3537 quae
388 3476 443 3519 nec
465 3458 560 3520 videri
582 3478 637 3519 nec
660 3462 740 3538 tangi
762 3466 870 3538 potest.
900 3466 1054 3538 praeterea
1078 3478 1165 3519 omne
1189 3477 1296 3519 nomen
1314 3466 1364 3520 aut

46 3561 222 3639 oproprium
245 3560 353 3620 dicitur
375 3569 426 3621 aut
447 3559 664 3641 appellativum.
695 3564 851 3641 proprium
867 3560 975 3621 dicitur
991 3560 1068 3641 quod
1089 3562 1176 3621 unius
1192 3569 1245 3629 est,
1263 3560 1363 3641 appel·

74 3659 189 3723 latirum
214 3662 294 3742 quod
318 3662 486 3724 multorum.
519 3682 591 3741 ergo
618 3682 706 3724 omne
735 3682 843 3725 nornen
867 3664 937 3724 istas
964 3682 1013 3724 res
1041 3664 1158 3723 retinet.
1206 3662 1270 3724 vide
1293 3682 1364 3741 ergo

74 3782 125 3841 quo
147 3764 241 3825 modo
264 3772 294 3824 et
317 3764 391 3824 dixit
411 3784 476 3826 rem
504 3784 691 3827 communem
720 3784 785 3825 eum
810 3767 919 3826 ceteris
948 3773 977 3825 et
1004 3764 1078 3825 dixit
1107 3784 1170 3825 rem
1194 3764 1362 3843 specialem.

73 3865 178 3943 legistis
200 3866 261 3927 hoe
283 3866 314 3926 in
337 3866 450 3927 artibus
472 3866 675 3928 definitionum
698 3867 873 3947 plenissime
897 3886 1083 3947 expressum:
1107 3868 1158 3946 qui
1174 3868 1245 3928 dicit
1260 3868 1362 3927 delini·

74 3970 176 4030 tionem
207 3969 248 4028 ita
277 3966 367 4029 debet
400 3968 539 4039 delinire,
574 3978 606 4030 ut
633 3970 711 4031 dicat
738 3971 834 4049 ipsam
862 3976 991 4049 partem,
1022 3988 1098 4050 quae
1133 3971 1297 4030 eommunis
1321 3976 1365 4029 est

49 4072 98 4131 aei
117 4090 184 4131 eum
208 4068 314 4139 altera,
339 4079 369 4131 et
390 4070 470 4132 dieat
491 4070 667 4151 specialem,
690 4090 779 4151 quam
800 4073 952 4151 propriam
975 4071 1065 4132 habet
1088 4080 1117 4132 et
1132 4088 1218 4148 quam
1235 4070 1295 4131 sola
1312 4071 1362 4132 ha·

76 4170 127 4233 bet.
157 4179 234 4253 puto
256 4177 287 4232 et
308 4170 501 4252 philosophos
524 4172 602 4234 illam
626 4192 690 4235 rem
714 4174 853 4243 delinire,
878 4172 965 4253 ‘quid
989 4171 1162 4233 esthemo?
1185 4171 1293 4233 animal
1316 4192 1362 4233 ra·

77 4274 178 4335 tionale
201 4272 357 4343 mortale’3
381 4281 420 4343 et,
443 4282 525 4353 puto,
549 4275 705 4336 ridiculum
729 4274 786 4336 tale
808 4274 916 4355 aliquid
933 4275 1079 4336 dixerunt.
1110 4293 1180 4353 ergo
1197 4293 1304 4336 nomen
1321 4282 1365 4335 est

77 4394 135 4453 pars
156 4376 305 4439 orationis
327 4394 395 4435 cum
418 4395 501 4437 casu:
531 4377 644 4438 nullum
667 4396 775 4438 nomen
798 4386 899 4458 potest
925 4378 1050 4437 inveniri
1079 4378 1142 4437 sine
1165 4394 1244 4438 casu.
1276 4377 1363 4456 plane

139 4599 150 4650 l
171 4615 206 4649 or
220 4614 319 4651 scursa
339 4597 365 4649 Α
382 4612 485 4649 narrum
506 4614 537 4648 or
557 4614 654 4649 nouum
669 4600 694 4649 B
707 4614 811 4650 nervum
831 4614 917 4651 uounu
930 4598 991 4651 Oab
1061 4600 1078 4648 4
1096 4613 1156 4647 casu
1175 4598 1247 4648 Bua
1266 4600 1365 4648 casibus

76 4668 97 4713 Α
165 4670 198 4719 tu
217 4670 279 4733 quid
299 4668 332 4718 sit
351 4684 443 4718 nomen
459 4668 532 4718 nea
551 4668 619 4733 quod
638 4669 673 4718 uit
688 4685 827 4735 pronomen
848 4670 871 4720 Α
941 4671 975 4720 24
988 4668 1090 4735 proprie
1105 4669 1305 4719 communiterve
1319 4684 1365 4719 em.

77 4737 123 4786 AG
190 4740 226 4789 28
242 4740 420 4803 corporalisG
435 4738 567 4802 corporale
586 4739 642 4789 AB
695 4737 747 4804 res]
764 4739 811 4789 rurs
829 4742 853 4791 A
906 4738 1124 4804 reincorporatus
1143 4738 1365 4811 BGincorporalp

77 4807 98 4853 Α
145 4808 240 4876 potest]
260 4810 344 4876 possit
362 4809 725 4865 demandatum
778 4808 811 4861 33
830 4810 856 4858 in
877 4810 1029 4873 partibusG
1080 4808 1140 4859 dicit
1159 4824 1204 4862 om.
1222 4809 1331 4873 mauu.
1349 4826 1365 4859 α

138 4878 171 4930 35
191 4877 259 4945 sola]
280 4878 352 4930 solus
371 4878 442 4929 Aet
460 4880 518 4929 solu
537 4878 580 4929 Bc
650 4878 684 4930 36
700 4880 849 4930 rationabile
865 4878 889 4929 Α
