3350 5442
580 361 652 423 ins
674 361 739 422 vni
761 319 885 421 1ss-x1
1315 355 1379 422 553

110 481 132 520 p.
148 469 193 510 314.
209 467 269 508 151„
1179 480 1201 521 p.
1215 467 1271 505 vrso.
1284 467 1310 505 ae
1324 465 1347 505 r.

84 547 272 627 temporibus
300 555 346 608 cst
373 555 403 606 et
432 546 698 626 significationibus
721 548 963 626 participiorum,
992 546 1070 626 quod
1093 563 1190 626 neque
1213 547 1308 604 activa
1330 553 1380 605 aut

84 642 191 692 neutra
215 634 375 710 praeterita
404 650 459 692 nec
488 634 603 712 passiva
625 635 795 711 praesentia
820 634 1022 711 reperiuntur.
1067 633 1179 708 figurae
1202 638 1271 690 sunt
1293 630 1378 698 duae,

83 717 212 796 simplex
220 733 227 786 ,·
252 726 283 776 ut
304 717 421 794 legens,
446 719 623 796 composita,
649 724 681 776 ut
702 716 849 794 relegens.
883 734 992 794 genera
1016 723 1083 776 sunt
1105 723 1242 793 quatuor,
1265 733 1379 774 mascu-

84 802 194 872 linum,
220 799 223 882 l
249 811 281 861 ut
303 803 413 870 lectus,
437 802 628 871 lemininum,
662 810 692 861 ut
714 801 805 870 lecta,
830 809 984 870 neutrum,
1010 809 1041 861 ut
1062 799 1189 869 lectum,
1214 818 1378 868 commune,

57 895 119 946 sut
142 888 254 966 legens,
299 889 417 948 numeri
439 895 509 947 sunt
531 887 603 955 duo,
627 885 802 964 singularis,
826 895 859 946 ut
881 886 997 963 legens,
1021 885 1156 964 pluralis,
1181 892 1214 944 ut
1235 885 1379 961 legentes.

84 991 173 1032 casus
199 980 267 1032 sunt
296 992 363 1043 sex,
392 973 605 1040 nominativus,
633 979 666 1031 ut
692 972 810 1048 legens,
838 973 1003 1049 genitivus,
1034 979 1065 1029 ut
1087 969 1227 1046 legentis,
1255 970 1379 1038 dativus,

83 1065 117 1116 ut
140 1057 259 1133 legenti,
283 1059 482 1126 accusativus,
506 1063 540 1116 ut
561 1057 724 1134 legentem,
748 1059 911 1125 vocativus
935 1064 968 1116 ut
989 1075 1007 1115 o
1030 1055 1148 1132 legens,
1172 1054 1326 1124 ablativus,
1349 1062 1382 1113 ut

83 1163 99 1202 a
124 1142 252 1219 legente.

554 1310 603 1371 DE
626 1309 908 1372 CONIVNCTIONE

47 1451 70 1488 ro
172 1431 348 1490 coniunctio
371 1438 415 1490 cst
437 1447 506 1509 pars
528 1431 671 1490 orationis
699 1430 841 1509 copulans
863 1429 1063 1509 ordinansque
1086 1431 1273 1489 senteutiam.
1310 1448 1379 1488 cou-

86 1517 234 1576 iunctioni
262 1515 401 1575 accidunt
429 1518 473 1574 vis
500 1515 593 1591 ligura
623 1513 706 1574 ordo.
751 1517 795 1574 vis
823 1522 883 1583 est,
912 1532 981 1574 cum
1003 1522 1054 1574 aut
1075 1514 1291 1593 complectendi
1313 1523 1381 1573 sunt

86 1603 327 1669 coniunctiones,
352 1609 385 1659 ut
407 1608 437 1658 et
459 1618 516 1678 que
540 1607 642 1678 atque,
667 1605 717 1660 aut
739 1599 940 1676 disiungcndi,
964 1607 996 1658 ut
1019 1599 1064 1658 vel
1086 1617 1141 1658 nec
1164 1605 1214 1658 aut
1235 1617 1308 1659 neve
1331 1616 1380 1658 ce·

87 1696 200 1756 terum,
229 1692 281 1745 aut
308 1684 479 1754 dubitandi,
508 1692 542 1744 ut
564 1687 625 1746 sivo
648 1703 701 1744 seu
724 1684 887 1764 siquidem,
916 1693 968 1744 aut
990 1684 1161 1763 repetendi,
1184 1692 1217 1744 ut
1239 1684 1306 1752 sed,
1331 1690 1381 1743 aut

85 1771 123 1831 ad
147 1771 276 1848 aliquid,
303 1779 335 1830 ut
362 1773 470 1848 magis;
500 1777 551 1830 aut
578 1769 738 1830 rationales
765 1778 849 1838 sunt,
872 1777 906 1828 ut
927 1771 995 1847 quia
1018 1768 1086 1829 ideo
1108 1763 1267 1849 propter'ea
1290 1770 1379 1837 enim,

45 1875 70 1912 rs
86 1863 139 1915 aut
167 1858 302 1922 vincunt,
334 1863 365 1914 ut
395 1857 500 1924 immo,
530 1863 580 1914 aut
609 1857 811 1924 consentiunt,
844 1851 856 1933 ll
879 1861 913 1914 ut
934 1856 1038 1924 etiam,
1062 1861 1113 1914 aut
1134 1861 1319 1932 comparant,
1347 1862 1381 1913 ut

85 1949 163 2008 tom,
187 1949 237 2001 aut
260 1939 412 2000 subiciunt
433 1941 627 2008 sententiam,
651 1948 683 1999 ut
705 1939 844 2018 equidem
867 1941 1033 2009 enimvero,
1058 1947 1108 1998 aut
1129 1938 1324 2018 compellunt,
1348 1947 1381 1997 ut

84 2027 190 2086 saltem
212 2032 313 2085 tanren
335 2024 487 2094 videlicet,
510 2030 561 2084 aut.
583 2023 777 2086 concludunt:
801 2041 927 2104 quarum
949 2030 1011 2084 tres
1033 2025 1150 2104 species
1172 2032 1255 2094 sunt,
1279 2023 1379 2083 relati-

84 2130 156 2180 vae,
180 2117 213 2170 ut
235 2128 412 2189 quamquam
435 2110 568 2190 quamvis
597 2111 666 2179 etsi,
696 2109 892 2188 praelativae,
922 2116 954 2168 ut
976 2111 1003 2169 si
1025 2112 1088 2179 sin;
1112 2117 1180 2169 sunt
1202 2119 1233 2168 et
1253 2108 1377 2178 mediae,

85 2196 144 2255 hoc
168 2203 212 2254 est
245 2212 321 2275 quae
348 2203 378 2254 et
411 2196 551 2254 incohant
579 2196 757 2255 sententiam
791 2201 820 2254 et
854 2192 1023 2263 includunt,
1053 2200 1085 2253 ut
1112 2201 1143 2252 et
1177 2201 1278 2272 atque,
1306 2211 1380 2272 quas

43 2301 71 2338 ao
85 2280 268 2357 generaliter
290 2281 447 2359 complecti
470 2279 612 2340 diximus:
641 2288 691 2340 aut
713 2281 893 2339 connexivae
916 2286 985 2338 sunt
1007 2281 1245 2348 coniunctiones,
1268 2285 1302 2341 ut
1324 2280 1379 2355 igi-

86 2376 137 2425 tur
160 2383 231 2442 orgo
253 2365 378 2444 proinde
401 2367 501 2444 itaque
517 2367 693 2443 praesertim
708 2372 864 2444 quatenus
881 2371 932 2423 aut
945 2365 1153 2432 rationativae,
1177 2370 1209 2423 ut
1224 2365 1378 2442 quoniam-

84 2450 208 2529 quidem
231 2449 485 2529 quandoquidem,
510 2456 560 2510 aut
582 2452 813 2529 supernexivae‚
838 2457 870 2508 ut
893 2448 1040 2508 similiter.
1070 2467 1139 2508 nam
1160 2466 1262 2508 omnes
1284 2449 1379 2508 nomi·

85 2534 178 2594 nibus
200 2538 261 2595 suis
284 2534 434 2612 designari
458 2552 516 2595 non
538 2541 662 2612 possunt
684 2541 806 2614 propter
827 2533 1049 2594 multitudinem
1075 2551 1218 2611 generum
1240 2540 1290 2592 aut
1309 2531 1378 2592 sub·

86 2621 225 2680 tilitatem
248 2620 470 2688 discriminum,
495 2619 603 2697 quibus
626 2619 700 2680 aliae
723 2619 765 2678 ab.
783 2619 851 2680 aliis
873 2618 1023 2679 dillerunt.
1055 2618 1107 2678 sed
1127 2636 1163 2678 ex
1178 2617 1226 2678 his
1240 2617 1379 2678 omnibus

45 2725 71 2764 vs
88 2706 145 2764 lias
173 2723 247 2784 quas
270 2707 507 2765 enumeravimus
535 2706 663 2764 maxime
687 2713 840 2783 usurpant.
879 2705 973 2781 ligura
1001 2705 1243 2764 coniunctionum
1271 2702 1378 2781 duplex

84 2799 148 2849 est:
172 2808 238 2849 narn
263 2798 312 2850 aut
335 2790 487 2868 simplices
508 2796 590 2859 sunt,
614 2797 647 2849 ut
668 2792 713 2849 uti
736 2791 776 2857 si,
799 2796 850 2849 aut
872 2791 1067 2868 compositae,
1096 2793 1129 2847 ut
1150 2790 1263 2848 utinam
1285 2790 1377 2866 siqui·

84 2875 165 2934 dem.
202 2875 274 2935 ordo
308 2873 568 2934 coniunctionibus
601 2875 725 2944 accidit,
760 2891 827 2934 cum
862 2874 1002 2953 quasdam
1031 2875 1061 2934 in
1089 2874 1239 2952 principio
1267 2891 1378 2951 ponere

86 2977 259 3038 possumne,
284 2966 316 3019 ut
337 2977 529 3038 quamquam,
553 2959 695 3038 quasdam
717 2977 776 3019 non
798 2977 963 3038 possumus,
987 2959 1039 3019 sed
1062 2977 1181 3037 semper
1203 2955 1377 3027 subicimus,

84 3054 118 3105 ut
142 3062 199 3124 que
222 3063 265 3103 ve.

43 3246 70 3282 Μ,
540 3211 589 3272 DE
613 3211 918 3275 PltrlEPOSlTIONE

173 3331 358 3411 Praepositio
381 3339 515 3410 estpars
538 3333 682 3392 orationis
703 3351 779 3411 quae
802 3335 970 3411 praeposita
993 3332 1059 3392 aliis
1080 3330 1216 3410 partibus
1237 3333 1379 3392 orationis

85 3421 146 3478 vim
170 3425 199 3477 ei
227 3418 474 3494 significationem
503 3435 604 3477 earum
633 3416 759 3477 adiuvat.
805 3419 1041 3496 praepositiones
1068 3424 1137 3476 sunt
1164 3416 1378 3496 propemodum

85 3505 159 3571 liae,
183 3521 199 3562 a
221 3501 258 3562 ab
281 3521 347 3562 cum
371 3502 406 3561 do
430 3501 459 3560 di
483 3502 530 3563 dis
552 3519 606 3580 per
628 3520 701 3580 prae
724 3503 753 3560 in
777 3519 813 3561 ex
836 3503 916 3561 inter
937 3508 1058 3581 praeter
1080 3511 1202 3580 propter
1225 3501 1303 3580 apud
1325 3519 1377 3580 pe-

86 3606 143 3648 nes
170 3595 252 3648 trans
279 3595 345 3646 ante
374 3589 439 3647 sine
471 3605 541 3670 erga
568 3585 605 3646 ob
634 3585 738 3646 subter
760 3603 805 3644 am
828 3605 884 3646 con
907 3605 923 3646 e
945 3605 999 3666 pro
1022 3592 1089 3665 post
1110 3589 1234 3645 circum.
1279 3593 1378 3645 certus

43 3687 71 3724 :c
86 3691 159 3733 roro
181 3691 323 3732 numerus
343 3678 464 3751 propter
480 3671 683 3732 difficultatem
699 3671 998 3731 discriminandorum
1021 3669 1058 3730 ab
1081 3669 1232 3730 adverbiis
1254 3679 1284 3730 et
1306 3689 1377 3730 con·

83 3756 290 3819 iunctionibus
305 3756 523 3834 significatuum
539 3774 597 3815 non
613 3763 710 3835 potest
724 3756 948 3834 comprehendi.
978 3754 1162 3816 indubitatae
1177 3762 1276 3815 tamen
1292 3774 1377 3833 prae·

84 3845 249 3923 positiones
272 3844 480 3902 existimantur
503 3841 624 3901 ablativi
648 3859 734 3901 casus
756 3848 884 3919 septem,
914 3861 930 3901 a
953 3839 990 3900 ab
1013 3840 1049 3900 de
1072 3859 1126 3920 pro
1148 3859 1184 3899 ex
1207 3858 1274 3900 curn
1295 3858 1377 3919 prae.

85 3929 253 3988 accusativo
286 3934 384 3987 autem
417 3926 547 3987 adnexae
581 3927 755 4006 plerumque
783 3925 992 3986 adverbiorum
1018 3927 1078 3985 nm
1106 3923 1217 3985 babent
1248 3932 1376 4005 suntque

86 4015 210 4074 omnino
233 4013 385 4082 undecim,
416 4011 451 4072 ad
482 4030 536 4090 per
558 4011 596 4071 ob
618 4019 685 4092 post
706 4019 789 4071 trans
811 4010 888 4090 apud
911 4029 1003 4090 penes
1024 4017 1092 4072 ante
1114 4018 1237 4089 propter
1258 4017 1378 4089 praeter

156 4217 270 4277 lneque
289 4217 372 4264 actius
386 4216 522 4280 praeterite
541 4215 634 4278 (neque
652 4216 714 4266 odd.
733 4227 750 4269 ς
770 4229 816 4262 nec
833 4231 902 4268 corr.
922 4221 974 4278 eut,
990 4222 1017 4263 ut
1033 4213 1140 4272 uidetur,
1157 4213 1218 4265 aad.
1240 4212 1275 4270 G)
1291 4221 1379 4262 neutra

86 4303 132 4336 nee
150 4285 254 4351 passius
276 4287 302 4332 V
307 4285 352 4340 (ἲς
421 4285 582 4348 2reperlunt
605 4287 632 4334 V
646 4285 805 4350 recipiunt&
874 4284 1173 4347 ddativus-legeute
1190 4299 1235 4335 ona.
1252 4285 1280 4334 V
1348 4284 1378 4334 ll

86 4356 270 4420 complectente
285 4355 475 4404 coniunctiones
500 4356 527 4402 V
578 4356 609 4406 12
627 4354 701 4418 neve]
723 4370 754 4402 ue
772 4367 837 4409 nes
893 4353 924 4404 15
943 4354 1114 4420 comparenti
1131 4363 1309 4417 comparantur
1331 4353 1358 4402 V
1362 4365 1379 4407 ς

158 4425 189 4475 17
206 4424 287 4475 saltim
312 4427 339 4473 V
424 4423 456 4474 18
474 4422 532 4488 etsi]
550 4427 595 4474 sed
617 4427 642 4472 V
648 4425 669 4472 G
750 4425 790 4472 sin
809 4439 855 4476 oni.
878 4426 902 4472 V
909 4425 930 4472 G
1014 4422 1049 4473 20
1067 4423 1250 4488 complectendi
1269 4423 1380 4473 diximus

89 4495 224 4545 Puteebt'uc
293 4504 336 4543 out
354 4495 462 4542 connexi
481 4509 510 4556 q:
530 4503 588 4544 sunt
604 4493 791 4559 prepositiones
816 4495 841 4541 V
908 4496 942 4544 24
960 4494 1111 4546 differuntur
1132 4496 1159 4543 V
1164 4495 1186 4543 6
1255 4495 1290 4543 25
1308 4507 1380 4542 enar-

88 4567 238 4618 rauimuss
309 4572 462 4630 usurpantur
483 4564 509 4612 V
577 4563 781 4612 coniunctionum
805 4565 831 4612 V
885 4563 919 4612 28
937 4562 993 4628 sed]
1011 4571 1035 4611 et
1051 4564 1096 4618 θς
1149 4562 1183 4612 32
1201 4563 1253 4611 uim
1271 4563 1380 4613 nominis

87 4633 301 4702 significationem
326 4647 412 4683 earum
435 4634 462 4682 V
526 4631 624 4697 earum]
651 4634 705 4681 eius
722 4633 766 4687 (ἰς
838 4632 872 4682 33
890 4630 959 4697 cum]
978 4648 1025 4682 con
1051 4635 1076 4681 V
1082 4635 1103 4683 G
1174 4631 1206 4681 de
1225 4633 1313 4684 om.(r'

85 4705 119 4756 34
138 4713 257 4754 trans—
273 4703 307 4756 39
324 4717 403 4770 penes
421 4703 503 4752 oncG
590 4703 676 4752 subter
694 4717 725 4750 an
742 4717 788 4750 oon
805 4715 822 4757 ς
839 4703 925 4753 subter
943 4718 999 4752 curn
1019 4703 1046 4750 V
1123 4699 1341 4766 adsigntueeinm
1357 4702 1384 4749 V

174 4773 209 4824 38
233 4775 377 4823 accusatius
399 4781 482 4821 evitem
506 4773 605 4823 adnexa
635 4773 661 4822 V
682 4773 821 4821 accusatiui
846 4779 929 4821 autem
952 4773 1092 4827 odnixoe5
1180 4769 1214 4820 39
1236 4780 1338 4837 propter
1359 4771 1381 4819 G

84 4860 168 4911 prope
190 4844 218 4893 V
221 4855 237 4898 ς

138 4932 317 4976 GRAMMATlCl
330 4931 420 4973 turibi
435 4931 462 4972 V.
1138 4923 1180 4988 36
