3350 5442
296 356 358 420 100
758 305 766 323 ι
864 356 1016 421 ΡΟΜΡΕΙΙ

319 478 341 519 p.
355 464 466 505 11-131„

294 545 411 607 litterae
439 553 507 606 sunt
533 546 677 624 quinque,
706 546 891 606 aeiou:
927 546 1000 605 istae
1029 546 1159 624 quinque
1187 542 1302 605 vocales
1330 550 1409 603 sunt.
1455 542 1603 623 reliquae

293 650 351 708 iam
380 655 576 709 consonantes
603 653 682 707 suot.
728 646 779 708 sed
807 649 889 726 ipsae
918 655 1115 708 consonantes
1143 648 1212 707 item
1240 647 1272 706 in
1300 644 1372 708 duas
1394 652 1494 725 partes
1515 644 1603 704 divi·

293 750 417 819 duntur,
440 751 471 809 in
494 749 684 810 semivocales
706 757 736 809 et
757 757 862 810 mutas.
899 748 1089 809 semivocales
1112 756 1180 809 sunt
1201 755 1331 827 septem,
1360 748 1374 808 l
1386 747 1396 807 l
1412 766 1441 807 m
1457 765 1476 807 n
1492 766 1507 807 r
1523 766 1542 805 s
1560 765 1600 813 x;

292 861 390 913 mutae
410 859 479 913 sunt
500 869 620 920 novem,
642 850 661 911 b
677 850 726 911 cd
742 851 795 930 gb
813 850 831 911 lx
847 868 867 930 p
883 857 936 931 qt.
968 850 1120 911 videamus
1143 851 1179 912 de
1202 848 1259 910 illis
1282 848 1431 910 vocabulis
1452 848 1600 927 singulis.

195 950 282 1007 42¹2ss
379 954 501 1014 Vocales
533 952 629 1014 dietae
664 963 734 1014 sunt
765 972 799 1014 ea
827 955 959 1023 ratione,
994 956 1133 1033 quoniam
1162 970 1215 1032 per
1243 970 1275 1012 se
1303 970 1404 1011 vocem
1433 950 1630 1030 impleaut's

178 1020 363 1135 6¹9'²9quitl
388 1063 432 1116 est
454 1075 507 1135 per
529 1057 579 1116 sel
614 1064 730 1116 ceterae
752 1054 869 1116 litterae
891 1072 950 1116 non
974 1054 1059 1115 aliter
1082 1056 1251 1133 exprimunt
1271 1071 1376 1114 sonum
1399 1071 1500 1121 suurn,
1533 1053 1601 1112 nisi

291 1159 415 1235 iungant
428 1157 485 1218 sibi
500 1157 645 1219 vocalium
660 1176 760 1218 sonos.
790 1157 907 1238 quando
930 1157 996 1217 vlico
1020 1156 1052 1227 b,
1076 1175 1136 1217 non
1159 1145 1244 1217 aliter
1266 1174 1372 1217 sonum
1394 1154 1477 1215 illum
1499 1174 1599 1215 suum

291 1260 457 1321 naturalem
482 1261 636 1338 exprimit,
665 1260 721 1320 nisi
751 1261 881 1321 iunctam
904 1259 1042 1320 babuerit
1063 1258 1204 1321 vocalem.
1249 1277 1265 1318 c
1288 1276 1348 1319 nou
1371 1258 1457 1318 aliter
1478 1274 1599 1317 sonum

290 1360 374 1422 illum
399 1360 563 1422 naturalem
587 1363 741 1441 exprimit,
765 1363 823 1421 nisi
846 1364 976 1422 iunctam
998 1359 1106 1421 babeat
1127 1358 1266 1421 vocalem.
1298 1359 1432 1420 similiter
1449 1365 1478 1419 et
1499 1358 1598 1419 inon

292 1462 378 1523 aliter
401 1462 518 1523 elicitur.
557 1463 700 1524 stridores
722 1470 752 1523 et
773 1462 888 1523 dimidii
910 1466 989 1529 soni,
1014 1464 1069 1521 nisi
1092 1459 1252 1541 praecedat
1272 1459 1331 1521 illis
1353 1458 1461 1521 vocalis
1483 1479 1595 1529 sonuS,
1615 1478 1641 1515 ιιι

291 1583 350 1624 non
372 1561 505 1643 posjsunt
527 1566 612 1626 aliter
635 1567 770 1644 exprimi,
816 1582 889 1642 ergo
913 1564 993 1624 vides
1015 1565 1154 1643 quoniam
1183 1561 1257 1623 aliae
1279 1581 1332 1641 per
1355 1581 1387 1623 se
1410 1581 1469 1623 non
1492 1562 1597 1641 expli-

291 1673 360 1725 cant
386 1684 508 1738 sonum,
537 1668 595 1727 nisi
621 1667 730 1727 iunctis
756 1665 916 1727 vocalibus.
960 1667 1042 1744 ipsae
1069 1672 1167 1726 autem
1195 1663 1310 1726 vocales
1339 1664 1447 1725 nullius
1468 1664 1596 1725 litterae

291 1767 399 1828 auxilio
427 1776 530 1847 egent,
558 1768 611 1829 sed
639 1787 748 1848 perse
776 1766 902 1847 implent
922 1786 1045 1838 vocem,
1069 1775 1103 1829 ut
1123 1769 1148 1827 si
1171 1766 1251 1827 dicas
1274 1786 1290 1827 a
1313 1784 1329 1827 e
1351 1768 1362 1826 i
1384 1786 1458 1835 ou,
1482 1784 1597 1827 omnes

290 1889 397 1950 perse
421 1873 634 1950 exprimuntur.
681 1888 752 1948 ergo
780 1870 850 1930 itleo
877 1870 973 1930 dictae
1001 1877 1069 1930 sunt
1096 1868 1227 1939 vocales,
1257 1872 1325 1948 quia
1354 1878 1384 1928 et
1406 1886 1507 1930 vocem
1531 1888 1595 1947 per

290 1991 322 2033 se
338 1973 448 2033 iaciunt
463 1981 492 2033 et
512 1972 577 2033 aliis
601 1991 701 2032 vocem
724 1980 883 2051 praestant.
915 1991 983 2033 nam
999 1990 1058 2033 non
1081 1973 1177 2033 solum
1193 1973 1273 2051 ipsae
1289 1971 1459 2049 exprimunt
1481 1986 1636 2029 vocemve

290 2092 388 2142 suam,
410 2074 462 2134 sed
478 2076 565 2134 etiam
582 2073 645 2134 aliis
660 2076 892 2135 consonantibus
912 2074 1025 2135 addunt
1045 2092 1156 2133 vocem.
1187 2082 1233 2134 est
1253 2072 1307 2133 alia
1330 2074 1404 2131 ratio
1427 2071 1590 2140 vocalium,
1667 2134 1668 2137 ,

290 2178 359 2253 quia
380 2176 460 2237 solae
482 2179 596 2256 positae
618 2175 760 2255 syllabam
783 2177 903 2237 iaciunt.
935 2175 1013 2236 nulla
1037 2177 1092 2237 alia
1117 2176 1214 2236 littera
1237 2172 1296 2235 sola
1320 2174 1415 2252 posita
1439 2174 1589 2254 syllabam

288 2278 366 2339 lacit.
412 2287 482 2357 puta
504 2280 517 2340 i
537 2296 628 2357 pone,
653 2278 724 2338 tolle
745 2277 891 2346 vocalem,
917 2284 946 2337 et
968 2277 1040 2337 nibil
1063 2286 1162 2338 sonat:
1195 2296 1209 2337 r
1231 2294 1325 2357 ponc,
1348 2276 1419 2336 tolle
1441 2276 1589 2355 vocalem,

290 2387 320 2440 et
347 2398 405 2439 non
434 2387 532 2448 sonat;
563 2389 593 2440 et
621 2391 736 2440 ceterae
764 2380 804 2439 ita
833 2399 865 2439 se
892 2380 994 2459 utique
1021 2378 1138 2439 babent.
1183 2396 1313 2458 apone,
1343 2386 1373 2437 et
1394 2379 1452 2439 iam
1475 2396 1531 2458 per
1554 2396 1590 2437 se

288 2482 376 2561 plena
399 2491 458 2552 est,
481 2499 536 2561 per
558 2499 591 2541 se
613 2482 752 2560 exprimit
773 2500 879 2541 sonum
903 2492 933 2542 et
955 2500 1008 2561 per
1030 2499 1062 2541 se
1084 2479 1226 2559 syllabam
1255 2480 1337 2549 iacit,
1366 2489 1399 2540 ut
1420 2482 1453 2540 ‘a
1476 2482 1587 2557 virgo
1603 2500 1630 2539 eo

287 2582 456 2643 inlelix':
494 2602 512 2643 o
545 2601 640 2662 pone,
674 2593 703 2643 et
735 2601 790 2661 per
823 2601 855 2643 sc
883 2582 969 2663 plena
999 2590 1057 2652 est,
1087 2591 1119 2644 ut
1144 2586 1179 2641 ὀ
1215 2590 1347 2661 terque
1375 2589 1588 2661 quaterque

289 2683 423 2745 beati':
453 2686 463 2744 i
491 2704 570 2764 pone
599 2691 628 2745 et
656 2703 710 2763 per
737 2703 770 2744 se
796 2683 915 2763 plenam
939 2686 1030 2745 elficit
1051 2702 1167 2753 vocem,
1197 2682 1224 2741 ‘i
1251 2700 1408 2761 sequere
1435 2681 1586 2742 ltaliam

288 2788 439 2847 ventis’.
476 2805 548 2865 ergo
570 2788 652 2866 ipsae
673 2786 791 2845 vocales
813 2785 894 2846 solae
916 2785 1058 2867 syllabam
1082 2786 1201 2845 iaciunt.
1219 2778 1222 2862 l
1240 2784 1349 2862 ‹topbet
1373 2802 1444 2862 ergo
1467 2787 1587 2845 ratione

288 2888 384 2948 ‹lictae
412 2895 482 2947 sunt
509 2889 638 2959 vocales,
667 2896 718 2948 aut
745 2889 813 2967 quia
841 2906 894 2967 per
923 2906 955 2947 se
983 2895 1102 2957 sonant,
1127 2894 1176 2947 aut
1198 2888 1265 2967 quia
1289 2886 1369 2947 solae
1392 2890 1504 2965 positae
1528 2905 1586 2967 pro

288 2988 408 3068 syllabis
429 2987 585 3051 habentur.
722 2990 725 2998 ’
1599 3013 1626 3053 es

191 3094 279 3156 tate
377 3093 581 3153 consonantes
602 3099 701 3153 tamen
723 3091 857 3171 reliquae
880 3088 946 3151 illae
970 3110 1003 3151 ea
1026 3092 1141 3152 ratione
1163 3090 1259 3151 dictae
1282 3098 1352 3150 sunt
1373 3098 1583 3157 consonantes,

192 3164 369 3270 ⁵²⁰t⁸quod
399 3210 458 3251 uon
486 3203 608 3263 sonant,
638 3193 689 3253 sen
718 3200 897 3261 consonant,
926 3193 955 3253 id
985 3193 1127 3270 estquod
1151 3193 1231 3254 solae
1253 3193 1365 3271 positae
1389 3210 1447 3252 non
1472 3192 1585 3252 babent

289 3293 409 3373 plenum
438 3313 559 3365 sonum,
588 3294 640 3355 sed
670 3315 737 3356 cum
766 3296 914 3357 vocalibus
940 3298 1058 3356 iunctae
1086 3297 1285 3375 proteruntur.
1333 3300 1364 3353 ut
1390 3296 1415 3353 si
1444 3293 1523 3353 dicas
1552 3293 1582 3359 b,

289 3395 359 3456 tolle
381 3397 451 3457 inde
474 3416 504 3468 e,
534 3404 563 3456 et
591 3405 734 3459 mutatum
762 3406 808 3458 est
834 3407 864 3459 et
892 3416 949 3459 non
973 3397 1063 3459 babet
1084 3398 1204 3476 plenum
1227 3415 1342 3457 sonum.
1386 3404 1416 3455 et
1438 3395 1513 3455 benc
1538 3395 1583 3454 di-

289 3506 396 3558 cuntur
418 3504 630 3568 consonantes,
654 3499 733 3578 quoti
757 3499 815 3560 duo
838 3502 904 3561 soui
927 3500 1015 3561 simul
1038 3509 1154 3561 sonant.
1596 3520 1622 3559 ao

289 3652 388 3659 ----—

358 3738 372 3787 l
395 3737 497 3786 nucales
521 3746 580 3787 snut
600 3738 713 3801 reliquae
731 3738 781 3787 iam
800 3747 968 3789 consonantes
989 3748 1047 3789 sunt
1071 3739 1115 3788 sed
1135 3739 1206 3804 ipsae
1230 3737 1474 3789 consoranensium
1490 3736 1515 3786 L
1535 3752 1582 3785 vro-

288 3807 357 3856 eales
376 3819 434 3855 sttnt
452 3823 540 3857 omues
559 3816 617 3857 rtem
636 3808 720 3859 ABG
787 3810 1154 3859 2dtrrtaonnrrconsonante.-
1174 3808 1241 3857 inB
1313 3802 1484 3873 tvombnbs]
1504 3822 1581 3856 uoce·

288 3877 356 3926 tibus
373 3878 397 3925 A
406 3876 488 3927 Bou
575 3876 689 3928 Bcnon
712 3879 834 3928 eliter—
854 3880 944 3929 babeat
969 3879 1079 3929 vocalem
1099 3895 1145 3932 om.
1166 3879 1234 3941 Aa,
1252 3878 1314 3933 add.
1336 3894 1352 3925 a
1371 3880 1396 3928 in
1412 3892 1482 3941 rreorp
1564 3876 1581 3927 9

289 3948 404 3996 similiter
422 3958 447 3995 et
466 3947 479 3995 l
500 3961 549 3997 non
568 3948 640 3997 aliter
660 3965 698 4013 pe·
720 3951 854 3999 stridorem
874 3952 1000 4013 querulam
1021 3950 1130 3997 demedii
1155 3963 1232 3997 sortus
1251 3949 1299 3997 nisi
1319 3950 1455 4012 praecedet,
1474 3945 1515 3995 nte
1534 3961 1580 3996 uo·

289 4020 353 4065 culis
370 4032 450 4067 conns
468 4032 528 4082 ergo
548 4019 620 4067 uides
641 4018 664 4066 h
735 4020 769 4070 lb
790 4020 889 4066 dirnirlii
910 4033 988 4069 sorbis
1008 4020 1054 4067 nisi
1076 4019 1227 4083 praecedant
1245 4018 1295 4067 ibis
1316 4019 1410 4066 nocella
1430 4031 1508 4065 srrnns
1529 4030 1579 4065 eron

289 4098 396 4151 possunt
414 4090 512 4151 (putent
524 4087 558 4145 Β)
575 4087 648 4137 einer
662 4090 769 4153 exprimi
784 4088 834 4139 BC
851 4089 950 4137 dement·
966 4090 1076 4143 tdimieln
1090 4087 1120 4150 o)
1138 4102 1215 4137 soene
1234 4090 1283 4137 nisi
1300 4090 1449 4151 proecedem
1467 4096 1537 4149 y—arrt
1550 4086 1581 4149 a)

290 4157 327 4205 illi
348 4158 447 4206 uocale-
465 4157 530 4219 tribe
549 4159 644 4207 nocetis
661 4170 690 4217 a)
712 4174 790 4207 sonus
809 4172 858 4207 nnn
879 4167 961 4221 potest
979 4160 1101 4222 (possunt
1119 4170 1147 4216 αι
1167 4159 1239 4207 eliter
1258 4160 1365 4220 exprimi
1386 4158 1410 4207 A
1482 4156 1514 4207 13
1534 4170 1581 4221 per

238 4265 241 4269 ,
290 4242 318 4274 se
335 4230 513 4291 exprimuntur
532 4240 556 4278 et
577 4229 773 4293 inplentuoeern
792 4230 817 4279 L
879 4229 910 4279 lb
929 4230 999 4293 ipsae
1017 4230 1160 4294 exprimunt
1176 4230 1231 4277 tsed
1250 4230 1310 4278 cdd.
1330 4229 1366 4284 1,)
1383 4242 1428 4292 per
1446 4242 1474 4277 se
1490 4242 1579 4277 uocem
1667 4252 1668 4255 ι

290 4296 346 4344 ΑΙ,
415 4298 449 4345 ‘20
467 4311 511 4360 per
532 4313 561 4347 se
579 4298 704 4361 exprimet
723 4311 813 4347 sonum
833 4306 856 4347 et
874 4314 921 4363 per
940 4314 967 4347 se
986 4299 1099 4348 sillabaur
1120 4296 1181 4347 lecit
1198 4308 1225 4346 ut
1242 4312 1257 4346 e
1276 4299 1350 4365 uirgo
1369 4298 1460 4347 iuielix
1479 4312 1493 4346 o
1513 4312 1580 4360 pone

290 4378 315 4414 et
335 4382 379 4431 per
398 4382 425 4415 se
445 4367 519 4430 plena
538 4377 576 4417 eet
593 4380 620 4416 nt
634 4377 740 4429 uterque
758 4380 926 4431 quattoorqne
946 4372 1012 4419 beuti
1032 4384 1047 4417 u
1068 4382 1132 4433 pone
1151 4366 1176 4416 L
1196 4383 1240 4431 per
1259 4382 1286 4417 sc
1304 4368 1424 4433 exprimit
1443 4368 1580 4433 (exprimet

289 4434 315 4482 A
324 4436 360 4500 Β)
384 4450 505 4485 snnvtma
528 4452 603 4503 ungo
628 4437 715 4486 inlelix
736 4438 774 4501 (in
796 4438 833 4500 Α)
854 4454 868 4487 ο
892 4448 979 4502 terque
1001 4445 1031 4498 (n
1051 4451 1121 4502 veterq
1141 4454 1155 4487 e
1175 4438 1209 4497 Β)
1231 4448 1369 4502 quumque
1388 4440 1397 4487 i
1415 4452 1479 4503 poue
1497 4436 1582 4485 Atat*

359 4506 481 4572 evirgni
503 4508 571 4571 Verp
601 4507 682 4559 bucol.
701 4506 732 4566 6,
752 4508 785 4557 47
857 4506 1038 4575 llorerque]
1066 4511 1144 4573 Vevp.
1163 4507 1219 4557 Aen
1251 4510 1310 4559 tut
1381 4503 1575 4571 22isequere]
1659 4514 1660 4519 ’

294 4574 373 4639 Verp.
393 4576 458 4626 Aen,
480 4577 523 4625 llll
540 4578 588 4627 sal
643 4576 676 4627 ’23
691 4584 781 4627 uentos
795 4578 818 4625 Α
873 4578 969 4627 lnclnnt
986 4580 1083 4643 duplici
1096 4568 1163 4643 'ergo
1183 4578 1279 4627 rarione
1299 4580 1380 4627 dictae
1400 4591 1457 4627 setin
1476 4578 1578 4627 comtes

290 4646 404 4705 (novales
427 4649 508 4695 dictae
531 4657 590 4697 sunt
610 4648 644 4702 Α)
664 4659 706 4695 eut
727 4650 785 4709 quia
806 4648 861 4696 Ab
879 4646 974 4697 iaciunt
997 4649 1052 4699 ideo
1073 4652 1155 4696 vlu-me
1173 4658 1232 4696 sum
1252 4650 1351 4698 vvcc-ale·
1368 4648 1463 4713 ‹lnplici
1481 4648 1579 4695 ratione

290 4717 393 4764 uocales
407 4716 488 4764 dictae
507 4729 565 4765 anm
578 4717 645 4778 qnod
665 4731 755 4782 perse
773 4726 863 4765 solvant
884 4720 908 4765 td
926 4732 964 4767 est
983 4719 1038 4767 sine
1053 4720 1148 4767 urtxilio
1167 4718 1276 4766 alienius
1293 4721 1357 4767 uliae
1377 4732 1422 4783 per
1440 4735 1467 4767 se
1486 4731 1579 4779 sotrum

289 4798 339 4833 noo
356 4785 460 4849 implent
477 4800 539 4850 ergo
559 4786 660 4835 tvvrcnles
680 4788 763 4836 dictae
782 4796 841 4836 sunt
863 4798 906 4837 ant
931 4804 988 4849 quc·
1014 4788 1065 4838 ΒΟ
1138 4788 1168 4835 27
1187 4788 1255 4837 solae
1276 4799 1374 4853 posrtne
1390 4780 1581 4844 sillabamloon

290 4854 387 4909 faciunt
401 4871 481 4926 neque
500 4854 593 4907 hebent
610 4857 711 4925 plenum
728 4871 817 4907 sonum
841 4858 863 4909 t
933 4858 967 4909 30
986 4858 1053 4925 quod
1072 4858 1170 4909 dnobus
1188 4860 1260 4909 sonis
1278 4858 1353 4909 simttl
1372 4867 1463 4911 corrant
1481 4847 1514 4916 Li
