3350 5442
307 379 349 443 70
863 376 1038 441 unaucurt

331 501 352 542 p.
367 490 422 530 1926.
435 489 460 528 27
474 487 495 527 P.

458 569 602 628 interea
626 565 760 627 mulier
782 563 957 646 quaedam
981 562 1129 623 abhinc
1151 564 1372 631 triennium,

307 679 336 731 et
360 667 502 747 Vergilius
524 668 669 728 ‘Siculo
692 667 891 747 prospexit
913 664 955 726 ab
978 683 1092 746 usque
1114 665 1315 745 l‘achpno’.
1360 665 1413 726 sed
1436 664 1492 725 hoc
1517 665 1589 739 toh-

308 769 485 831 servandum
507 769 669 830 secundum
693 779 791 830 certos
813 787 913 836 sonos,
937 786 1012 847 quos
1027 776 1133 848 poetae
1149 774 1330 846 usurparunt
1346 765 1590 848 [praepositiones

190 887 248 945 387,
264 885 293 934 ιι
308 871 375 932 addi
397 891 456 932 non
480 870 648 952 oportere}
667 905 703 916 -
726 871 897 942 Quamvis
919 867 1122 948 legerimus
1144 869 1186 929 de
1208 887 1369 940 sursum,
1393 868 1436 930 de
1458 869 1590 939 subito,

308 993 348 1035 cx
371 973 456 1034 inde
478 981 512 1033 et
535 971 577 1034 ab
600 991 713 1053 usqne
736 971 834 1033 etde
856 971 951 1032 hine.
981 970 1044 1032 sed
1067 970 1157 1032 haec
1180 980 1361 1050 tamqnam
1384 989 1490 1032 tanam
1512 989 1611 1051 par-s

308 1084 377 1138 tem
401 1076 584 1136 orationis
607 1073 672 1136 suh
695 1092 765 1135 uno
788 1067 942 1134 accentu
965 1072 1303 1152 pronuntiabimus:
1328 1073 1482 1134 ‘deinde
1504 1074 1592 1133 satis

307 1179 319 1238 l
324 1175 459 1237 lovium
484 1175 654 1238 inducit'.
680 1174 787 1236 deinde
809 1184 838 1235 et
859 1175 1014 1236 desursum
1044 1185 1074 1235 et
1095 1174 1231 1236 desubito
1258 1193 1318 1236 noo
1340 1184 1410 1237 suut
1432 1174 1508 1236 duae
1530 1193 1592 1254 par·

308 1289 351 1340 tes
374 1279 530 1348 orationiS,
554 1278 606 1339 sed
630 1297 686 1339 una
709 1275 888 1358 conposillta.
933 1278 959 1337 si
980 1275 1106 1347 dividas,
1129 1277 1309 1356 praepositio
1331 1285 1388 1347 est,
1412 1295 1525 1337 conexa
1547 1277 1594 1336 ad-

308 1381 441 1442 verbium
469 1379 547 1440 lacit.
584 1379 652 1440 ideo
670 1357 887 1458 'praeiudicium
910 1397 970 1439 non
993 1378 1117 1447 iaciunt,
1146 1379 1215 1457 quia
1237 1396 1297 1439 uno
1320 1387 1443 1439 accentu
1466 1398 1593 1458 pronun·

307 1485 431 1553 tiaotur,
456 1490 603 1562 tamquam
626 1479 759 1558 singulae
781 1487 881 1561 partes
903 1481 1062 1549 orationis,
1085 1499 1144 1541 non
1167 1489 1315 1560 tamquam
1338 1480 1456 1542 divisae.
1606 1499 1625 1534 ιι

817 1649 866 1712 DE
886 1648 1095 1712 hauriendo

266 1787 297 1836 18
393 1770 639 1850 Participionr
662 1763 824 1849 estpars
846 1769 1032 1831 orationis
1054 1768 1166 1838 dicta,
1190 1768 1286 1848 quod
1308 1777 1453 1850 partem
1477 1773 1597 1849 capiat

308 1874 485 1946 hominia,
508 1878 649 1951 partem
666 1871 778 1932 verbi.
808 1871 945 1948 recipit
966 1871 1060 1931 enlm
1076 1888 1092 1930 a
1108 1872 1254 1931 nomine
1276 1889 1410 1950 genera
1434 1880 1470 1932 et
1492 1891 1596 1933 casus

309 1973 492 2054 [qualitatem
516 1981 544 2034 et
569 1974 714 2052 tempus]‚
740 1973 743 2053 1
775 1991 790 2032 a
824 1972 936 2032 verbo
959 1979 1124 2051 tempora
1148 1981 1183 2032 et
1209 1973 1532 2050 significationes,
1555 1972 1596 2032 alr

308 2085 468 2156 utroque
490 2092 677 2136 numerum
701 2080 735 2134 et
757 2075 930 2152 ilguranr:
954 2073 1072 2153 quando
1095 2073 1201 2136 similia
1224 2082 1294 2135 sunt
1315 2075 1433 2135 uomina
1456 2083 1487 2134 et
1507 2077 1629 2155 parti-n

308 2178 399 2256 cipio,
423 2177 478 2238 hac
500 2196 533 2238 re
556 2174 709 2237 discernis.
742 2178 767 2236 si
788 2177 925 2253 genetivo
946 2177 1050 2246 servit,
1074 2193 1182 2236 nornen
1205 2183 1262 2244 est;
1285 2177 1310 2236 si
1332 2177 1508 2246 accusativo,
1531 2195 1598 2257 par-

309 2279 455 2358 ticipium,
479 2286 511 2339 ut
531 2277 664 2357 prudens
686 2276 765 2338 illius
779 2279 838 2347 rei,
861 2276 991 2357 prudens
1007 2277 1044 2337 ad
1059 2276 1140 2338 illam
1155 2297 1233 2338 rem:
1258 2279 1307 2338 hic
1322 2285 1439 2358 tempos
1454 2277 1597 2356 designat,

309 2379 387 2440 unde
408 2381 597 2460 participium
620 2378 785 2451 credimus,
808 2378 878 2440 licet
899 2380 1043 2459 privatum
1066 2381 1104 2440 sit
1124 2381 1349 2460 significatione.
1381 2381 1537 2460 participia
1559 2382 1598 2441 ita

308 2499 340 2541 se
363 2483 488 2542 invicem
510 2491 629 2560 regunt.
665 2500 732 2542 nam
755 2483 781 2541 si
803 2482 969 2561 praesentis
993 2484 1135 2562 temporis
1157 2483 1311 2562 participio
1334 2480 1472 2541 detrahas
1492 2501 1507 2541 s
1530 2480 1598 2541 ulti·

307 2601 384 2644 mam
407 2582 536 2644 litteram
564 2593 594 2645 et
620 2582 711 2644 addas
738 2581 794 2643 dns
815 2581 971 2663 syllabam,
1000 2583 1074 2644 lacis
1094 2585 1282 2663 participium
1305 2583 1396 2643 loturi
1417 2586 1562 2663 temporis
1583 2605 1633 2644 aa·

307 2687 437 2765 passivo,
461 2693 494 2746 ut
515 2705 616 2747 amans
638 2684 791 2746 amandus.
835 2685 906 2744 item
929 2686 954 2745 si
977 2687 1134 2765 participio
1156 2686 1309 2765 praeteriti
1331 2687 1474 2764 temporis
1495 2705 1512 2745 a
1534 2705 1601 2766 pas-
1640 2732 1642 2741 .

308 2788 370 2848 sivo
394 2786 532 2848 detrahas
561 2807 575 2848 s
602 2787 734 2849 ultimam
763 2785 891 2847 litteram
921 2794 951 2846 et
978 2786 1068 2849 addas
1089 2807 1156 2859 rus,
1184 2788 1275 2848 lacies
1296 2787 1484 2866 participium
1507 2788 1601 2848 latori

309 2890 451 2968 temporis
474 2887 511 2949 ab
533 2891 641 2960 activo,
666 2896 698 2950 ut
719 2887 815 2949 lectus
837 2887 978 2950 lecturus.
1010 2887 1014 2968 l
1044 2891 1142 2951 onrnia
1165 2889 1318 2969 partieipia
1341 2891 1504 2967 praesentis
1527 2898 1601 2950 tenr-

308 2991 390 3068 poris
412 2987 451 3049 ab
473 2992 554 3051 omni
577 2994 783 3070 coniugatione
806 3010 841 3052 os
862 2989 969 3052 litteris
991 2992 1197 3062 terminantur,
1219 3000 1252 3053 ut
1273 3011 1388 3061 amans;
1410 2992 1601 3070 participium

308 3092 460 3169 praeteriti
482 3095 625 3172 temporis
648 3095 677 3154 in
701 3112 734 3154 us
756 3094 859 3161 mittit,
889 3101 921 3153 ut
943 3099 1077 3159 amatus;
1107 3093 1195 3154 loturi
1220 3095 1363 3172 temporis
1384 3094 1541 3174 participia
1564 3094 1637 3156 ahsa

308 3191 432 3272 utroquo
462 3191 551 3253 verbo
579 3196 609 3255 in
636 3194 691 3255 dus
719 3202 749 3255 et
776 3196 806 3255 in
829 3213 881 3254 rus
902 3192 1045 3274 syllabam
1068 3202 1190 3264 exeunt,
1218 3203 1250 3256 ut
1271 3193 1416 3256 amandus
1438 3203 1601 3257 amaturus.

262 3311 295 3358 ιιι
311 3327 344 3336 -
372 3295 585 3365 Commune,
611 3304 648 3356 ut
675 3295 819 3374 legens:
850 3298 939 3357 trium
967 3313 1111 3374 generum
1139 3296 1188 3357 hic
1211 3305 1242 3357 et
1261 3297 1336 3358 haec
1357 3305 1387 3358 et
1407 3296 1602 3376 hoclegens.

261 3411 345 3459 ‘24-
377 3395 461 3456 Nam
492 3399 612 3458 omnia
639 3400 855 3478 praesentis
884 3399 1063 3477 temporis
1090 3400 1294 3478 participia
1327 3399 1479 3477 generis
1511 3411 1603 3460 sunt

308 3499 518 3562 communis.
564 3517 670 3560 casus
693 3499 848 3560 tolidem
872 3507 958 3560 sunt
981 3500 1284 3578 participiorum,
1314 3508 1404 3579 quot
1425 3508 1460 3559 et
1484 3503 1603 3561 nomi·

248 3619 253 3629 ’
308 3619 406 3661 num:
445 3619 521 3662 narn
559 3620 622 3679 per
659 3619 783 3662 omnus
819 3619 928 3662 casus
965 3602 1075 3662 etiam
1112 3603 1314 3680 participia
1346 3600 1640 3664 declinanturao

309 3709 474 3781 tempora
505 3704 718 3782 participiis
746 3702 923 3764 accidunt
950 3703 1034 3770 tria,
1064 3721 1247 3781 praesens
1268 3705 1522 3783 praeteritum
1545 3704 1603 3764 lu-

308 3813 441 3874 turum,
473 3813 510 3864 ut
532 3804 679 3866 luctans
706 3804 872 3866 luctatus
901 3804 1130 3866 luctaturus:
1155 3803 1194 3864 ita
1217 3811 1260 3865 tot
1282 3812 1351 3864 sunt
1373 3795 1458 3865 casus
1480 3806 1603 3884 partici-

308 3907 440 3984 piorum,
470 3914 541 3985 quot
567 3915 596 3966 ct
624 3909 791 3977 nominum,
820 3913 853 3965 ut
882 3915 911 3966 et
938 3907 1096 3983 septimum
1119 3923 1219 3966 casum
1241 3905 1370 3966 habeant
1390 3908 1548 3987 participia
1574 3918 1605 3968 et

260 4016 450 4073 rrootavum.
481 4003 485 4090 Ι
516 4042 551 4051 -
582 4009 936 4086 Significationesa
964 4006 1167 4086 generibus
1189 4017 1399 4069 sumuntur:
1437 4007 1495 4068 hoe
1518 4017 1605 4070 esta

375 4212 436 4264 Cod.
457 4211 536 4262 Bera.
552 4211 596 4260 xit
614 4207 733 4264 3*-5*.
807 4211 818 4261 1
840 4208 947 4277 intereo]
965 4213 1044 4260 intere
1113 4209 1218 4276 abhinc]
1235 4211 1295 4260 adin
1310 4210 1392 4273 (corr.
1410 4213 1456 4277 ad)
1474 4211 1533 4262 hinc

306 4283 434 4346 'ipacyno
503 4281 519 4332 3
538 4296 616 4331 serrae
630 4297 693 4346 quos
713 4290 802 4348 poetae
820 4288 991 4345 susurpurunt
1060 4283 1262 4346 praepositiones
1278 4281 1309 4328 ad
1327 4281 1363 4346 (iu
1382 4283 1445 4332 odd.
1465 4284 1499 4336 ol.
1519 4286 1607 4341 saun.)

306 4362 423 4414 oportere
491 4351 656 4414 bubusquae
720 4353 800 4417 partis
870 4347 1013 4416 stacioni]
1035 4351 1130 4415 patitur
1200 4347 1261 4415 uuo]
1278 4367 1331 4401 ιιιιιι
1404 4353 1531 4420 luponis

309 4420 339 4470 15
352 4430 459 4484 utruque
533 4421 565 4472 111
583 4437 641 4471 unm
664 4423 695 4472 do
722 4422 855 4486 [torticipio
876 4422 1020 4485 praesentis
1041 4423 1162 4487 temporis
1181 4435 1196 4469 a
1215 4421 1320 4485 passiuo
1339 4437 1396 4471 nam
1415 4424 1438 4474 si
1457 4426 1607 4489 proesentis

306 4491 428 4554 temporis
442 4489 571 4541 detrahas.
613 4492 647 4541 20
661 4490 719 4558 dus]
737 4491 763 4540 di
814 4490 848 4539 23
864 4490 972 4539 lecturus
987 4501 1047 4539 sunt
1062 4492 1184 4555 temporis
1198 4503 1225 4538 ut
1240 4491 1311 4540 soleo
1324 4491 1410 4543 solens
1426 4493 1518 4543 solitus
1530 4495 1607 4545 soleo

306 4569 419 4624 temporo
435 4559 440 4624 Ι
457 4562 590 4625 praeterito
611 4562 716 4626 perlecti
737 4577 781 4610 neo
799 4561 864 4609 solui
885 4561 942 4608 lacit
961 4571 986 4608 et
1006 4559 1090 4610 loturo
1112 4571 1225 4624 tempore
1244 4570 1313 4610 carot
1330 4576 1380 4610 non
1399 4562 1460 4612 iacit
1478 4563 1607 4614 solandus

306 4631 405 4679 omnia:
425 4631 459 4692 cf.
476 4631 547 4694 infra
559 4645 586 4692 p.
601 4632 643 4691 71,
657 4633 689 4683 21
742 4633 776 4681 24
790 4630 1100 4680 coniunctioneslitteris
1153 4631 1187 4682 29
1201 4632 1269 4694 quod
1282 4640 1307 4680 et
1359 4631 1391 4684 31
1409 4633 1608 4686 accedunttria

306 4715 364 4764 pres
380 4699 502 4765 proelltur
517 4709 543 4750 ut
561 4701 658 4752 hrotans
729 4701 762 4752 33
782 4701 851 4765 qood
870 4708 895 4749 et
914 4701 1043 4750 nominum
1062 4710 1089 4750 ot
1106 4716 1138 4750 ex
1158 4701 1295 4766 septimum
1314 4717 1389 4752 casus
1406 4717 1476 4755 corr.
1495 4719 1566 4754 -sum

373 4873 390 4922 '2
408 4869 546 4938 Vergilius]
568 4872 631 4924 Aen.
651 4873 694 4922 Vll
714 4871 764 4924 ²89
835 4871 973 4940 bdeiude]
998 4875 1075 4939 Verp.
1089 4887 1178 4938 georg.
1196 4873 1205 4920 1
1223 4873 1273 4924 lua
1331 4934 1336 4950 ι
