3350 5442
301 359 364 425 500
844 360 1044 423 nvuvsrlui

328 469 495 520 omen

302 548 466 611 declinabis
495 567 620 610 numero
649 555 761 610 tantum
789 549 931 627 singulari
959 569 1026 619 ver,
1054 550 1110 610 hoc
1138 569 1190 610 ver
1217 552 1306 611 huius
1335 551 1413 611 veris
1433 551 1504 612 buit
1531 555 1588 610 veri

302 637 356 696 hoc
379 654 430 694 ver
452 655 469 694 o
492 654 543 695 ver
565 635 602 696 ab
624 635 680 695 boc
702 654 786 696 vere:
817 638 860 696 sic
882 635 1047 696 declinabis
1068 643 1099 696 et
1120 636 1208 704 siler,
1231 654 1328 714 genus
1349 636 1489 714 virgulti,
1513 638 1589 715 quod
1646 696 1647 709 ,

302 723 343 782 ait
364 720 520 797 Virgilius,
545 721 602 781 ‘ut
624 721 736 781 molle
760 720 882 781 siler'.
913 722 1053 782 similiter
1067 720 1233 782 declinabis
1254 730 1285 782 ct
1306 723 1410 799 iuger;
1433 722 1487 782 sed
1501 721 1590 782 babet
1646 714 1647 731 ¹

301 805 457 886 pluralem,
480 813 513 866 ut
534 808 620 883 inger
641 807 743 883 iugera
771 806 935 867 secundum
961 809 1113 884 antiquos,
1143 807 1193 886 qui
1216 806 1355 867 dixerunt
1376 807 1485 866 borum
1508 809 1589 884 iuge-

301 911 381 952 rum:
410 890 486 950 uber
512 891 620 961 ubera,
648 891 738 952 tuber
766 890 882 953 tubera.
927 899 956 952 et
983 892 1071 961 baec,
1094 898 1127 953 ut
1150 892 1226 962 dixi,
1250 910 1412 971 paucorum
1435 893 1608 952 110111111111115

301 985 380 1038 sunt.
419 976 475 1038 alia
498 979 614 1055 species
637 994 691 1056 per
713 997 760 1046 os,
785 984 817 1037 ut
838 979 936 1056 ipsum
958 995 991 1037 os
1013 995 1080 1037 ora:
1104 976 1173 1037 iude
1196 976 1338 1038 osculum.
1367 977 1420 1038 sed
1441 977 1500 1037 boc
1524 997 1589 1057 pro
1647 1002 1648 1015 ¹

301 1061 450 1130 ducimus,
474 1061 552 1122 aliud
576 1064 765 1142 corripimus,
790 1082 806 1124 a
828 1081 888 1142 quo
909 1070 980 1123 sunt
1001 1081 1083 1123 ossa:
1107 1062 1275 1124 declinatur
1296 1062 1353 1123 hoc
1373 1082 1409 1124 os
1429 1063 1524 1123 huius
1546 1081 1588 1122 os·

301 1150 342 1208 sis
365 1147 436 1208 huie
458 1149 517 1208 ossi
539 1147 595 1207 boc
618 1167 651 1208 os
673 1169 690 1208 o
713 1167 745 1208 os
768 1147 804 1210 ab
828 1148 884 1208 hoc
906 1166 971 1208 osse
993 1148 1066 1208 baec
1088 1165 1154 1208 ossa
1176 1148 1282 1208 borum
1303 1166 1422 1208 ossuum
1445 1148 1495 1208 bis
1518 1150 1588 1207 ossi·

301 1234 356 1294 bus
378 1233 452 1292 baec
474 1251 539 1293 ossa
562 1252 579 1292 o
602 1250 667 1294 ossa
690 1232 727 1294 ab
750 1234 796 1295 bis
819 1233 948 1294 ossibus.
992 1232 1049 1294 alia
1077 1233 1194 1312 species
1219 1236 1340 1311 generis
1367 1235 1486 1303 neutri,
1516 1252 1587 1312 quae

301 1320 434 1380 continet
456 1319 573 1380 nomina
596 1321 627 1379 in
650 1338 665 1378 c
689 1320 843 1388 exeuntia,
868 1325 901 1378 ut
922 1319 1048 1388 monile,
1072 1319 1150 1399 quod
1165 1325 1211 1379 est
1225 1325 1433 1381 ornamentum
1448 1337 1486 1379 ex
1508 1335 1611 1395 gem-1·
1648 1346 1649 1349 ¹

302 1405 373 1473 mis,
396 1403 453 1464 hoc
476 1402 584 1464 monile
607 1405 697 1466 buius
724 1404 843 1464 monilis
869 1404 938 1465 huic
966 1404 1069 1466 monili
1090 1403 1147 1464 boc
1168 1403 1278 1465 monile
1300 1423 1318 1464 o
1340 1404 1451 1464 monile
1475 1403 1513 1464 ab
1537 1403 1589 1462 boc

302 1488 402 1550 monili
429 1487 503 1550 haec
531 1490 656 1550 monilia
677 1490 785 1550 borum
812 1489 966 1550 monilium
988 1491 1035 1551 bis
1056 1489 1219 1551 monilibus
1245 1490 1319 1550 haec
1340 1489 1463 1550 monilia
1486 1509 1503 1550 o
1528 1507 1587 1548 mo

302 1574 371 1635 uilia
395 1574 432 1636 ab
450 1574 502 1634 ‘bis
523 1574 693 1636 monilibus.
728 1575 867 1636 similiter
889 1574 1053 1636 declinabis
1074 1575 1167 1654 sedile
1191 1574 1310 1646 sedilia,
1332 1592 1480 1654 praesepe
1503 1592 1587 1653 prae·

302 1660 397 1739 sepia,
420 1659 514 1720 mrale
530 1659 650 1729 toralia,
674 1660 778 1722 ducale
794 1659 923 1729 ducalia,
946 1660 1034 1720 molle
1049 1660 1163 1731 mollia,
1186 1678 1277 1738 grave
1291 1662 1407 1738 gravia,
1430 1659 1491 1720 vile
1513 1658 1587 1724 vilia,
1649 1668 1650 1689 ³

302 1747 373 1806 mite
396 1745 601 1814 mitia„suave
624 1747 738 1816 suavia,
768 1744 856 1808 vitale
878 1745 990 1816 vitalia,
1019 1745 1129 1807 morale
1157 1747 1294 1816 moralia,
1318 1745 1385 1807 lene
1409 1745 1504 1812 lenia,
1529 1744 1613 1804 lever

302 1831 390 1898 levia,
415 1829 512 1892 ancile
535 1831 656 1901 ancilia,
680 1831 758 1911 quod
781 1838 826 1891 cst
848 1849 942 1908 genus
964 1834 1057 1900 scuti,
1085 1831 1122 1891 de
1144 1851 1204 1912 quo
1226 1831 1364 1910 Virgilius
1394 1830 1588 1908 ‘laevaque

302 1913 429 1976 ancile
457 1915 640 1992 gerebat’,
669 1917 756 1977 lacile
787 1917 900 1986 lacilia,
933 1915 938 1996 l
966 1915 1067 1977 nobile
1099 1916 1227 1987 nobilia,
1262 1916 1337 1994 agile
1370 1915 1475 1994 agilia,
1509 1933 1589 1976 marc
1650 1938 1651 1949 ¹

303 2002 410 2062 maria:
434 2000 486 2061 sed
508 2001 664 2080 pluraliter
686 2008 748 2062 tres
770 2019 857 2062 casus
879 2001 970 2062 babet
992 2008 1125 2072 tautum,
1154 2003 1368 2064 nominativum
1390 2000 1588 2062 accusativum

302 2093 331 2145 et
353 2087 526 2156 vocativum,
548 2088 711 2163 genitivum
733 2087 863 2148 dativum
885 2093 916 2147 et
937 2086 1098 2148 ablativum
1120 2105 1179 2148 non
1202 2086 1308 2148 babet:
1331 2105 1391 2147 non
1413 2087 1495 2146 euim
1518 2086 1588 2145 dici-

302 2190 367 2234 mus
389 2173 420 2232 in
442 2172 572 2249 genitivo
593 2171 699 2234 horum
721 2173 848 2233 marium
871 2173 972 2234 autin
996 2173 1093 2233 dativo
1107 2173 1155 2234 his
1177 2171 1311 2234 maribus
1333 2178 1383 2233 aut
1405 2173 1438 2231 in
1461 2170 1617 2232 ablativos

302 2255 338 2318 ab
360 2257 407 2318 bis
429 2256 571 2317 maribus.
617 2259 659 2318 sic
682 2263 711 2318 et
734 2257 789 2318 alia
813 2256 976 2319 declinabis
997 2257 1066 2318 huic
1088 2259 1201 2318 formae
1222 2251 1344 2319 similia.
1388 2255 1481 2317 buius
1502 2274 1588 2334 regu·

301 2341 346 2403 lae
369 2341 513 2402 ablativus
534 2344 566 2404 in
588 2344 599 2402 1
622 2343 754 2404 litteram
777 2345 852 2414 exit,
875 2361 935 2404 uon
956 2344 987 2404 in
1010 2362 1043 2413 e,
1059 2345 1128 2423 quia
1150 2361 1244 2422 genus
1266 2348 1407 2404 neutrum
1428 2360 1589 2421 numquam

301 2425 391 2488 babet
417 2435 556 2507 quattuor
582 2446 669 2489 casus
696 2429 824 2498 similes,
853 2436 886 2489 ut
914 2429 1004 2490 iaciat
1032 2431 1064 2489 in
1091 2431 1274 2490 nominatIvo
1295 2429 1352 2488 boc
1373 2427 1488 2488 mouile
1510 2428 1588 2488 etin

302 2513 469 2574 accusativo
491 2513 548 2574 hoe
569 2513 679 2574 monile
703 2520 733 2573 et
754 2516 786 2573 in
808 2516 939 2574 vocativo
961 2533 978 2573 o
1000 2515 1110 2575 monile
1133 2522 1164 2575 et
1184 2516 1215 2575 in
1237 2512 1366 2575 ablativo
1387 2511 1426 2573 ab
1448 2512 1507 2573 hoc
1530 2531 1588 2572 mo

302 2598 376 2667 nile,
403 2597 456 2659 sed
483 2597 520 2660 ab
546 2597 602 2658 hoc
630 2599 741 2660 monili.
786 2599 856 2658 inde
879 2598 1020 2676 Virgilius
1049 2602 1231 2660 ‘instrato
1259 2617 1347 2660 saxa
1373 2597 1526 2666 cubili',
1554 2596 1618 2656 aba

301 2684 356 2743 boc
379 2682 485 2745 cubili:
509 2685 552 2744 sie
575 2690 605 2743 et
626 2682 750 2745 ‘sacra
775 2685 866 2745 mari
893 2684 1061 2754 colitur’,
1090 2687 1162 2745 item
1190 2684 1381 2745 ‘bortatur
1403 2692 1514 2762 pater
1536 2685 1588 2742 ire

302 2770 421 2839 marI',
456 2771 528 2830 item
560 2771 681 2830 ‘tenui
713 2769 755 2830 de
789 2770 954 2839 vimine’,
983 2771 1057 2830 item
1088 2769 1256 2829 ‘crudeli
1291 2769 1485 2837 vuluere',
1519 2770 1588 2828 item

302 2855 428 2915 ‘letali
460 2854 641 2924 vuluere’,
675 2857 747 2916 item
780 2853 900 2916 ‘dulci
931 2873 974 2915 ex
1005 2874 1067 2915 ore
1100 2856 1285 2926 recuset’;
1314 2861 1343 2914 et
1371 2872 1441 2914 cum
1463 2854 1588 2914 dicimus

302 2937 415 3000 ‘nobili
437 2956 547 3017 genere
570 2942 684 3010 natus',
706 2958 765 3000 non
788 2938 900 3000 nobile.
931 2943 974 3000 sic
997 2958 1067 3018 ergo
1090 2939 1264 3001 observabis
1285 2942 1316 3000 in
1338 2941 1461 3000 nomine
1483 2946 1588 2999 neutro

302 3023 379 3106 quod
403 3027 465 3085 exit
485 3026 666 3086 nominativo
688 3024 832 3103 singulari
855 3027 887 3085 in
910 3042 940 3095 e,
964 3032 997 3086 ut
1018 3025 1178 3088 ablativum
1202 3026 1233 3086 in
1256 3027 1267 3085 i
1288 3027 1387 3086 mittat
1401 3024 1507 3102 regula
1522 3042 1617 3103 per-³·

301 3116 400 3189 petua.
445 3110 502 3171 alia
526 3113 641 3189 species
662 3112 782 3188 generis
804 3113 921 3180 neutri,
944 3129 1020 3191 quae
1043 3114 1174 3172 continet
1195 3112 1313 3172 nomina
1334 3111 1366 3170 in
1388 3111 1417 3170 al
1439 3111 1586 3176 exeuntia,

303 3203 334 3256 ut
356 3194 480 3264 animal,
509 3195 565 3254 boc
593 3196 703 3257 animal
724 3194 813 3257 huius
836 3195 973 3258 animalis
1000 3196 1072 3257 buic
1093 3195 1212 3258 animali
1233 3195 1289 3256 boc
1310 3194 1418 3257 animal
1440 3213 1460 3254 o
1481 3193 1585 3254 animal

302 3279 338 3340 ab
361 3279 417 3340 hoc
437 3279 555 3340 animali
577 3280 651 3341 baec
674 3280 810 3343 animalia
832 3282 940 3342 borum
961 3277 1132 3343 animalium
1153 3281 1200 3342 bis
1228 3278 1409 3342 animalibus
1431 3279 1505 3340 haec
1527 3280 1585 3340 ani·

304 3365 390 3427 maiia
411 3384 429 3424 o
451 3365 588 3426 animalia
611 3366 648 3426 ab
669 3367 716 3427 bis
738 3366 925 3428 animalibus.
968 3367 1004 3426 ad
1027 3367 1103 3428 banc
1124 3368 1251 3428 formam
1272 3363 1437 3426 declinabis
1459 3363 1584 3424 tribunal

302 3448 479 3520 tribunalia,
508 3449 654 3531 Lupercal
682 3451 873 3530 Lupercalia,
908 3469 984 3532 quae
1011 3459 1082 3512 sunt
1108 3470 1193 3513 sacra
1220 3451 1301 3512 illius
1333 3451 1415 3527 genii
1448 3451 1501 3529 qui
1526 3448 1616 3510 Pane

302 3543 438 3606 vocatur;
471 3535 550 3596 unde
581 3542 611 3597 et
633 3537 777 3615 Virgilius
809 3536 846 3597 de
879 3539 944 3617 ipso
976 3536 1042 3597 loco
1068 3538 1122 3597 ‘et
1149 3537 1278 3615 gelida
1310 3542 1495 3596 monstrat
1520 3533 1583 3595 sub

302 3639 392 3701 rupe
415 3619 628 3701 Lupercal'.
659 3623 716 3684 alia
738 3623 855 3702 species
876 3623 995 3700 generis
1021 3623 1136 3693 neutri,
1165 3640 1241 3704 quae
1263 3622 1397 3682 eontinet
1417 3621 1534 3681 nomina
1555 3621 1584 3678 in

301 3706 329 3766 el
351 3708 503 3776 exeuntia,
527 3714 560 3768 ut
581 3707 657 3778 mel,
680 3707 737 3768 boc
758 3707 816 3768 mel
838 3706 929 3768 huius
950 3708 1049 3769 mellis
1070 3709 1141 3768 lmic
1164 3708 1247 3769 melli
1269 3707 1326 3767 boc
1348 3705 1408 3766 mel
1430 3724 1448 3766 o
1471 3704 1527 3765 mel
1547 3703 1583 3764 ab

301 3792 356 3851 boc
384 3791 483 3852 melle.
527 3793 570 3853 sic
598 3791 763 3854 declinabis
790 3793 845 3862 iel,
875 3793 930 3854 boc
958 3793 999 3854 lel
1026 3793 1115 3854 buius
1143 3793 1223 3854 lellis
1251 3792 1321 3852 huic
1343 3790 1407 3852 lelli
1429 3788 1582 3850 boeleio

371 4031 385 4081 1
402 4044 460 4094 geu.
478 4029 554 4080 huius
570 4030 652 4080 uerris
668 4030 711 4080 dat
729 4029 788 4079 huic
802 4030 871 4078 uerri
889 4030 972 4080 —ab
990 4030 1039 4080 boc
1053 4046 1127 4081 uerte
1140 4030 1167 4080 F
1217 4033 1234 4079 2
1251 4030 1289 4079 sic
1303 4027 1445 4079 declinabis
1462 4025 1511 4076 boc
1525 4025 1582 4074 siler

302 4109 328 4150 ut
350 4101 385 4150 ait
403 4099 518 4164 virgilius
538 4099 613 4148 molle
632 4114 665 4156 ς.·
688 4101 766 4166 Verg.
784 4115 873 4166 georg.
893 4100 915 4149 ll
937 4101 970 4151 12
1054 4102 1072 4151 4
1094 4102 1137 4165 qui
1161 4115 1211 4150 non
1231 4099 1350 4149 dixeram
1368 4099 1486 4164 iugerum
1503 4095 1528 4145 F
1540 4095 1580 4156 qui

301 4171 419 4220 ‹lixarunt
432 4171 549 4235 iugemm
567 4171 730 4234 5:0f.1)on.
745 4185 773 4236 p.
794 4169 855 4233 378,
874 4169 909 4220 34
930 4169 1004 4224 Sero.
1020 4188 1046 4235 p.
1064 4171 1125 4233 434,
1143 4171 1178 4220 22
1194 4169 1282 4234 Pomp.
1301 4184 1328 4231 p.
1344 4167 1403 4230 193,
1419 4169 1453 4218 22
1519 4163 1580 4212 lab

302 4257 331 4291 eo
349 4239 417 4305 quod
433 4247 492 4289 eunt
511 4253 569 4290 ossa
586 4239 611 4289 F
694 4239 852 4290 declinamur
871 4239 897 4288 F
982 4240 1229 4291 anomoeorum
1248 4255 1317 4291 corr.
1338 4238 1430 4288 borum
1451 4235 1543 4286 oesiam
1559 4233 1583 4281 F

301 4311 391 4362 horum
412 4310 542 4366 ossiums
603 4307 637 4360 10
653 4310 721 4372 quod
739 4337 773 4346 -
791 4311 900 4376 gemmis
918 4324 999 4367 om.;
1052 4310 1085 4362 13
1103 4307 1238 4377 praesepe]
1257 4323 1348 4375 praese
1365 4307 1391 4357 F
1458 4303 1578 4357 illocale

303 4378 402 4446 toralia]
420 4379 514 4432 collare
532 4377 637 4428 collaria
656 4395 672 4435 ς
735 4381 767 4432 16
785 4380 853 4443 quod
872 4389 911 4429 est
927 4395 1009 4446 genus
1028 4381 1093 4430 scuti
1110 4397 1157 4431 om.
1179 4393 1196 4435 ς
1264 4373 1399 4443 laevaque]
1421 4377 1499 4440 Vcrp.
1514 4371 1576 4422 Aea·

302 4448 418 4501 vulsa
489 4447 522 4501 19
542 4457 566 4498 et
584 4449 723 4498 abiaticum
739 4465 784 4500 uec
805 4451 871 4499 enim
892 4450 916 4498 111
932 4451 1045 4514 genitiuo
1063 4451 1090 4500 F
1158 4449 1191 4499 21
1210 4445 1297 4514 huius]
1314 4446 1375 4496 huic
1391 4447 1439 4502 re
1505 4443 1575 4494 2211

302 4523 309 4568 1
329 4519 413 4570 littera
429 4521 455 4569 F
469 4521 519 4570 ini
539 4533 556 4575 ς
626 4519 660 4568 25
678 4519 765 4569 monili
782 4534 841 4586 gen.
863 4527 980 4569 neutrum
995 4534 1045 4570 non
1063 4520 1139 4570 babet
1156 4528 1273 4582 quartuor
1285 4531 1360 4568 casm
1378 4515 1474 4566 similes
1492 4511 1581 4563 1111111Ὶ

370 4585 485 4656 1111111ο]
509 4589 587 4654 Verp.
603 4603 690 4654 georg.
710 4588 815 4641 111230
885 4588 1020 4657 2611111]
1044 4592 1122 4656 Vcrp.
1137 4590 1202 4640 Aen.
1220 4589 1253 4639 111
1272 4587 1305 4639 73
1358 4580 1481 4648 bortatur]
1503 4584 1576 4644 Veru-

303 4659 366 4709 Aca.
387 4660 490 4710 111144
559 4659 983 4725 ilitcmintenuiFstVerp.
1007 4657 1221 4726 pampuliae
1289 4652 1395 4722 crudeli]
1422 4655 1497 4717 Ver-p.
1515 4653 1575 4701 Aer·

303 4730 324 4778 ll
343 4729 391 4780 561
463 4725 940 4795 asterali]Verp.Aen.vl111580
1010 4729 1089 4796 dulci]
1112 4729 1270 4795 Verum.
1291 4723 1402 4779 xriste
1420 4723 1577 4775 dulcitristes

303 4815 335 4848 ex
354 4813 396 4848 ore
410 4806 538 4847 recursem
606 4798 647 4861 cx]
668 4807 723 4855 εις
792 4797 901 4865 recuset]
929 4812 1061 4851 coruscent
1081 4798 1213 4850 Putacltiuc
1281 4797 1316 4849 23
1334 4792 1516 4846 obseruarisF

303 4868 335 4918 :ll
353 4869 523 4916 continerem.
543 4866 567 4912 F
633 4868 667 4917 35
685 4865 764 4935 genii]
782 4883 865 4934 genus
883 4869 909 4919 F
978 4869 1012 4922 36
1032 4877 1056 4920 et
1074 4868 1202 4920 zelideF:
1228 4868 1308 4934 Vera.
1327 4867 1391 4917 Aen.
1408 4859 1524 4916 11111343
