3350 5442
329 322 389 386 122
892 324 1045 387 l'OlllPEll

351 448 373 489 p.
387 436 462 476 b'l—bd
476 434 497 473 l..

326 523 372 577 est
392 514 548 584 resolutio,
572 512 624 574 ubi
645 511 732 573 nobis
753 511 824 575 licet
851 532 906 594 pro
929 532 987 575 uua
1009 512 1096 591 longa
1118 513 1192 576 duas
1220 512 1324 575 breves
1352 532 1464 593 ponere
1484 522 1527 577 aut
1545 538 1587 599 pro

325 617 441 679 duabus
463 616 559 694 longis
581 622 720 695 quattuor
740 614 847 679 breves
869 634 991 696 ponere.
1036 618 1205 697 quaeritur,
1228 622 1327 677 utrum
1350 619 1521 679 econtrario
1534 639 1588 699 pos·

324 720 363 780 sit
383 720 448 780 heri
471 727 503 780 ut
524 736 583 779 una
603 715 691 797 longa
713 737 769 798 pro
792 718 904 781 duabus
920 717 1060 781 brevibus
1075 725 1213 799 ponatur.
1244 717 1327 779 verbi
1342 736 1430 781 causa
1445 718 1589 799 glyconium

325 806 453 883 metrum
475 839 536 883 ncn
559 827 673 882 constat
694 821 752 882 nisi
774 838 810 881 er
831 821 964 900 spondeo
990 828 1018 883 et
1040 821 1165 901 dactylo.
1188 822 1353 901 quaeritur,
1376 828 1476 883 utrum
1496 822 1529 883 de
1550 824 1590 885 illo

325 922 439 1005 dactylo
462 924 512 984 liat
534 923 697 1002 spondeus,
722 930 755 983 ut
775 921 844 984 illae
867 923 943 985 duae
965 923 1070 985 breves
1093 932 1236 1002 cogantur
1250 924 1282 985 in
1297 941 1385 985 unam
1400 922 1522 1003 longam.
1543 943 1610 987 noos

323 1033 432 1105 potest.
476 1024 546 1085 licet
568 1025 655 1086 nobis
677 1025 713 1085 de
735 1024 831 1103 longis
853 1026 957 1087 breves
979 1026 1092 1095 lacere,
1116 1025 1153 1086 de
1169 1023 1307 1086 brevibus
1319 1024 1439 1103 longam
1455 1044 1592 1107 numquam

324 1128 458 1189 lecimus.
505 1145 577 1206 ergo
598 1126 650 1187 ille
672 1145 790 1197 versus,
813 1129 873 1215 qui¹
886 1127 976 1189 babet
997 1127 1178 1207 spondeum,
1207 1136 1305 1207 potest
1325 1125 1437 1189 habere
1458 1128 1593 1208 proceleu-

324 1232 479 1298 maticum;
503 1229 553 1290 ille
575 1235 676 1290 autem
697 1247 813 1301 versus,
843 1230 894 1310 qui
916 1229 1006 1291 habet
1028 1228 1325 1311 proceleumaticum,
1354 1248 1414 1291 non
1441 1238 1534 1309 potest
1552 1230 1594 1291 ba·

323 1330 396 1393 bere
418 1320 592 1411 spondeum.
637 1350 697 1394 non
720 1333 799 1393 enim
822 1331 890 1394 licet
918 1330 955 1392 dc
977 1322 1117 1394 brevibus
1144 1330 1262 1410 longam
1290 1333 1398 1393 lacere.
1443 1330 1517 1393 bene
1537 1332 1597 1393 dirit

323 1433 396 1495 illud
417 1434 627 1505 Terentianus,
1605 1452 1622 1487 o

476 1555 558 1597 narn
581 1534 702 1597 solida
724 1534 817 1597 lindi
840 1534 1053 1613 magnitudo
1076 1553 1148 1598 non
1171 1543 1284 1606 vetat,

475 1638 595 1699 divisa
618 1636 734 1699 hodie
756 1656 880 1699 verum
903 1639 939 1699 iu
962 1656 1073 1699 unum
1097 1656 1166 1698 non
1189 1646 1349 1719 possunt
1370 1640 1490 1708 coire,

323 1741 353 1802 id
377 1748 436 1811 est,
459 1759 536 1821 quae
558 1740 652 1802 solida
674 1741 799 1810 luerint,
823 1747 950 1819 possunt
972 1738 1056 1809 nnuc
1080 1758 1155 1820 quae
1171 1738 1261 1801 divisa
1280 1736 1285 1823 Ι
1305 1740 1428 1810 luerint,
1453 1742 1483 1801 in
1498 1758 1529 1801 sc
1542 1741 1598 1817 cogi

324 1862 384 1904 non
405 1850 539 1923 possunt.
582 1844 639 1903 ista
663 1850 708 1903 est
730 1859 802 1920 ergo
824 1840 978 1902 resolutio.

407 1945 528 2007 Accedit
549 1945 651 2023 figura.
694 1945 801 2005 Graeci
822 1944 886 2017 lere
908 1942 1034 2024 syllabas
1056 1962 1116 2005 ncn
1140 1952 1320 2023 agnoscunt,
1343 1944 1395 2005 sed
1417 1945 1525 2022 figuras
1538 1944 1627 2004 laci-u

323 2054 386 2107 unt.
432 2065 503 2125 crgo
529 2046 582 2107 uhi
608 2047 758 2107 inveneris
786 2046 869 2126 quasi
898 2064 917 2107 ιι
944 2045 991 2107 bis
1017 2048 1153 2127 positam,
1182 2047 1229 2108 dic
1258 2046 1446 2128 ‘pyrrichius
1469 2048 1537 2113 est'3
1558 2043 1600 2105 ubi

323 2150 473 2211 inveneris
494 2150 505 2209 i
525 2149 625 2209 iacens
648 2155 677 2208 et
698 2166 717 2207 u
739 2166 838 2219 unam,
863 2148 912 2209 dic
933 2147 1108 2209 ‘trochaeus
1131 2150 1199 2209 est’
1243 2150 1299 2210 ista
1322 2156 1366 2209 est
1386 2150 1492 2227 figura.

407 2252 535 2313 lletrum
554 2252 607 2311 uni
628 2250 733 2329 cuique
754 2250 824 2329 pedi
847 2249 966 2319 accidit,
997 2259 1030 2309 ut
1058 2258 1127 2330 puta
1157 2249 1194 2311 de
1216 2250 1331 2331 dactylo
1353 2247 1527 2330 dactylicum
1548 2266 1601 2308 me·

324 2363 413 2426 trum,
429 2352 615 2432 despondeo
631 2351 832 2431 spondiacum,
857 2352 894 2413 de
916 2350 1057 2413 trochaeo
1074 2351 1266 2413 trochaicum.
1284 2370 1355 2431 ergo
1371 2350 1509 2413 accidunt
1524 2351 1601 2411 etiam

323 2465 427 2519 metra.
462 2456 534 2536 quin
557 2455 645 2515 etiam
666 2452 759 2533 pedes
780 2472 841 2514 non
864 2452 938 2515 nulli
960 2452 1072 2515 habent
1093 2455 1240 2516 rationem
1262 2456 1430 2529 nominum,
1456 2454 1631 2533 quarellam

325 2559 470 2620 dicantur.
515 2555 658 2617 velociter
686 2557 780 2617 currit
801 2554 920 2636 quidam
943 2574 1010 2636 pes,
1041 2566 1069 2617 et
1091 2555 1257 2637 appellatur
1277 2556 1447 2619 trochaeus.
1492 2554 1603 2617 trochos

323 2678 429 2739 graece
452 2658 562 2720 dicitur
583 2665 663 2726 rota;
686 2655 765 2727 inde,
790 2658 868 2738 quod
883 2657 1024 2720 velociter
1040 2661 1143 2729 currit,
1160 2658 1319 2720 trochaeus
1334 2656 1429 2719 dictus
1445 2664 1501 2719 est.
1524 2674 1604 2736 spon·

324 2763 397 2823 deus
417 2762 536 2823 tractim
557 2768 651 2821 sonat.
696 2778 764 2822 nam
786 2760 936 2840 spondeus
963 2760 1073 2822 dicitur
1096 2768 1207 2823 tractus
1234 2761 1367 2841 quidam,
1397 2758 1427 2820 id
1458 2769 1505 2821 est
1525 2777 1605 2821 sonus

324 2862 458 2945 quidam,
483 2864 533 2941 qui
554 2862 688 2924 iunditur
716 2865 796 2924 circa
822 2882 910 2925 aures
937 2864 1175 2925 sacrificantium.
1208 2862 1282 2943 [non
1309 2871 1379 2924 sunt
1400 2880 1485 2925 sacre
1508 2861 1604 2940 aliqua,

323 2965 376 3027 scd
397 2983 489 3025 sonus
510 2966 563 3042 qui
583 2964 662 3026 cadit
683 2965 762 3024 eirca
785 2982 871 3027 aures
893 2960 1147 3049 sacrificantium].
1192 2974 1221 3027 et
1241 2967 1306 3045 ipse
1334 2980 1405 3041 ergo
1427 2964 1498 3025 ideo
1520 2964 1635 3025 diocese

324 3073 369 3127 est
396 3065 560 3146 spondeus,
589 3066 659 3144 quia
686 3068 803 3127 tractim
830 3075 924 3128 sonat.
976 3068 1196 3146 amphimacrus
1228 3086 1264 3129 er
1291 3086 1324 3129 re
1352 3084 1463 3127 nomen
1492 3066 1606 3145 accepit,

324 3168 403 3248 quod
425 3174 552 3247 utraque
573 3174 660 3247 parte
682 3166 799 3245 longam
820 3167 928 3230 habeat
950 3167 1107 3249 syllabam;
1131 3167 1370 3249 amphibrachus,
1393 3168 1476 3248 quod
1491 3177 1606 3246 utraque

325 3279 408 3350 parte
431 3268 552 3330 brevem
575 3266 685 3330 habeat
704 3268 855 3349 syllabam.
886 3288 957 3349 ergo
981 3278 1010 3331 et
1031 3272 1088 3351 ipsi
1109 3271 1201 3351 pedes
1223 3270 1334 3333 habent
1354 3272 1504 3333 rationem
1519 3270 1607 3332 nomi·

324 3390 395 3433 num
416 3388 548 3432 suorum.

205 3486 265 3548 480,
279 3488 311 3535 ιι
407 3473 502 3535 Pedes
524 3481 623 3534 autem
645 3492 748 3537 omnes
770 3485 838 3537 sunt
857 3478 861 3554 Ι
881 3474 979 3538 CCXX
1002 3484 1031 3537 et
1052 3476 1115 3537 llll.
1141 3494 1175 3536 ex
1196 3474 1242 3537 his
1257 3476 1377 3537 nominc
1391 3474 1505 3537 habent
1519 3472 1570 3535 xx
1584 3482 1639 3533 cto

324 3574 386 3637 Vlll
407 3574 512 3655 pedes,
536 3592 611 3653 quos
632 3579 817 3654 grammatici
840 3585 976 3639 tractant.
1022 3584 1154 3639 ceterum
1181 3580 1212 3639 in
1242 3579 1361 3638 musicis
1384 3584 1413 3639 et
1434 3579 1466 3638 in
1489 3576 1608 3638 oratori·

325 3676 379 3738 bus
400 3678 566 3738 invenimus
588 3685 618 3738 ct
639 3678 858 3759 pentasyllabos
886 3688 915 3740 et
942 3678 1159 3759 hexasyllabos,
1189 3682 1240 3759 qui
1268 3678 1305 3739 de
1333 3680 1392 3740 usd
1416 3684 1608 3740 recesserunt.

322 3781 443 3841 interim
464 3779 564 3849 nobis,
588 3782 640 3859 qui
662 3781 699 3843 ad
721 3790 816 3842 metra
837 3781 1002 3852 tendimus,
1026 3784 1186 3843 necessarii
1206 3788 1275 3842 sunt
1294 3782 1344 3841 isti
1364 3779 1417 3841 llll
1439 3788 1470 3841 ct
1486 3780 1551 3840 Vlll
1564 3798 1609 3859 pc·

323 3882 385 3945 des.
430 3882 468 3944 de
490 3882 606 3945 duabus
627 3883 747 3964 syllabis
769 3890 908 3961 quattuor
928 3883 1058 3953 bisunt,
1082 3883 1256 3964 pyrrichius,
1279 3882 1439 3964 spondeus,
1458 3882 1612 3944 trochaeus

324 3994 353 4046 et
374 3982 505 4054 iambum
529 3984 565 4045 de
588 3984 683 4046 tribus
705 3992 771 4047 octo
794 3987 843 4047 isti
865 3994 948 4057 sunt,
973 3986 1155 4061 tribrachus,
1184 3984 1342 4055 molossus,
1372 3984 1522 4064 dactylus,
1545 4000 1644 4043 ana-se

323 4095 456 4167 paestus,
480 4086 712 4166 amphimacrus,
736 4086 983 4167 amphibrachus
1006 4086 1147 4150 bacchius
1170 4095 1200 4149 et
1220 4084 1441 4156 antibacchius;
1473 4086 1513 4147 de
1534 4094 1611 4164 quat·

393 4342 410 4394 3
433 4352 462 4392 ut
483 4359 535 4395 une
557 4342 635 4409 longe
652 4358 698 4409 pro
718 4342 816 4394 duabus
838 4344 958 4395 breuibus
977 4353 1086 4411 ponetur
1104 4344 1129 4393 B
1153 4352 1180 4393 ut
1198 4345 1264 4395 duce
1282 4346 1373 4395 breues
1395 4358 1442 4410 pro
1468 4358 1522 4393 una
1541 4342 1614 4409 longa

323 4422 451 4479 ponantur
467 4414 539 4466 Ado
610 4413 644 4464 10
657 4412 834 4479 Terentianus]
854 4431 878 4464 υ.
898 4416 967 4467 2226
1020 4416 1049 4466 ll
1071 4430 1129 4465 nam
1148 4414 1230 4465 solida
1248 4414 1311 4465 flndi
1325 4414 1351 4464 B
1370 4428 1427 4463 nana
1445 4413 1533 4465 solido
1549 4413 1615 4463 liudo

324 4484 349 4531 A
364 4497 423 4532 nam
442 4484 525 4535 solido
542 4482 605 4533 lind.
623 4484 698 4548 (lindi
716 4483 740 4548 c)
761 4484 782 4535 0
852 4485 885 4536 12
902 4486 988 4537 diuisa
1007 4485 1085 4536 hodie
1102 4486 1144 4536 Oa
1163 4484 1246 4536 diuisa
1261 4527 1267 4538 .
1281 4526 1288 4539 .
1304 4484 1362 4535 odie
1383 4484 1408 4533 Α
1426 4484 1514 4534 diuisa
1534 4493 1615 4533 autem

324 4552 400 4602 bodie
418 4554 443 4603 B
460 4554 600 4605 diuisiones
618 4554 725 4604 bodiee
778 4554 859 4604 cobiri
876 4555 900 4603 Α
916 4555 1037 4606 colreriG
1050 4554 1169 4607 coherere
1189 4556 1214 4606 B
1285 4554 1317 4605 lo
1334 4553 1376 4603 dic
1392 4568 1439 4606 om.
1453 4554 1490 4616 A,
1508 4549 1615 4603 addc*

397 4624 426 4672 li
446 4623 553 4674 iiocene
567 4634 591 4673 ct
609 4639 626 4672 u
644 4634 701 4673 ante
719 4640 747 4675 se
764 4623 899 4675 trochaeus
917 4635 956 4676 est
972 4626 1057 4677 ABG
1105 4627 1154 4676 ista
1171 4636 1209 4676 est
1226 4640 1272 4680 cm.
1291 4624 1325 4681 Α,
1344 4624 1406 4676 add.
1425 4638 1443 4673 a
1508 4625 1543 4675 23
1560 4638 1617 4674 nam

324 4693 453 4757 spondeus
474 4694 567 4745 dicitur
584 4701 679 4742 tractus
697 4700 827 4754 {tractatus
845 4694 883 4759 B)
901 4696 1002 4759 quidam
1020 4696 1047 4745 id
1066 4704 1106 4746 eet
1124 4710 1202 4747 sonus
1221 4695 1324 4758 quidem
1343 4694 1387 4757 qni
1408 4692 1528 4744 funditur
1545 4696 1618 4745 Bua

324 4777 381 4811 nam
400 4764 528 4827 spondeus
546 4764 590 4827 qui
607 4764 721 4823 lpuditur
739 4764 780 4815 A:
803 4780 862 4813 narn
886 4761 998 4831 σπονδή
1022 4766 1209 4815 Lindemcnmu
1278 4766 1311 4815 25
1330 4764 1389 4827 quic
1403 4762 1471 4813 cedit
1486 4764 1513 4813 A
1585 4762 1619 4815 30

326 4831 395 4881 CXX
413 4842 438 4881 et
456 4834 501 4884 llll
519 4834 542 4882 L
560 4841 659 4883 centum
678 4836 769 4900 uiginti
789 4842 814 4883 et
831 4844 949 4898 quattuor
962 4836 989 4885 B
1006 4834 1075 4885 Lxx
1094 4844 1118 4885 et
1137 4836 1183 4883 llll
1201 4834 1253 4885 Ac
