<?xml version="1.0" encoding="UTF-8"?>
<!DOCTYPE html PUBLIC "-//W3C//DTD XHTML 1.0 Transitional//EN"
    "http://www.w3.org/TR/xhtml1/DTD/xhtml1-transitional.dtd">
<html xmlns="http://www.w3.org/1999/xhtml" xml:lang="en" lang="en">
 <head>
  <title>
</title>
<meta http-equiv="Content-Type" content="text/html;charset=utf-8" />
  <meta name='ocr-system' content='tesseract 3.04.00' />
  <meta name='ocr-capabilities' content='ocr_page ocr_carea ocr_par ocr_line ocrx_word'/>
</head>
<body>
  <div class='ocr_page' id='page_1' title='image "./grammaticilatin02hagagoog_0461.png"; bbox 0 0 3350 5442; ppageno 0'>
   <div class='ocr_carea' id='block_1_1' title="bbox 310 372 1053 438">
    <p class='ocr_par' dir='ltr' id='par_1_1' title="bbox 310 372 1053 438">
     <span class='ocr_line' id='line_1_1' title="bbox 310 372 1053 438; baseline -0.001 0"><span class='ocrx_word' id='word_1_1' title='bbox 310 372 373 438; x_wconf 81' lang='lat'>452</span> <span class='ocrx_word' id='word_1_2' title='bbox 870 375 1053 437; x_wconf 84' lang='lat' dir='ltr'>EVTYClllS</span> 
     </span>
    </p>
   </div>
   <div class='ocr_carea' id='block_1_2' title="bbox 222 483 1662 3703">
    <p class='ocr_par' dir='ltr' id='par_1_2' title="bbox 222 483 1662 3703">
     <span class='ocr_line' id='line_1_2' title="bbox 336 483 1570 538; baseline -0.001 -15"><span class='ocrx_word' id='word_1_3' title='bbox 336 498 357 538; x_wconf 73' lang='lat' dir='ltr'>p.</span> <span class='ocrx_word' id='word_1_4' title='bbox 373 486 416 524; x_wconf 79' lang='lat' dir='ltr'>ur.</span> <span class='ocrx_word' id='word_1_5' title='bbox 431 486 456 524; x_wconf 77' lang='lat' dir='ltr'>ss</span> <span class='ocrx_word' id='word_1_6' title='bbox 471 483 492 525; x_wconf 87' lang='lat' dir='ltr'>t.</span> <span class='ocrx_word' id='word_1_7' title='bbox 1403 497 1425 536; x_wconf 73' lang='grc' dir='ltr'>ρ.</span> <span class='ocrx_word' id='word_1_8' title='bbox 1437 487 1499 525; x_wconf 80' lang='lat' dir='ltr'>ana</span> <span class='ocrx_word' id='word_1_9' title='bbox 1513 487 1539 526; x_wconf 79' lang='lat' dir='ltr'>n</span> <span class='ocrx_word' id='word_1_10' title='bbox 1550 485 1570 524; x_wconf 87' lang='lat' dir='ltr'>r.</span> 
     </span>
     <span class='ocr_line' id='line_1_3' title="bbox 310 563 1597 645; baseline 0.002 -21"><span class='ocrx_word' id='word_1_11' title='bbox 310 563 391 625; x_wconf 83' lang='lat' dir='ltr'>dedit</span> <span class='ocrx_word' id='word_1_12' title='bbox 414 564 586 633; x_wconf 90' lang='lat' dir='ltr'>verborum,</span> <span class='ocrx_word' id='word_1_13' title='bbox 610 565 646 625; x_wconf 92' lang='lat' dir='ltr'>de</span> <span class='ocrx_word' id='word_1_14' title='bbox 668 565 778 644; x_wconf 89' lang='lat' dir='ltr'>quibus</span> <span class='ocrx_word' id='word_1_15' title='bbox 800 572 902 644; x_wconf 88' lang='lat' dir='ltr'>postea</span> <span class='ocrx_word' id='word_1_16' title='bbox 924 565 1049 625; x_wconf 87' lang='lat' dir='ltr'>dicetur.</span> <span class='ocrx_word' id='word_1_17' title='bbox 1087 568 1244 645; x_wconf 77' lang='lat' dir='ltr'><strong>pauciores</strong></span> <span class='ocrx_word' id='word_1_18' title='bbox 1267 586 1336 626; x_wconf 90' lang='lat' dir='ltr'>vero</span> <span class='ocrx_word' id='word_1_19' title='bbox 1360 568 1517 626; x_wconf 84' lang='lat' dir='ltr'><strong>nominum</strong></span> <span class='ocrx_word' id='word_1_20' title='bbox 1539 573 1597 625; x_wconf 83' lang='lat' dir='ltr'>ter·</span> 
     </span>
     <span class='ocr_line' id='line_1_4' title="bbox 310 666 1598 749; baseline 0 -23"><span class='ocrx_word' id='word_1_21' title='bbox 310 668 501 735; x_wconf 63' lang='lat' dir='ltr'>minationem</span> <span class='ocrx_word' id='word_1_22' title='bbox 527 685 580 726; x_wconf 90' lang='lat' dir='ltr'>nec</span> <span class='ocrx_word' id='word_1_23' title='bbox 603 666 640 728; x_wconf 90' lang='lat' dir='ltr'>ab</span> <span class='ocrx_word' id='word_1_24' title='bbox 656 669 736 728; x_wconf 93' lang='lat' dir='ltr'>omni</span> <span class='ocrx_word' id='word_1_25' title='bbox 752 677 832 728; x_wconf 92' lang='lat' dir='ltr'>motu</span> <span class='ocrx_word' id='word_1_26' title='bbox 850 666 1022 738; x_wconf 90' lang='lat' dir='ltr'>verborum,</span> <span class='ocrx_word' id='word_1_27' title='bbox 1046 686 1101 729; x_wconf 85' lang='lat' dir='ltr'>nec</span> <span class='ocrx_word' id='word_1_28' title='bbox 1124 687 1175 729; x_wconf 89' lang='lat' dir='ltr'>eas</span> <span class='ocrx_word' id='word_1_29' title='bbox 1198 671 1278 748; x_wconf 89' lang='lat' dir='ltr'>ipsas</span> <span class='ocrx_word' id='word_1_30' title='bbox 1299 688 1420 749; x_wconf 81' lang='lat' dir='ltr'>semper</span> <span class='ocrx_word' id='word_1_31' title='bbox 1441 671 1476 728; x_wconf 92' lang='lat' dir='ltr'>in</span> <span class='ocrx_word' id='word_1_32' title='bbox 1499 668 1598 728; x_wconf 74' lang='lat' dir='ltr'>mults</span> 
     </span>
     <span class='ocr_line' id='line_1_5' title="bbox 310 768 1598 851; baseline 0 -22"><span class='ocrx_word' id='word_1_33' title='bbox 310 769 480 830; x_wconf 90' lang='lat' dir='ltr'>nominibus</span> <span class='ocrx_word' id='word_1_34' title='bbox 502 789 518 830; x_wconf 88' lang='lat' dir='ltr'>a</span> <span class='ocrx_word' id='word_1_35' title='bbox 541 768 700 830; x_wconf 92' lang='lat' dir='ltr'>verborum</span> <span class='ocrx_word' id='word_1_36' title='bbox 724 771 907 831; x_wconf 77' lang='lat' dir='ltr'>derivatione</span> <span class='ocrx_word' id='word_1_37' title='bbox 929 771 1075 841; x_wconf 82' lang='lat' dir='ltr'>traduxit;</span> <span class='ocrx_word' id='word_1_38' title='bbox 1104 790 1178 850; x_wconf 89' lang='lat' dir='ltr'>quas</span> <span class='ocrx_word' id='word_1_39' title='bbox 1199 773 1249 850; x_wconf 85' lang='lat' dir='ltr'>qui</span> <span class='ocrx_word' id='word_1_40' title='bbox 1273 772 1457 851; x_wconf 75' lang='lat' dir='ltr'>praeceperit,</span> <span class='ocrx_word' id='word_1_41' title='bbox 1482 771 1598 832; x_wconf 84' lang='lat' dir='ltr'>intelle·</span> 
     </span>
     <span class='ocr_line' id='line_1_6' title="bbox 309 871 1598 952; baseline 0.001 -22"><span class='ocrx_word' id='word_1_42' title='bbox 309 889 380 948; x_wconf 86' lang='lat' dir='ltr'>gere</span> <span class='ocrx_word' id='word_1_43' title='bbox 402 871 518 932; x_wconf 92' lang='lat' dir='ltr'>lacilius</span> <span class='ocrx_word' id='word_1_44' title='bbox 540 877 638 950; x_wconf 88' lang='lat' dir='ltr'>potest</span> <span class='ocrx_word' id='word_1_45' title='bbox 659 871 849 933; x_wconf 78' lang='lat' dir='ltr'>adhaerentia</span> <span class='ocrx_word' id='word_1_46' title='bbox 866 872 966 932; x_wconf 81' lang='lat' dir='ltr'>verbis</span> <span class='ocrx_word' id='word_1_47' title='bbox 988 874 1122 943; x_wconf 87' lang='lat' dir='ltr'>nomina,</span> <span class='ocrx_word' id='word_1_48' title='bbox 1146 878 1245 934; x_wconf 91' lang='lat' dir='ltr'>utrum</span> <span class='ocrx_word' id='word_1_49' title='bbox 1268 875 1333 952; x_wconf 91' lang='lat' dir='ltr'>ipsa</span> <span class='ocrx_word' id='word_1_50' title='bbox 1356 872 1518 933; x_wconf 87' lang='lat' dir='ltr'>verborum</span> <span class='ocrx_word' id='word_1_51' title='bbox 1540 874 1598 933; x_wconf 88' lang='lat' dir='ltr'>siut</span> 
     </span>
     <span class='ocr_line' id='line_1_7' title="bbox 309 973 1623 1055; baseline 0.003 -23"><span class='ocrx_word' id='word_1_52' title='bbox 309 976 456 1052; x_wconf 70' lang='lat' dir='ltr'>origines</span> <span class='ocrx_word' id='word_1_53' title='bbox 479 992 516 1036; x_wconf 91' lang='lat' dir='ltr'>an</span> <span class='ocrx_word' id='word_1_54' title='bbox 540 973 723 1036; x_wconf 90' lang='lat' dir='ltr'>deducantur</span> <span class='ocrx_word' id='word_1_55' title='bbox 745 993 761 1034; x_wconf 95' lang='lat' dir='ltr'>a</span> <span class='ocrx_word' id='word_1_56' title='bbox 783 974 894 1035; x_wconf 89' lang='lat' dir='ltr'>verbis.</span> <span class='ocrx_word' id='word_1_57' title='bbox 938 994 954 1035; x_wconf 93' lang='lat' dir='ltr'>a</span> <span class='ocrx_word' id='word_1_58' title='bbox 977 974 1074 1036; x_wconf 90' lang='lat' dir='ltr'>tribus</span> <span class='ocrx_word' id='word_1_59' title='bbox 1102 977 1181 1036; x_wconf 92' lang='lat' dir='ltr'>enim</span> <span class='ocrx_word' id='word_1_60' title='bbox 1203 977 1287 1055; x_wconf 89' lang='lat' dir='ltr'>quasi</span> <span class='ocrx_word' id='word_1_61' title='bbox 1310 974 1444 1036; x_wconf 75' lang='lat' dir='ltr'>lontibus</span> <span class='ocrx_word' id='word_1_62' title='bbox 1468 975 1623 1036; x_wconf 75' lang='lat' dir='ltr'>verbalias</span> 
     </span>
     <span class='ocr_line' id='line_1_8' title="bbox 308 1074 1602 1158; baseline -0.004 -21"><span class='ocrx_word' id='word_1_63' title='bbox 308 1078 428 1137; x_wconf 91' lang='lat' dir='ltr'>uomina</span> <span class='ocrx_word' id='word_1_64' title='bbox 457 1075 658 1144; x_wconf 88' lang='lat' dir='ltr'>deducuntur,</span> <span class='ocrx_word' id='word_1_65' title='bbox 687 1074 716 1135; x_wconf 94' lang='lat' dir='ltr'>id</span> <span class='ocrx_word' id='word_1_66' title='bbox 745 1084 792 1138; x_wconf 88' lang='lat' dir='ltr'>cst</span> <span class='ocrx_word' id='word_1_67' title='bbox 818 1085 868 1137; x_wconf 90' lang='lat' dir='ltr'>aut</span> <span class='ocrx_word' id='word_1_68' title='bbox 895 1075 931 1136; x_wconf 88' lang='lat' dir='ltr'>ab</span> <span class='ocrx_word' id='word_1_69' title='bbox 959 1077 1117 1138; x_wconf 91' lang='lat' dir='ltr'>indicativo</span> <span class='ocrx_word' id='word_1_70' title='bbox 1144 1081 1296 1158; x_wconf 81' lang='lat' dir='ltr'>praesenti</span> <span class='ocrx_word' id='word_1_71' title='bbox 1324 1085 1375 1138; x_wconf 86' lang='lat' dir='ltr'>out</span> <span class='ocrx_word' id='word_1_72' title='bbox 1396 1096 1414 1136; x_wconf 89' lang='lat' dir='ltr'>a</span> <span class='ocrx_word' id='word_1_73' title='bbox 1435 1078 1602 1156; x_wconf 84' lang='lat' dir='ltr'>praeterito</span> 
     </span>
     <span class='ocr_line' id='line_1_9' title="bbox 309 1177 1602 1260; baseline 0 -24"><span class='ocrx_word' id='word_1_74' title='bbox 309 1178 442 1257; x_wconf 91' lang='lat' dir='ltr'>perlecto</span> <span class='ocrx_word' id='word_1_75' title='bbox 465 1186 515 1237; x_wconf 89' lang='lat' dir='ltr'>aut</span> <span class='ocrx_word' id='word_1_76' title='bbox 537 1177 574 1238; x_wconf 92' lang='lat' dir='ltr'>ab</span> <span class='ocrx_word' id='word_1_77' title='bbox 598 1179 742 1238; x_wconf 79' lang='lat' dir='ltr'>infinitivo</span> <span class='ocrx_word' id='word_1_78' title='bbox 765 1179 866 1239; x_wconf 81' lang='lat' dir='ltr'>lutino</span> <span class='ocrx_word' id='word_1_79' title='bbox 887 1179 947 1239; x_wconf 89' lang='lat' dir='ltr'>sive</span> <span class='ocrx_word' id='word_1_80' title='bbox 970 1182 1151 1260; x_wconf 88' lang='lat' dir='ltr'>participiis;</span> <span class='ocrx_word' id='word_1_81' title='bbox 1174 1187 1204 1241; x_wconf 90' lang='lat' dir='ltr'>et</span> <span class='ocrx_word' id='word_1_82' title='bbox 1226 1179 1350 1257; x_wconf 84' lang='lat' dir='ltr'>singulis</span> <span class='ocrx_word' id='word_1_83' title='bbox 1372 1197 1478 1238; x_wconf 91' lang='lat' dir='ltr'>eorum</span> <span class='ocrx_word' id='word_1_84' title='bbox 1501 1187 1602 1238; x_wconf 76' lang='lat' dir='ltr'>certae</span> 
     </span>
     <span class='ocr_line' id='line_1_10' title="bbox 309 1279 1603 1362; baseline 0.001 -24"><span class='ocrx_word' id='word_1_85' title='bbox 309 1287 378 1340; x_wconf 87' lang='lat' dir='ltr'>srvut</span> <span class='ocrx_word' id='word_1_86' title='bbox 410 1279 628 1340; x_wconf 87' lang='lat' dir='ltr'>derivationum</span> <span class='ocrx_word' id='word_1_87' title='bbox 659 1279 807 1340; x_wconf 84' lang='lat' dir='ltr'>clausulae</span> <span class='ocrx_word' id='word_1_88' title='bbox 842 1288 902 1341; x_wconf 89' lang='lat' dir='ltr'>tam</span> <span class='ocrx_word' id='word_1_89' title='bbox 934 1282 1091 1358; x_wconf 80' lang='lat' dir='ltr'>generales</span> <span class='ocrx_word' id='word_1_90' title='bbox 1123 1301 1210 1362; x_wconf 70' lang='lat' dir='ltr'>apuam</span> <span class='ocrx_word' id='word_1_91' title='bbox 1243 1280 1389 1361; x_wconf 83' lang='lat' dir='ltr'>speciales</span> <span class='ocrx_word' id='word_1_92' title='bbox 1421 1281 1603 1340; x_wconf 83' lang='lat' dir='ltr'>destinatae.</span> 
     </span>
     <span class='ocr_line' id='line_1_11' title="bbox 308 1381 1603 1466; baseline 0 -25"><span class='ocrx_word' id='word_1_93' title='bbox 308 1389 378 1442; x_wconf 92' lang='lat' dir='ltr'>sunt</span> <span class='ocrx_word' id='word_1_94' title='bbox 400 1384 480 1442; x_wconf 91' lang='lat' dir='ltr'>enim</span> <span class='ocrx_word' id='word_1_95' title='bbox 503 1381 659 1459; x_wconf 79' lang='lat' dir='ltr'>generales</span> <span class='ocrx_word' id='word_1_96' title='bbox 686 1381 806 1462; x_wconf 87' lang='lat' dir='ltr'>quidem</span> <span class='ocrx_word' id='word_1_97' title='bbox 836 1385 990 1444; x_wconf 93' lang='lat' dir='ltr'>nominum</span> <span class='ocrx_word' id='word_1_98' title='bbox 1018 1383 1217 1445; x_wconf 86' lang='lat' dir='ltr'>derivationes</span> <span class='ocrx_word' id='word_1_99' title='bbox 1248 1383 1262 1466; x_wconf 76' lang='lat' dir='ltr'>ll</span> <span class='ocrx_word' id='word_1_100' title='bbox 1292 1386 1447 1444; x_wconf 90' lang='lat' dir='ltr'>venientes</span> <span class='ocrx_word' id='word_1_101' title='bbox 1476 1401 1603 1462; x_wconf 86' lang='lat' dir='ltr'>aprae-</span> 
     </span>
     <span class='ocr_line' id='line_1_12' title="bbox 308 1482 1633 1562; baseline -0.004 -18"><span class='ocrx_word' id='word_1_102' title='bbox 308 1486 386 1544; x_wconf 90' lang='lat' dir='ltr'>senti</span> <span class='ocrx_word' id='word_1_103' title='bbox 410 1491 542 1562; x_wconf 90' lang='lat' dir='ltr'>tempore</span> <span class='ocrx_word' id='word_1_104' title='bbox 565 1483 723 1545; x_wconf 92' lang='lat' dir='ltr'>verborum</span> <span class='ocrx_word' id='word_1_105' title='bbox 745 1482 818 1552; x_wconf 89' lang='lat' dir='ltr'>bae,</span> <span class='ocrx_word' id='word_1_106' title='bbox 842 1485 871 1544; x_wconf 91' lang='lat' dir='ltr'>in</span> <span class='ocrx_word' id='word_1_107' title='bbox 893 1486 970 1554; x_wconf 89' lang='lat' dir='ltr'>ium,</span> <span class='ocrx_word' id='word_1_108' title='bbox 993 1487 1025 1545; x_wconf 91' lang='lat' dir='ltr'>in</span> <span class='ocrx_word' id='word_1_109' title='bbox 1047 1486 1147 1556; x_wconf 86' lang='lat' dir='ltr'>itiam,</span> <span class='ocrx_word' id='word_1_110' title='bbox 1170 1489 1202 1547; x_wconf 94' lang='lat' dir='ltr'>in</span> <span class='ocrx_word' id='word_1_111' title='bbox 1224 1485 1351 1555; x_wconf 89' lang='lat' dir='ltr'>iculum,</span> <span class='ocrx_word' id='word_1_112' title='bbox 1375 1487 1406 1546; x_wconf 92' lang='lat' dir='ltr'>in</span> <span class='ocrx_word' id='word_1_113' title='bbox 1428 1487 1548 1553; x_wconf 87' lang='lat' dir='ltr'>culum,</span> <span class='ocrx_word' id='word_1_114' title='bbox 1573 1487 1633 1543; x_wconf 77' lang='lat' dir='ltr'>inu</span> 
     </span>
     <span class='ocr_line' id='line_1_13' title="bbox 310 1585 1605 1666; baseline 0.002 -22"><span class='ocrx_word' id='word_1_115' title='bbox 310 1586 406 1655; x_wconf 79' lang='lat' dir='ltr'>talum,</span> <span class='ocrx_word' id='word_1_116' title='bbox 430 1589 461 1647; x_wconf 94' lang='lat' dir='ltr'>in</span> <span class='ocrx_word' id='word_1_117' title='bbox 484 1588 580 1657; x_wconf 92' lang='lat' dir='ltr'>imen,</span> <span class='ocrx_word' id='word_1_118' title='bbox 598 1589 627 1647; x_wconf 94' lang='lat' dir='ltr'>in</span> <span class='ocrx_word' id='word_1_119' title='bbox 645 1585 773 1655; x_wconf 78' lang='lat' dir='ltr'>cunduS,</span> <span class='ocrx_word' id='word_1_120' title='bbox 796 1588 828 1646; x_wconf 90' lang='lat' dir='ltr'>io</span> <span class='ocrx_word' id='word_1_121' title='bbox 845 1604 894 1656; x_wconf 91' lang='lat' dir='ltr'>or,</span> <span class='ocrx_word' id='word_1_122' title='bbox 918 1589 949 1646; x_wconf 92' lang='lat' dir='ltr'>in</span> <span class='ocrx_word' id='word_1_123' title='bbox 964 1587 1046 1657; x_wconf 91' lang='lat' dir='ltr'>idus,</span> <span class='ocrx_word' id='word_1_124' title='bbox 1070 1590 1101 1648; x_wconf 94' lang='lat' dir='ltr'>in</span> <span class='ocrx_word' id='word_1_125' title='bbox 1116 1605 1167 1658; x_wconf 91' lang='lat' dir='ltr'>us,</span> <span class='ocrx_word' id='word_1_126' title='bbox 1188 1591 1221 1649; x_wconf 92' lang='lat' dir='ltr'>in</span> <span class='ocrx_word' id='word_1_127' title='bbox 1244 1607 1276 1648; x_wconf 92' lang='lat' dir='ltr'>es</span> <span class='ocrx_word' id='word_1_128' title='bbox 1298 1595 1359 1648; x_wconf 91' lang='lat' dir='ltr'>tam</span> <span class='ocrx_word' id='word_1_129' title='bbox 1375 1587 1497 1648; x_wconf 79' lang='lat' dir='ltr'>brevem</span> <span class='ocrx_word' id='word_1_130' title='bbox 1513 1606 1605 1666; x_wconf 85' lang='lat' dir='ltr'>quarn</span> 
     </span>
     <span class='ocr_line' id='line_1_14' title="bbox 310 1687 1605 1771; baseline -0.001 -23"><span class='ocrx_word' id='word_1_131' title='bbox 310 1688 440 1766; x_wconf 83' lang='lat' dir='ltr'>longam,</span> <span class='ocrx_word' id='word_1_132' title='bbox 458 1691 489 1748; x_wconf 94' lang='lat' dir='ltr'>in</span> <span class='ocrx_word' id='word_1_133' title='bbox 505 1690 545 1759; x_wconf 92' lang='lat' dir='ltr'>is,</span> <span class='ocrx_word' id='word_1_134' title='bbox 570 1689 600 1749; x_wconf 94' lang='lat' dir='ltr'>in</span> <span class='ocrx_word' id='word_1_135' title='bbox 616 1688 712 1757; x_wconf 88' lang='lat' dir='ltr'>ibilis,</span> <span class='ocrx_word' id='word_1_136' title='bbox 730 1688 760 1748; x_wconf 91' lang='lat' dir='ltr'>in</span> <span class='ocrx_word' id='word_1_137' title='bbox 774 1687 838 1757; x_wconf 88' lang='lat' dir='ltr'>ilis,</span> <span class='ocrx_word' id='word_1_138' title='bbox 855 1689 886 1748; x_wconf 92' lang='lat' dir='ltr'>in</span> <span class='ocrx_word' id='word_1_139' title='bbox 902 1707 971 1759; x_wconf 79' lang='lat' dir='ltr'>uuS,</span> <span class='ocrx_word' id='word_1_140' title='bbox 990 1687 993 1771; x_wconf 76' lang='lat' dir='ltr'>l</span> <span class='ocrx_word' id='word_1_141' title='bbox 1011 1692 1041 1750; x_wconf 92' lang='lat' dir='ltr'>iu</span> <span class='ocrx_word' id='word_1_142' title='bbox 1056 1689 1137 1759; x_wconf 90' lang='lat' dir='ltr'>ulus,</span> <span class='ocrx_word' id='word_1_143' title='bbox 1152 1692 1184 1751; x_wconf 89' lang='lat' dir='ltr'>in</span> <span class='ocrx_word' id='word_1_144' title='bbox 1199 1709 1249 1761; x_wconf 86' lang='lat' dir='ltr'>ax,</span> <span class='ocrx_word' id='word_1_145' title='bbox 1271 1692 1303 1750; x_wconf 91' lang='lat' dir='ltr'>in</span> <span class='ocrx_word' id='word_1_146' title='bbox 1319 1709 1370 1758; x_wconf 84' lang='lat' dir='ltr'>ex,</span> <span class='ocrx_word' id='word_1_147' title='bbox 1386 1691 1418 1749; x_wconf 96' lang='lat' dir='ltr'>in</span> <span class='ocrx_word' id='word_1_148' title='bbox 1434 1688 1558 1753; x_wconf 86' lang='lat' dir='ltr'>bulum,</span> <span class='ocrx_word' id='word_1_149' title='bbox 1575 1691 1605 1747; x_wconf 89' lang='lat' dir='ltr'>in</span> 
     </span>
     <span class='ocr_line' id='line_1_15' title="bbox 311 1788 1606 1870; baseline -0.002 -20"><span class='ocrx_word' id='word_1_150' title='bbox 311 1789 392 1858; x_wconf 89' lang='lat' dir='ltr'>bilis,</span> <span class='ocrx_word' id='word_1_151' title='bbox 417 1791 447 1850; x_wconf 94' lang='lat' dir='ltr'>in</span> <span class='ocrx_word' id='word_1_152' title='bbox 471 1790 603 1860; x_wconf 87' lang='lat' dir='ltr'>bundus,</span> <span class='ocrx_word' id='word_1_153' title='bbox 628 1790 679 1851; x_wconf 93' lang='lat' dir='ltr'>illo</span> <span class='ocrx_word' id='word_1_154' title='bbox 702 1788 817 1849; x_wconf 90' lang='lat' dir='ltr'>scilicet</span> <span class='ocrx_word' id='word_1_155' title='bbox 839 1789 1037 1861; x_wconf 92' lang='lat' dir='ltr'>observando,</span> <span class='ocrx_word' id='word_1_156' title='bbox 1061 1792 1138 1870; x_wconf 90' lang='lat' dir='ltr'>quod</span> <span class='ocrx_word' id='word_1_157' title='bbox 1162 1811 1329 1852; x_wconf 81' lang='lat' dir='ltr'>consonans</span> <span class='ocrx_word' id='word_1_158' title='bbox 1351 1793 1511 1870; x_wconf 86' lang='lat' dir='ltr'>positionis</span> <span class='ocrx_word' id='word_1_159' title='bbox 1535 1799 1606 1850; x_wconf 79' lang='lat' dir='ltr'>ante</span> 
     </span>
     <span class='ocr_line' id='line_1_16' title="bbox 309 1892 1605 1971; baseline 0.003 -24"><span class='ocrx_word' id='word_1_160' title='bbox 309 1913 325 1948; x_wconf 88' lang='lat' dir='ltr'>o</span> <span class='ocrx_word' id='word_1_161' title='bbox 349 1892 393 1952; x_wconf 91' lang='lat' dir='ltr'>vel</span> <span class='ocrx_word' id='word_1_162' title='bbox 416 1911 451 1952; x_wconf 92' lang='lat' dir='ltr'>eo</span> <span class='ocrx_word' id='word_1_163' title='bbox 472 1893 519 1952; x_wconf 89' lang='lat' dir='ltr'>vel</span> <span class='ocrx_word' id='word_1_164' title='bbox 542 1895 571 1953; x_wconf 95' lang='lat' dir='ltr'>io</span> <span class='ocrx_word' id='word_1_165' title='bbox 599 1894 716 1953; x_wconf 91' lang='lat' dir='ltr'>inventa</span> <span class='ocrx_word' id='word_1_166' title='bbox 739 1899 873 1952; x_wconf 85' lang='lat' dir='ltr'>servatru</span> <span class='ocrx_word' id='word_1_167' title='bbox 900 1893 931 1952; x_wconf 91' lang='lat' dir='ltr'>in</span> <span class='ocrx_word' id='word_1_168' title='bbox 958 1893 1097 1954; x_wconf 92' lang='lat' dir='ltr'>omnibus</span> <span class='ocrx_word' id='word_1_169' title='bbox 1121 1893 1385 1971; x_wconf 85' lang='lat' dir='ltr'>terminationibus</span> <span class='ocrx_word' id='word_1_170' title='bbox 1407 1894 1605 1953; x_wconf 83' lang='lat' dir='ltr'>nominuma</span> 
     </span>
     <span class='ocr_line' id='line_1_17' title="bbox 309 1993 1637 2074; baseline -0.001 -22"><span class='ocrx_word' id='word_1_171' title='bbox 309 1994 402 2055; x_wconf 89' lang='lat' dir='ltr'>vocali</span> <span class='ocrx_word' id='word_1_172' title='bbox 425 1994 648 2073; x_wconf 83' lang='lat' dir='ltr'>incipientibus.</span> <span class='ocrx_word' id='word_1_173' title='bbox 679 2003 708 2054; x_wconf 88' lang='lat' dir='ltr'>et</span> <span class='ocrx_word' id='word_1_174' title='bbox 731 2001 798 2054; x_wconf 90' lang='lat' dir='ltr'>aute</span> <span class='ocrx_word' id='word_1_175' title='bbox 821 1995 882 2054; x_wconf 91' lang='lat' dir='ltr'>ium</span> <span class='ocrx_word' id='word_1_176' title='bbox 904 1993 1040 2074; x_wconf 86' lang='lat' dir='ltr'>quidem,</span> <span class='ocrx_word' id='word_1_177' title='bbox 1064 2001 1097 2055; x_wconf 90' lang='lat' dir='ltr'>ut</span> <span class='ocrx_word' id='word_1_178' title='bbox 1112 1995 1195 2073; x_wconf 82' lang='lat' dir='ltr'>litigo</span> <span class='ocrx_word' id='word_1_179' title='bbox 1210 1996 1356 2074; x_wconf 86' lang='lat' dir='ltr'>litigium,</span> <span class='ocrx_word' id='word_1_180' title='bbox 1378 2013 1496 2055; x_wconf 85' lang='lat' dir='ltr'>mercer</span> <span class='ocrx_word' id='word_1_181' title='bbox 1519 2013 1637 2053; x_wconf 81' lang='lat' dir='ltr'>conr-a</span> 
     </span>
     <span class='ocr_line' id='line_1_18' title="bbox 309 2095 1607 2174; baseline -0.002 -18"><span class='ocrx_word' id='word_1_182' title='bbox 309 2098 467 2165; x_wconf 91' lang='lat' dir='ltr'>mercium,</span> <span class='ocrx_word' id='word_1_183' title='bbox 492 2095 604 2156; x_wconf 94' lang='lat' dir='ltr'>obsono</span> <span class='ocrx_word' id='word_1_184' title='bbox 626 2096 799 2164; x_wconf 91' lang='lat' dir='ltr'>obsonium,</span> <span class='ocrx_word' id='word_1_185' title='bbox 823 2098 936 2172; x_wconf 80' lang='lat' dir='ltr'>vestigo</span> <span class='ocrx_word' id='word_1_186' title='bbox 959 2097 1131 2174; x_wconf 80' lang='lat' dir='ltr'>vestigium,</span> <span class='ocrx_word' id='word_1_187' title='bbox 1154 2098 1277 2158; x_wconf 80' lang='lat' dir='ltr'>aedifico</span> <span class='ocrx_word' id='word_1_188' title='bbox 1300 2097 1483 2164; x_wconf 88' lang='lat' dir='ltr'>aedilicium,</span> <span class='ocrx_word' id='word_1_189' title='bbox 1507 2099 1607 2156; x_wconf 82' lang='lat' dir='ltr'>sarri·</span> 
     </span>
     <span class='ocr_line' id='line_1_19' title="bbox 308 2199 1662 2278; baseline -0.001 -20"><span class='ocrx_word' id='word_1_190' title='bbox 308 2202 362 2259; x_wconf 85' lang='lat' dir='ltr'>liro</span> <span class='ocrx_word' id='word_1_191' title='bbox 385 2199 578 2268; x_wconf 83' lang='lat' dir='ltr'>sacrificium,</span> <span class='ocrx_word' id='word_1_192' title='bbox 608 2199 753 2277; x_wconf 92' lang='lat' dir='ltr'>participo</span> <span class='ocrx_word' id='word_1_193' title='bbox 781 2200 988 2277; x_wconf 82' lang='lat' dir='ltr'>participium,</span> <span class='ocrx_word' id='word_1_194' title='bbox 1018 2202 1154 2278; x_wconf 90' lang='lat' dir='ltr'>mancipo</span> <span class='ocrx_word' id='word_1_195' title='bbox 1181 2201 1378 2278; x_wconf 87' lang='lat' dir='ltr'>mancipium,</span> <span class='ocrx_word' id='word_1_196' title='bbox 1407 2199 1525 2277; x_wconf 89' lang='lat' dir='ltr'>impero</span> <span class='ocrx_word' id='word_1_197' title='bbox 1551 2199 1607 2258; x_wconf 92' lang='lat' dir='ltr'>im·</span> <span class='ocrx_word' id='word_1_198' title='bbox 1661 2274 1662 2277; x_wconf 8' lang='grc' dir='ltr'><strong>Ἴ</strong></span> 
     </span>
     <span class='ocr_line' id='line_1_20' title="bbox 309 2299 1662 2380; baseline -0.003 -18"><span class='ocrx_word' id='word_1_199' title='bbox 309 2304 440 2380; x_wconf 91' lang='lat' dir='ltr'>perium,</span> <span class='ocrx_word' id='word_1_200' title='bbox 465 2301 603 2360; x_wconf 90' lang='lat' dir='ltr'>convivor</span> <span class='ocrx_word' id='word_1_201' title='bbox 631 2300 809 2369; x_wconf 89' lang='lat' dir='ltr'>convivium,</span> <span class='ocrx_word' id='word_1_202' title='bbox 839 2299 971 2379; x_wconf 89' lang='lat' dir='ltr'>prandeo</span> <span class='ocrx_word' id='word_1_203' title='bbox 998 2300 1172 2379; x_wconf 82' lang='lat' dir='ltr'>prandium,</span> <span class='ocrx_word' id='word_1_204' title='bbox 1195 2300 1310 2378; x_wconf 80' lang='lat' dir='ltr'>gaudeo</span> <span class='ocrx_word' id='word_1_205' title='bbox 1332 2299 1487 2377; x_wconf 82' lang='lat' dir='ltr'>gaudium,</span> <span class='ocrx_word' id='word_1_206' title='bbox 1513 2319 1607 2378; x_wconf 65' lang='lat' dir='ltr'>prae</span> <span class='ocrx_word' id='word_1_207' title='bbox 1661 2322 1662 2335; x_wconf 48' lang='grc' dir='ltr'>ι</span> 
     </span>
     <span class='ocr_line' id='line_1_21' title="bbox 307 2401 1606 2488; baseline -0.001 -26"><span class='ocrx_word' id='word_1_208' title='bbox 307 2404 391 2464; x_wconf 87' lang='lat' dir='ltr'>sideo</span> <span class='ocrx_word' id='word_1_209' title='bbox 418 2402 615 2482; x_wconf 87' lang='lat' dir='ltr'>praesidium,</span> <span class='ocrx_word' id='word_1_210' title='bbox 644 2401 765 2462; x_wconf 91' lang='lat' dir='ltr'>medeor</span> <span class='ocrx_word' id='word_1_211' title='bbox 793 2402 976 2472; x_wconf 90' lang='lat' dir='ltr'>remedium,</span> <span class='ocrx_word' id='word_1_212' title='bbox 1005 2402 1086 2462; x_wconf 87' lang='lat' dir='ltr'>nvrbo</span> <span class='ocrx_word' id='word_1_213' title='bbox 1112 2403 1310 2488; x_wconf 76' lang='lat' dir='ltr'>conubium„</span> <span class='ocrx_word' id='word_1_214' title='bbox 1325 2403 1391 2462; x_wconf 86' lang='lat' dir='ltr'>iuro</span> <span class='ocrx_word' id='word_1_215' title='bbox 1418 2402 1606 2481; x_wconf 89' lang='lat' dir='ltr'>periurium,</span> 
     </span>
     <span class='ocr_line' id='line_1_22' title="bbox 308 2503 1662 2595; baseline -0.003 -29"><span class='ocrx_word' id='word_1_216' title='bbox 308 2505 426 2568; x_wconf 86' lang='lat' dir='ltr'>t&#39;astidio</span> <span class='ocrx_word' id='word_1_217' title='bbox 448 2505 616 2573; x_wconf 81' lang='lat' dir='ltr'>fastidium,</span> <span class='ocrx_word' id='word_1_218' title='bbox 633 2505 719 2565; x_wconf 86' lang='lat' dir='ltr'>exulo</span> <span class='ocrx_word' id='word_1_219' title='bbox 740 2503 863 2564; x_wconf 90' lang='lat' dir='ltr'>consulo</span> <span class='ocrx_word' id='word_1_220' title='bbox 885 2522 902 2563; x_wconf 93' lang='lat' dir='ltr'>u</span> <span class='ocrx_word' id='word_1_221' title='bbox 927 2504 1107 2583; x_wconf 89' lang='lat' dir='ltr'>paenultima</span> <span class='ocrx_word' id='word_1_222' title='bbox 1130 2507 1160 2565; x_wconf 92' lang='lat' dir='ltr'>in</span> <span class='ocrx_word' id='word_1_223' title='bbox 1183 2507 1193 2564; x_wconf 96' lang='lat' dir='ltr'>i</span> <span class='ocrx_word' id='word_1_224' title='bbox 1215 2523 1356 2565; x_wconf 88' lang='lat' dir='ltr'>conversa</span> <span class='ocrx_word' id='word_1_225' title='bbox 1379 2503 1504 2564; x_wconf 81' lang='lat' dir='ltr'>exilium</span> <span class='ocrx_word' id='word_1_226' title='bbox 1530 2523 1639 2563; x_wconf 51' lang='lat' dir='ltr'>eon-s&gt;</span> <span class='ocrx_word' id='word_1_227' title='bbox 1661 2526 1662 2595; x_wconf 33' lang='grc' dir='ltr'>ι</span> 
     </span>
     <span class='ocr_line' id='line_1_23' title="bbox 307 2604 1607 2686; baseline -0.002 -18"><span class='ocrx_word' id='word_1_228' title='bbox 307 2609 420 2677; x_wconf 85' lang='lat' dir='ltr'>silium,</span> <span class='ocrx_word' id='word_1_229' title='bbox 459 2605 607 2685; x_wconf 87' lang='lat' dir='ltr'>obsequor</span> <span class='ocrx_word' id='word_1_230' title='bbox 639 2604 827 2686; x_wconf 86' lang='lat' dir='ltr'>obsequium,</span> <span class='ocrx_word' id='word_1_231' title='bbox 863 2605 991 2685; x_wconf 63' lang='lat' dir='ltr'>eloquor,</span> <span class='ocrx_word' id='word_1_232' title='bbox 1019 2606 1183 2684; x_wconf 90' lang='lat' dir='ltr'>eloquium,</span> <span class='ocrx_word' id='word_1_233' title='bbox 1218 2607 1368 2667; x_wconf 90' lang='lat' dir='ltr'>domicilio</span> <span class='ocrx_word' id='word_1_234' title='bbox 1400 2605 1607 2674; x_wconf 86' lang='lat' dir='ltr'>domicilium,</span> 
     </span>
     <span class='ocr_line' id='line_1_24' title="bbox 306 2707 1607 2778; baseline -0.001 -10"><span class='ocrx_word' id='word_1_235' title='bbox 306 2709 397 2770; x_wconf 86' lang='lat' dir='ltr'>solsto</span> <span class='ocrx_word' id='word_1_236' title='bbox 426 2708 599 2778; x_wconf 83' lang='lat' dir='ltr'>solstitium,</span> <span class='ocrx_word' id='word_1_237' title='bbox 627 2709 707 2768; x_wconf 92' lang='lat' dir='ltr'>iusto</span> <span class='ocrx_word' id='word_1_238' title='bbox 735 2709 896 2777; x_wconf 88' lang='lat' dir='ltr'>iustitium,</span> <span class='ocrx_word' id='word_1_239' title='bbox 925 2725 1016 2767; x_wconf 92' lang='lat' dir='ltr'>cerno</span> <span class='ocrx_word' id='word_1_240' title='bbox 1044 2707 1240 2769; x_wconf 88' lang='lat' dir='ltr'>silicernium.</span> <span class='ocrx_word' id='word_1_241' title='bbox 1285 2711 1357 2768; x_wconf 90' lang='lat' dir='ltr'>item</span> <span class='ocrx_word' id='word_1_242' title='bbox 1385 2717 1454 2768; x_wconf 89' lang='lat' dir='ltr'>ante</span> <span class='ocrx_word' id='word_1_243' title='bbox 1484 2709 1607 2768; x_wconf 82' lang='lat' dir='ltr'>iorslrrm</span> 
     </span>
     <span class='ocr_line' id='line_1_25' title="bbox 222 2807 1608 2890; baseline -0.001 -19"><span class='ocrx_word' id='word_1_244' title='bbox 222 2807 226 2816; x_wconf 86' lang='grc'><em>’</em></span> <span class='ocrx_word' id='word_1_245' title='bbox 308 2812 391 2872; x_wconf 92' lang='lat' dir='ltr'>rideo</span> <span class='ocrx_word' id='word_1_246' title='bbox 420 2810 594 2879; x_wconf 91' lang='lat' dir='ltr'>ridiculum,</span> <span class='ocrx_word' id='word_1_247' title='bbox 623 2811 777 2890; x_wconf 87' lang='lat' dir='ltr'>perpendo</span> <span class='ocrx_word' id='word_1_248' title='bbox 804 2810 1066 2890; x_wconf 88' lang='lat' dir='ltr'>perpendiculum,</span> <span class='ocrx_word' id='word_1_249' title='bbox 1095 2829 1204 2871; x_wconf 88' lang='lat' dir='ltr'>everro</span> <span class='ocrx_word' id='word_1_250' title='bbox 1231 2810 1444 2878; x_wconf 89' lang='lat' dir='ltr'>everriculum,</span> <span class='ocrx_word' id='word_1_251' title='bbox 1474 2810 1608 2870; x_wconf 86' lang='lat' dir='ltr'>deverto</span> 
     </span>
     <span class='ocr_line' id='line_1_26' title="bbox 307 2911 1607 2991; baseline 0.003 -19"><span class='ocrx_word' id='word_1_252' title='bbox 307 2912 538 2982; x_wconf 89' lang='lat' dir='ltr'>deverticulum,</span> <span class='ocrx_word' id='word_1_253' title='bbox 562 2912 636 2972; x_wconf 91' lang='lat' dir='ltr'>vebo</span> <span class='ocrx_word' id='word_1_254' title='bbox 658 2911 837 2981; x_wconf 90' lang='lat' dir='ltr'>vehiculum,</span> <span class='ocrx_word' id='word_1_255' title='bbox 861 2930 953 2990; x_wconf 89' lang='lat' dir='ltr'>pereo</span> <span class='ocrx_word' id='word_1_256' title='bbox 974 2913 1156 2991; x_wconf 84' lang='lat' dir='ltr'>periculum,</span> <span class='ocrx_word' id='word_1_257' title='bbox 1178 2914 1243 2973; x_wconf 89' lang='lat' dir='ltr'>iero</span> <span class='ocrx_word' id='word_1_258' title='bbox 1265 2911 1412 2973; x_wconf 80' lang='lat' dir='ltr'>ferculum</span> <span class='ocrx_word' id='word_1_259' title='bbox 1434 2911 1555 2990; x_wconf 81' lang='lat' dir='ltr'>absque</span> <span class='ocrx_word' id='word_1_260' title='bbox 1582 2916 1607 2977; x_wconf 87' lang='lat' dir='ltr'>i:</span> 
     </span>
     <span class='ocr_line' id='line_1_27' title="bbox 309 3011 1638 3092; baseline -0.001 -18"><span class='ocrx_word' id='word_1_261' title='bbox 309 3022 342 3074; x_wconf 91' lang='lat' dir='ltr'>ut</span> <span class='ocrx_word' id='word_1_262' title='bbox 365 3015 461 3075; x_wconf 91' lang='lat' dir='ltr'>vincio</span> <span class='ocrx_word' id='word_1_263' title='bbox 484 3013 648 3083; x_wconf 87' lang='lat' dir='ltr'>vinculum,</span> <span class='ocrx_word' id='word_1_264' title='bbox 678 3016 765 3092; x_wconf 84' lang='lat' dir='ltr'>cingo</span> <span class='ocrx_word' id='word_1_265' title='bbox 793 3014 944 3091; x_wconf 75' lang='lat' dir='ltr'>cingulum</span> <span class='ocrx_word' id='word_1_266' title='bbox 972 3022 1002 3074; x_wconf 90' lang='lat' dir='ltr'>et</span> <span class='ocrx_word' id='word_1_267' title='bbox 1029 3016 1107 3075; x_wconf 90' lang='lat' dir='ltr'>iacio</span> <span class='ocrx_word' id='word_1_268' title='bbox 1134 3013 1263 3075; x_wconf 92' lang='lat' dir='ltr'>iaculum</span> <span class='ocrx_word' id='word_1_269' title='bbox 1284 3011 1459 3074; x_wconf 79' lang='lat' dir='ltr'>filialitatem</span> <span class='ocrx_word' id='word_1_270' title='bbox 1482 3031 1549 3073; x_wconf 93' lang='lat' dir='ltr'>non</span> <span class='ocrx_word' id='word_1_271' title='bbox 1574 3017 1638 3073; x_wconf 48' lang='lat' dir='ltr'>ine*-</span> 
     </span>
     <span class='ocr_line' id='line_1_28' title="bbox 308 3115 1605 3192; baseline 0.001 -17"><span class='ocrx_word' id='word_1_272' title='bbox 308 3116 433 3186; x_wconf 90' lang='lat' dir='ltr'>iculum,</span> <span class='ocrx_word' id='word_1_273' title='bbox 463 3116 514 3175; x_wconf 90' lang='lat' dir='ltr'>sed</span> <span class='ocrx_word' id='word_1_274' title='bbox 543 3118 574 3175; x_wconf 93' lang='lat' dir='ltr'>in</span> <span class='ocrx_word' id='word_1_275' title='bbox 603 3115 684 3176; x_wconf 91' lang='lat' dir='ltr'>ulum</span> <span class='ocrx_word' id='word_1_276' title='bbox 711 3123 933 3177; x_wconf 89' lang='lat' dir='ltr'>converterunt.</span> <span class='ocrx_word' id='word_1_277' title='bbox 978 3118 1051 3177; x_wconf 89' lang='lat' dir='ltr'>item</span> <span class='ocrx_word' id='word_1_278' title='bbox 1078 3125 1145 3177; x_wconf 89' lang='lat' dir='ltr'>ante</span> <span class='ocrx_word' id='word_1_279' title='bbox 1172 3118 1268 3185; x_wconf 90' lang='lat' dir='ltr'>imen,</span> <span class='ocrx_word' id='word_1_280' title='bbox 1301 3124 1335 3176; x_wconf 90' lang='lat' dir='ltr'>ut</span> <span class='ocrx_word' id='word_1_281' title='bbox 1357 3133 1428 3192; x_wconf 74' lang='lat' dir='ltr'>rego</span> <span class='ocrx_word' id='word_1_282' title='bbox 1448 3117 1605 3192; x_wconf 77' lang='lat' dir='ltr'>regimen.</span> 
     </span>
     <span class='ocr_line' id='line_1_29' title="bbox 307 3216 1607 3298; baseline -0.002 -22"><span class='ocrx_word' id='word_1_283' title='bbox 307 3223 374 3294; x_wconf 83' lang='lat' dir='ltr'>tego</span> <span class='ocrx_word' id='word_1_284' title='bbox 403 3218 543 3295; x_wconf 76' lang='lat' dir='ltr'>tegimen.</span> <span class='ocrx_word' id='word_1_285' title='bbox 587 3225 617 3278; x_wconf 90' lang='lat' dir='ltr'>et</span> <span class='ocrx_word' id='word_1_286' title='bbox 644 3224 711 3278; x_wconf 89' lang='lat' dir='ltr'>ante</span> <span class='ocrx_word' id='word_1_287' title='bbox 741 3217 856 3278; x_wconf 89' lang='lat' dir='ltr'>condus</span> <span class='ocrx_word' id='word_1_288' title='bbox 882 3221 893 3277; x_wconf 91' lang='lat' dir='ltr'>i</span> <span class='ocrx_word' id='word_1_289' title='bbox 921 3217 966 3277; x_wconf 89' lang='lat' dir='ltr'>vel</span> <span class='ocrx_word' id='word_1_290' title='bbox 994 3237 1010 3278; x_wconf 89' lang='lat' dir='ltr'>e</span> <span class='ocrx_word' id='word_1_291' title='bbox 1037 3216 1284 3298; x_wconf 85' lang='lat' dir='ltr'>praecedentibus</span> <span class='ocrx_word' id='word_1_292' title='bbox 1311 3220 1417 3284; x_wconf 87' lang='lat' dir='ltr'>etiam,</span> <span class='ocrx_word' id='word_1_293' title='bbox 1445 3225 1480 3278; x_wconf 89' lang='lat' dir='ltr'>ut</span> <span class='ocrx_word' id='word_1_294' title='bbox 1501 3218 1607 3276; x_wconf 87' lang='lat' dir='ltr'>rubeo</span> 
     </span>
     <span class='ocr_line' id='line_1_30' title="bbox 307 3318 1605 3399; baseline 0.002 -21"><span class='ocrx_word' id='word_1_295' title='bbox 307 3318 506 3388; x_wconf 81' lang='lat' dir='ltr'>rubicundae,</span> <span class='ocrx_word' id='word_1_296' title='bbox 530 3337 634 3379; x_wconf 92' lang='lat' dir='ltr'>vereor</span> <span class='ocrx_word' id='word_1_297' title='bbox 656 3318 855 3388; x_wconf 77' lang='lat' dir='ltr'>verecundae,</span> <span class='ocrx_word' id='word_1_298' title='bbox 884 3319 961 3398; x_wconf 86' lang='lat' dir='ltr'>quod</span> <span class='ocrx_word' id='word_1_299' title='bbox 985 3339 1001 3380; x_wconf 90' lang='lat' dir='ltr'>e</span> <span class='ocrx_word' id='word_1_300' title='bbox 1023 3322 1111 3399; x_wconf 92' lang='lat' dir='ltr'>proi</span> <span class='ocrx_word' id='word_1_301' title='bbox 1139 3321 1277 3381; x_wconf 86' lang='lat' dir='ltr'>servavit.</span> <span class='ocrx_word' id='word_1_302' title='bbox 1321 3327 1389 3379; x_wconf 91' lang='lat' dir='ltr'>aute</span> <span class='ocrx_word' id='word_1_303' title='bbox 1412 3338 1445 3378; x_wconf 91' lang='lat' dir='ltr'>or</span> <span class='ocrx_word' id='word_1_304' title='bbox 1467 3338 1605 3398; x_wconf 83' lang='lat' dir='ltr'>quoque.</span> 
     </span>
     <span class='ocr_line' id='line_1_31' title="bbox 306 3421 1604 3502; baseline -0.002 -20"><span class='ocrx_word' id='word_1_305' title='bbox 306 3439 433 3502; x_wconf 90' lang='lat' dir='ltr'>quorum</span> <span class='ocrx_word' id='word_1_306' title='bbox 455 3439 549 3501; x_wconf 91' lang='lat' dir='ltr'>pauca</span> <span class='ocrx_word' id='word_1_307' title='bbox 571 3439 605 3482; x_wconf 86' lang='lat' dir='ltr'>ex</span> <span class='ocrx_word' id='word_1_308' title='bbox 630 3422 711 3491; x_wconf 89' lang='lat' dir='ltr'>aliis,</span> <span class='ocrx_word' id='word_1_309' title='bbox 735 3421 877 3500; x_wconf 89' lang='lat' dir='ltr'>pleraque</span> <span class='ocrx_word' id='word_1_310' title='bbox 901 3441 936 3481; x_wconf 86' lang='lat' dir='ltr'>ex</span> <span class='ocrx_word' id='word_1_311' title='bbox 959 3423 1089 3483; x_wconf 89' lang='lat' dir='ltr'>secunda</span> <span class='ocrx_word' id='word_1_312' title='bbox 1105 3423 1225 3482; x_wconf 87' lang='lat' dir='ltr'>veniunt</span> <span class='ocrx_word' id='word_1_313' title='bbox 1240 3423 1448 3498; x_wconf 82' lang='lat' dir='ltr'>coniugatione</span> <span class='ocrx_word' id='word_1_314' title='bbox 1470 3429 1498 3480; x_wconf 88' lang='lat' dir='ltr'>et</span> <span class='ocrx_word' id='word_1_315' title='bbox 1526 3441 1604 3480; x_wconf 86' lang='lat' dir='ltr'>neu-</span> 
     </span>
     <span class='ocr_line' id='line_1_32' title="bbox 307 3522 1637 3603; baseline -0.001 -18"><span class='ocrx_word' id='word_1_316' title='bbox 307 3522 431 3585; x_wconf 91' lang='lat' dir='ltr'>tralibus</span> <span class='ocrx_word' id='word_1_317' title='bbox 454 3524 580 3583; x_wconf 80' lang='lat' dir='ltr'>maxime</span> <span class='ocrx_word' id='word_1_318' title='bbox 603 3523 719 3593; x_wconf 88' lang='lat' dir='ltr'>verbis;</span> <span class='ocrx_word' id='word_1_319' title='bbox 748 3542 823 3601; x_wconf 89' lang='lat' dir='ltr'>quae</span> <span class='ocrx_word' id='word_1_320' title='bbox 852 3525 921 3602; x_wconf 83' lang='lat' dir='ltr'>quia</span> <span class='ocrx_word' id='word_1_321' title='bbox 949 3542 1008 3584; x_wconf 94' lang='lat' dir='ltr'>non</span> <span class='ocrx_word' id='word_1_322' title='bbox 1036 3530 1160 3602; x_wconf 91' lang='lat' dir='ltr'>possunt</span> <span class='ocrx_word' id='word_1_323' title='bbox 1182 3523 1218 3584; x_wconf 87' lang='lat' dir='ltr'>ad</span> <span class='ocrx_word' id='word_1_324' title='bbox 1240 3524 1386 3603; x_wconf 78' lang='lat' dir='ltr'>passivam</span> <span class='ocrx_word' id='word_1_325' title='bbox 1408 3527 1637 3584; x_wconf 65' lang='lat' dir='ltr'>transeuntium</span> 
     </span>
     <span class='ocr_line' id='line_1_33' title="bbox 305 3623 1602 3703; baseline -0.002 -17"><span class='ocrx_word' id='word_1_326' title='bbox 305 3626 552 3702; x_wconf 77' lang='lat' dir='ltr'>significationem</span> <span class='ocrx_word' id='word_1_327' title='bbox 574 3626 606 3684; x_wconf 94' lang='lat' dir='ltr'>in</span> <span class='ocrx_word' id='word_1_328' title='bbox 629 3643 662 3685; x_wconf 95' lang='lat' dir='ltr'>or</span> <span class='ocrx_word' id='word_1_329' title='bbox 684 3625 821 3685; x_wconf 86' lang='lat' dir='ltr'>desinere</span> <span class='ocrx_word' id='word_1_330' title='bbox 852 3624 1026 3694; x_wconf 87' lang='lat' dir='ltr'>verbaliter,</span> <span class='ocrx_word' id='word_1_331' title='bbox 1054 3644 1162 3686; x_wconf 89' lang='lat' dir='ltr'>nomen</span> <span class='ocrx_word' id='word_1_332' title='bbox 1184 3645 1200 3686; x_wconf 87' lang='lat' dir='ltr'>a</span> <span class='ocrx_word' id='word_1_333' title='bbox 1223 3624 1315 3686; x_wconf 91' lang='lat' dir='ltr'>verbo</span> <span class='ocrx_word' id='word_1_334' title='bbox 1336 3623 1484 3686; x_wconf 89' lang='lat' dir='ltr'>secundae</span> <span class='ocrx_word' id='word_1_335' title='bbox 1505 3643 1602 3703; x_wconf 80' lang='lat' dir='ltr'>prae·</span> 
     </span>
    </p>
   </div>
   <div class='ocr_carea' id='block_1_3' title="bbox 523 3761 605 3769">
    <p class='ocr_par' dir='ltr' id='par_1_3' title="bbox 523 3761 605 3769">
     <span class='ocr_line' id='line_1_34' title="bbox 523 3761 605 3769; baseline 0.012 -1"><span class='ocrx_word' id='word_1_336' title='bbox 523 3763 552 3768; x_wconf 67' lang='lat'>-.—</span> <span class='ocrx_word' id='word_1_337' title='bbox 555 3761 605 3769; x_wconf 74' lang='lat'><em>.—-—</em></span> 
     </span>
    </p>
   </div>
   <div class='ocr_carea' id='block_1_4' title="bbox 302 3809 1602 4928">
    <p class='ocr_par' dir='ltr' id='par_1_4' title="bbox 303 3809 1602 4436">
     <span class='ocr_line' id='line_1_35' title="bbox 389 3809 1602 3877; baseline -0.002 -15"><span class='ocrx_word' id='word_1_338' title='bbox 389 3811 545 3862; x_wconf 75' lang='lat' dir='ltr'>buerbialia</span> <span class='ocrx_word' id='word_1_339' title='bbox 563 3811 618 3862; x_wconf 90' lang='lat' dir='ltr'>BP</span> <span class='ocrx_word' id='word_1_340' title='bbox 698 3809 841 3874; x_wconf 77' lang='lat' dir='ltr'>isortasse</span> <span class='ocrx_word' id='word_1_341' title='bbox 858 3813 913 3861; x_wconf 88' lang='lat' dir='ltr'>sive</span> <span class='ocrx_word' id='word_1_342' title='bbox 931 3810 1054 3861; x_wconf 76' lang='lat' dir='ltr'>infinitivo</span> <span class='ocrx_word' id='word_1_343' title='bbox 1074 3810 1158 3862; x_wconf 85' lang='lat' dir='ltr'>loturo</span> <span class='ocrx_word' id='word_1_344' title='bbox 1176 3819 1220 3861; x_wconf 89' lang='lat' dir='ltr'>aut</span> <span class='ocrx_word' id='word_1_345' title='bbox 1239 3827 1255 3860; x_wconf 88' lang='lat' dir='ltr'>a</span> <span class='ocrx_word' id='word_1_346' title='bbox 1272 3811 1415 3877; x_wconf 82' lang='lat' dir='ltr'>participiis</span> <span class='ocrx_word' id='word_1_347' title='bbox 1499 3809 1602 3860; x_wconf 75' lang='lat' dir='ltr'>ileum</span> 
     </span>
     <span class='ocr_line' id='line_1_36' title="bbox 304 3877 1599 3948; baseline -0.001 -17"><span class='ocrx_word' id='word_1_348' title='bbox 304 3884 371 3932; x_wconf 90' lang='lat' dir='ltr'>enim</span> <span class='ocrx_word' id='word_1_349' title='bbox 385 3877 527 3947; x_wconf 86' lang='lat' dir='ltr'>&#39;generales</span> <span class='ocrx_word' id='word_1_350' title='bbox 545 3881 646 3943; x_wconf 90' lang='lat' dir='ltr'>quidem</span> <span class='ocrx_word' id='word_1_351' title='bbox 661 3883 789 3932; x_wconf 91' lang='lat' dir='ltr'>nominum</span> <span class='ocrx_word' id='word_1_352' title='bbox 809 3882 983 3931; x_wconf 87' lang='lat' dir='ltr'>deriuatioues</span> <span class='ocrx_word' id='word_1_353' title='bbox 996 3883 1160 3946; x_wconf 29' lang='lat' dir='ltr'>saeuientes-a</span> <span class='ocrx_word' id='word_1_354' title='bbox 1179 3881 1307 3948; x_wconf 76' lang='lat' dir='ltr'>praesenti</span> <span class='ocrx_word' id='word_1_355' title='bbox 1326 3889 1441 3946; x_wconf 87' lang='lat' dir='ltr'>tempore</span> <span class='ocrx_word' id='word_1_356' title='bbox 1458 3881 1599 3930; x_wconf 80' lang='lat' dir='ltr'>narbonam</span> 
     </span>
     <span class='ocr_line' id='line_1_37' title="bbox 304 3949 1599 4017; baseline -0.001 -15"><span class='ocrx_word' id='word_1_357' title='bbox 304 3952 491 4002; x_wconf 87' lang='lat' dir='ltr'>terminationes</span> <span class='ocrx_word' id='word_1_358' title='bbox 511 3950 563 4001; x_wconf 83' lang='lat' dir='ltr'>lise</span> <span class='ocrx_word' id='word_1_359' title='bbox 579 3952 645 4001; x_wconf 90' lang='lat' dir='ltr'>enirn</span> <span class='ocrx_word' id='word_1_360' title='bbox 664 3949 804 4015; x_wconf 70' lang='lat' dir='ltr'>(supmser.</span> <span class='ocrx_word' id='word_1_361' title='bbox 824 3949 896 4014; x_wconf 79' lang='lat' dir='ltr'>suot)</span> <span class='ocrx_word' id='word_1_362' title='bbox 915 3953 940 4000; x_wconf 92' lang='lat' dir='ltr'>in</span> <span class='ocrx_word' id='word_1_363' title='bbox 953 3953 1004 4000; x_wconf 92' lang='lat' dir='ltr'>ium</span> <span class='ocrx_word' id='word_1_364' title='bbox 1023 3951 1048 4001; x_wconf 89' lang='lat' dir='ltr'><em>B</em></span> <span class='ocrx_word' id='word_1_365' title='bbox 1064 3961 1123 4002; x_wconf 89' lang='lat' dir='ltr'>sont</span> <span class='ocrx_word' id='word_1_366' title='bbox 1135 3960 1218 4001; x_wconf 87' lang='lat' dir='ltr'>aetem</span> <span class='ocrx_word' id='word_1_367' title='bbox 1240 3951 1374 4017; x_wconf 77' lang='lat' dir='ltr'>generales</span> <span class='ocrx_word' id='word_1_368' title='bbox 1389 3951 1494 4014; x_wconf 89' lang='lat' dir='ltr'>quidem</span> <span class='ocrx_word' id='word_1_369' title='bbox 1512 3953 1599 4001; x_wconf 79' lang='lat' dir='ltr'>atomi-</span> 
     </span>
     <span class='ocr_line' id='line_1_38' title="bbox 306 4019 1599 4090; baseline 0.001 -22"><span class='ocrx_word' id='word_1_370' title='bbox 306 4038 364 4072; x_wconf 91' lang='lat' dir='ltr'>nnm</span> <span class='ocrx_word' id='word_1_371' title='bbox 380 4022 544 4072; x_wconf 88' lang='lat' dir='ltr'>diriuatlones</span> <span class='ocrx_word' id='word_1_372' title='bbox 563 4022 693 4073; x_wconf 86' lang='lat' dir='ltr'>uenientes</span> <span class='ocrx_word' id='word_1_373' title='bbox 712 4037 727 4071; x_wconf 87' lang='lat' dir='ltr'>a</span> <span class='ocrx_word' id='word_1_374' title='bbox 743 4022 870 4090; x_wconf 85' lang='lat' dir='ltr'>praesenti</span> <span class='ocrx_word' id='word_1_375' title='bbox 889 4030 1002 4085; x_wconf 86' lang='lat' dir='ltr'>tempore</span> <span class='ocrx_word' id='word_1_376' title='bbox 1024 4023 1158 4074; x_wconf 86' lang='lat' dir='ltr'>uerborum</span> <span class='ocrx_word' id='word_1_377' title='bbox 1179 4021 1370 4072; x_wconf 78' lang='lat' dir='ltr'>terminationes</span> <span class='ocrx_word' id='word_1_378' title='bbox 1386 4022 1455 4071; x_wconf 88' lang='lat' dir='ltr'>enirn</span> <span class='ocrx_word' id='word_1_379' title='bbox 1469 4019 1519 4070; x_wconf 81' lang='lat' dir='ltr'>bae</span> <span class='ocrx_word' id='word_1_380' title='bbox 1538 4032 1599 4070; x_wconf 88' lang='lat' dir='ltr'>sont</span> 
     </span>
     <span class='ocr_line' id='line_1_39' title="bbox 304 4091 1598 4156; baseline -0.001 -15"><span class='ocrx_word' id='word_1_381' title='bbox 304 4094 328 4142; x_wconf 90' lang='lat' dir='ltr'>in</span> <span class='ocrx_word' id='word_1_382' title='bbox 345 4094 397 4142; x_wconf 86' lang='lat' dir='ltr'>ium</span> <span class='ocrx_word' id='word_1_383' title='bbox 410 4091 436 4140; x_wconf 88' lang='lat' dir='ltr'><strong><em>P</em></strong></span> <span class='ocrx_word' id='word_1_384' title='bbox 451 4099 510 4142; x_wconf 88' lang='lat' dir='ltr'>sunt</span> <span class='ocrx_word' id='word_1_385' title='bbox 528 4091 593 4140; x_wconf 86' lang='lat' dir='ltr'>enim</span> <span class='ocrx_word' id='word_1_386' title='bbox 612 4091 744 4156; x_wconf 81' lang='lat' dir='ltr'>generales</span> <span class='ocrx_word' id='word_1_387' title='bbox 761 4093 865 4156; x_wconf 87' lang='lat' dir='ltr'>quidem</span> <span class='ocrx_word' id='word_1_388' title='bbox 881 4092 1010 4141; x_wconf 87' lang='lat' dir='ltr'>nominum</span> <span class='ocrx_word' id='word_1_389' title='bbox 1030 4093 1196 4142; x_wconf 86' lang='lat' dir='ltr'>diriuationcs</span> <span class='ocrx_word' id='word_1_390' title='bbox 1214 4107 1230 4139; x_wconf 85' lang='lat' dir='ltr'>a</span> <span class='ocrx_word' id='word_1_391' title='bbox 1248 4092 1375 4156; x_wconf 80' lang='lat' dir='ltr'>praesenti</span> <span class='ocrx_word' id='word_1_392' title='bbox 1398 4102 1517 4155; x_wconf 87' lang='lat' dir='ltr'>ternpore</span> <span class='ocrx_word' id='word_1_393' title='bbox 1538 4108 1598 4140; x_wconf 88' lang='lat' dir='ltr'>ner·</span> 
     </span>
     <span class='ocr_line' id='line_1_40' title="bbox 304 4161 1598 4228; baseline -0.002 -16"><span class='ocrx_word' id='word_1_394' title='bbox 304 4164 391 4212; x_wconf 89' lang='lat' dir='ltr'>borum</span> <span class='ocrx_word' id='word_1_395' title='bbox 407 4161 597 4211; x_wconf 84' lang='lat' dir='ltr'>terminationes</span> <span class='ocrx_word' id='word_1_396' title='bbox 616 4161 667 4211; x_wconf 89' lang='lat' dir='ltr'>llse</span> <span class='ocrx_word' id='word_1_397' title='bbox 682 4163 748 4212; x_wconf 91' lang='lat' dir='ltr'>enim</span> <span class='ocrx_word' id='word_1_398' title='bbox 768 4172 826 4212; x_wconf 88' lang='lat' dir='ltr'>sunt</span> <span class='ocrx_word' id='word_1_399' title='bbox 843 4163 867 4211; x_wconf 91' lang='lat' dir='ltr'>in</span> <span class='ocrx_word' id='word_1_400' title='bbox 888 4164 940 4211; x_wconf 89' lang='lat' dir='ltr'>ium</span> <span class='ocrx_word' id='word_1_401' title='bbox 959 4170 969 4213; x_wconf 85' lang='lat' dir='ltr'>t</span> <span class='ocrx_word' id='word_1_402' title='bbox 986 4171 1046 4214; x_wconf 89' lang='lat' dir='ltr'>sunt</span> <span class='ocrx_word' id='word_1_403' title='bbox 1062 4164 1129 4212; x_wconf 91' lang='lat' dir='ltr'>enim</span> <span class='ocrx_word' id='word_1_404' title='bbox 1148 4161 1282 4228; x_wconf 80' lang='lat' dir='ltr'>generales</span> <span class='ocrx_word' id='word_1_405' title='bbox 1300 4163 1402 4225; x_wconf 87' lang='lat' dir='ltr'>quidem</span> <span class='ocrx_word' id='word_1_406' title='bbox 1420 4161 1598 4212; x_wconf 69' lang='lat' dir='ltr'>deriuationes</span> 
     </span>
     <span class='ocr_line' id='line_1_41' title="bbox 305 4229 1530 4298; baseline -0.002 -16"><span class='ocrx_word' id='word_1_407' title='bbox 305 4233 436 4292; x_wconf 84' lang='lat' dir='ltr'>nominum</span> <span class='ocrx_word' id='word_1_408' title='bbox 455 4246 470 4280; x_wconf 92' lang='lat' dir='ltr'>a</span> <span class='ocrx_word' id='word_1_409' title='bbox 488 4232 615 4296; x_wconf 86' lang='lat' dir='ltr'>praesenti</span> <span class='ocrx_word' id='word_1_410' title='bbox 633 4240 743 4298; x_wconf 85' lang='lat' dir='ltr'>tempore</span> <span class='ocrx_word' id='word_1_411' title='bbox 763 4233 897 4282; x_wconf 89' lang='lat' dir='ltr'>uerborum</span> <span class='ocrx_word' id='word_1_412' title='bbox 916 4247 1023 4295; x_wconf 89' lang='lat' dir='ltr'>quorum</span> <span class='ocrx_word' id='word_1_413' title='bbox 1042 4233 1231 4283; x_wconf 84' lang='lat' dir='ltr'>terminationes</span> <span class='ocrx_word' id='word_1_414' title='bbox 1251 4229 1299 4280; x_wconf 87' lang='lat' dir='ltr'>hae</span> <span class='ocrx_word' id='word_1_415' title='bbox 1318 4239 1379 4281; x_wconf 88' lang='lat' dir='ltr'>sont</span> <span class='ocrx_word' id='word_1_416' title='bbox 1396 4232 1422 4281; x_wconf 93' lang='lat' dir='ltr'>in</span> <span class='ocrx_word' id='word_1_417' title='bbox 1440 4231 1530 4291; x_wconf 83' lang='lat' dir='ltr'>iores</span> 
     </span>
     <span class='ocr_line' id='line_1_42' title="bbox 305 4298 1597 4367; baseline -0.002 -15"><span class='ocrx_word' id='word_1_418' title='bbox 305 4302 338 4352; x_wconf 84' lang='lat'>10</span> <span class='ocrx_word' id='word_1_419' title='bbox 356 4304 380 4350; x_wconf 90' lang='lat' dir='ltr'>io</span> <span class='ocrx_word' id='word_1_420' title='bbox 401 4301 472 4350; x_wconf 92' lang='lat' dir='ltr'>itium</span> <span class='ocrx_word' id='word_1_421' title='bbox 490 4302 515 4350; x_wconf 92' lang='lat' dir='ltr'>iu</span> <span class='ocrx_word' id='word_1_422' title='bbox 531 4301 623 4350; x_wconf 91' lang='lat' dir='ltr'>iculum</span> <span class='ocrx_word' id='word_1_423' title='bbox 639 4302 665 4350; x_wconf 93' lang='lat' dir='ltr'>in</span> <span class='ocrx_word' id='word_1_424' title='bbox 683 4302 768 4352; x_wconf 89' lang='lat' dir='ltr'>bulum</span> <span class='ocrx_word' id='word_1_425' title='bbox 788 4303 814 4351; x_wconf 92' lang='lat' dir='ltr'>in</span> <span class='ocrx_word' id='word_1_426' title='bbox 833 4303 901 4353; x_wconf 89' lang='lat' dir='ltr'>lmen</span> <span class='ocrx_word' id='word_1_427' title='bbox 919 4305 1073 4353; x_wconf 83' lang='lat' dir='ltr'>morines</span> <span class='ocrx_word' id='word_1_428' title='bbox 1090 4311 1141 4351; x_wconf 87' lang='lat' dir='ltr'>tam</span> <span class='ocrx_word' id='word_1_429' title='bbox 1159 4303 1261 4351; x_wconf 89' lang='lat' dir='ltr'>breuem</span> <span class='ocrx_word' id='word_1_430' title='bbox 1276 4316 1351 4363; x_wconf 87' lang='lat' dir='ltr'>qnam</span> <span class='ocrx_word' id='word_1_431' title='bbox 1368 4298 1472 4367; x_wconf 80' lang='lat' dir='ltr'>longam</span> <span class='ocrx_word' id='word_1_432' title='bbox 1490 4303 1514 4350; x_wconf 92' lang='lat' dir='ltr'>iu</span> <span class='ocrx_word' id='word_1_433' title='bbox 1538 4303 1597 4350; x_wconf 82' lang='lat' dir='ltr'>bilis</span> 
     </span>
     <span class='ocr_line' id='line_1_43' title="bbox 303 4371 1597 4436; baseline -0.001 -15"><span class='ocrx_word' id='word_1_434' title='bbox 303 4373 328 4421; x_wconf 93' lang='lat' dir='ltr'>in</span> <span class='ocrx_word' id='word_1_435' title='bbox 348 4372 388 4422; x_wconf 88' lang='lat' dir='ltr'>ilis</span> <span class='ocrx_word' id='word_1_436' title='bbox 406 4371 432 4420; x_wconf 90' lang='lat' dir='ltr'>in</span> <span class='ocrx_word' id='word_1_437' title='bbox 451 4385 499 4419; x_wconf 89' lang='lat' dir='ltr'>uus</span> <span class='ocrx_word' id='word_1_438' title='bbox 517 4372 542 4421; x_wconf 87' lang='lat' dir='ltr'>io</span> <span class='ocrx_word' id='word_1_439' title='bbox 560 4371 661 4421; x_wconf 85' lang='lat' dir='ltr'>bundas</span> <span class='ocrx_word' id='word_1_440' title='bbox 684 4373 709 4420; x_wconf 89' lang='lat' dir='ltr'>in</span> <span class='ocrx_word' id='word_1_441' title='bbox 728 4373 826 4424; x_wconf 88' lang='lat' dir='ltr'>condus</span> <span class='ocrx_word' id='word_1_442' title='bbox 845 4374 871 4422; x_wconf 87' lang='lat' dir='ltr'>in</span> <span class='ocrx_word' id='word_1_443' title='bbox 891 4372 948 4421; x_wconf 89' lang='lat' dir='ltr'>idos</span> <span class='ocrx_word' id='word_1_444' title='bbox 966 4373 991 4421; x_wconf 93' lang='lat' dir='ltr'>in</span> <span class='ocrx_word' id='word_1_445' title='bbox 1011 4373 1069 4422; x_wconf 88' lang='lat' dir='ltr'>rvlus</span> <span class='ocrx_word' id='word_1_446' title='bbox 1087 4373 1111 4421; x_wconf 89' lang='lat' dir='ltr'>in</span> <span class='ocrx_word' id='word_1_447' title='bbox 1131 4387 1179 4421; x_wconf 87' lang='lat' dir='ltr'>uus</span> <span class='ocrx_word' id='word_1_448' title='bbox 1198 4373 1222 4420; x_wconf 92' lang='lat' dir='ltr'>in</span> <span class='ocrx_word' id='word_1_449' title='bbox 1241 4385 1275 4419; x_wconf 84' lang='lat' dir='ltr'>ax</span> <span class='ocrx_word' id='word_1_450' title='bbox 1294 4372 1319 4419; x_wconf 91' lang='lat' dir='ltr'>in</span> <span class='ocrx_word' id='word_1_451' title='bbox 1343 4386 1376 4420; x_wconf 83' lang='lat' dir='ltr'>ex</span> <span class='ocrx_word' id='word_1_452' title='bbox 1394 4373 1420 4422; x_wconf 89' lang='lat' dir='ltr'>in</span> <span class='ocrx_word' id='word_1_453' title='bbox 1438 4385 1486 4436; x_wconf 86' lang='lat' dir='ltr'>eps</span> <span class='ocrx_word' id='word_1_454' title='bbox 1505 4371 1552 4419; x_wconf 88' lang='lat' dir='ltr'>illo</span> <span class='ocrx_word' id='word_1_455' title='bbox 1572 4371 1597 4420; x_wconf 84' lang='lat' dir='ltr'><em>B</em></span> 
     </span>
    </p>

    <p class='ocr_par' dir='ltr' id='par_1_5' title="bbox 302 4437 1599 4711">
     <span class='ocr_line' id='line_1_44' title="bbox 374 4437 1594 4507; baseline -0.002 -15"><span class='ocrx_word' id='word_1_456' title='bbox 374 4441 402 4492; x_wconf 89' lang='lat'>11</span> <span class='ocrx_word' id='word_1_457' title='bbox 424 4442 449 4489; x_wconf 91' lang='lat' dir='ltr'>in</span> <span class='ocrx_word' id='word_1_458' title='bbox 464 4437 543 4507; x_wconf 89' lang='lat' dir='ltr'>lmen]</span> <span class='ocrx_word' id='word_1_459' title='bbox 561 4441 587 4489; x_wconf 92' lang='lat' dir='ltr'>in</span> <span class='ocrx_word' id='word_1_460' title='bbox 605 4456 661 4492; x_wconf 89' lang='lat' dir='ltr'>men</span> <span class='ocrx_word' id='word_1_461' title='bbox 681 4442 706 4491; x_wconf 94' lang='lat' dir='ltr'><em>P</em></span> <span class='ocrx_word' id='word_1_462' title='bbox 774 4443 806 4494; x_wconf 85' lang='lat'>13</span> <span class='ocrx_word' id='word_1_463' title='bbox 824 4442 867 4492; x_wconf 90' lang='lat' dir='ltr'>illo</span> <span class='ocrx_word' id='word_1_464' title='bbox 886 4441 982 4492; x_wconf 82' lang='lat' dir='ltr'>seilicet</span> <span class='ocrx_word' id='word_1_465' title='bbox 999 4452 1024 4492; x_wconf 91' lang='lat' dir='ltr'>et</span> <span class='ocrx_word' id='word_1_466' title='bbox 1045 4441 1204 4492; x_wconf 88' lang='lat' dir='ltr'>obseruando</span> <span class='ocrx_word' id='word_1_467' title='bbox 1218 4443 1244 4491; x_wconf 92' lang='lat' dir='ltr'><em>P</em></span> <span class='ocrx_word' id='word_1_468' title='bbox 1311 4441 1343 4492; x_wconf 83' lang='lat'>21</span> <span class='ocrx_word' id='word_1_469' title='bbox 1363 4440 1493 4490; x_wconf 85' lang='lat' dir='ltr'>domicilio</span> <span class='ocrx_word' id='word_1_470' title='bbox 1509 4441 1594 4490; x_wconf 88' lang='lat' dir='ltr'>domi·</span> 
     </span>
     <span class='ocr_line' id='line_1_45' title="bbox 303 4510 1593 4574; baseline 0.002 -15"><span class='ocrx_word' id='word_1_471' title='bbox 303 4511 388 4561; x_wconf 83' lang='lat' dir='ltr'>cilium</span> <span class='ocrx_word' id='word_1_472' title='bbox 407 4511 456 4574; x_wconf 79' lang='lat' dir='ltr'>Bs</span> <span class='ocrx_word' id='word_1_473' title='bbox 470 4519 494 4560; x_wconf 89' lang='lat' dir='ltr'>et</span> <span class='ocrx_word' id='word_1_474' title='bbox 514 4512 664 4562; x_wconf 86' lang='lat' dir='ltr'>domuncula</span> <span class='ocrx_word' id='word_1_475' title='bbox 683 4512 838 4562; x_wconf 83' lang='lat' dir='ltr'>domicilium</span> <span class='ocrx_word' id='word_1_476' title='bbox 858 4513 900 4560; x_wconf 80' lang='lat' dir='ltr'>Pa</span> <span class='ocrx_word' id='word_1_477' title='bbox 918 4526 933 4560; x_wconf 87' lang='lat' dir='ltr'>a</span> <span class='ocrx_word' id='word_1_478' title='bbox 949 4512 1076 4562; x_wconf 82' lang='lat' dir='ltr'>domicilio</span> <span class='ocrx_word' id='word_1_479' title='bbox 1094 4511 1135 4560; x_wconf 77' lang='lat' dir='ltr'>rael</span> <span class='ocrx_word' id='word_1_480' title='bbox 1149 4510 1300 4562; x_wconf 89' lang='lat' dir='ltr'>domunculo</span> <span class='ocrx_word' id='word_1_481' title='bbox 1316 4511 1473 4560; x_wconf 86' lang='lat' dir='ltr'>domicilium</span> <span class='ocrx_word' id='word_1_482' title='bbox 1491 4524 1518 4566; x_wconf 88' lang='grc' dir='ltr'>ς.</span> <span class='ocrx_word' id='word_1_483' title='bbox 1536 4512 1593 4574; x_wconf 68' lang='lat' dir='ltr'>sor·</span> 
     </span>
     <span class='ocr_line' id='line_1_46' title="bbox 302 4579 1594 4646; baseline -0.002 -15"><span class='ocrx_word' id='word_1_484' title='bbox 302 4591 370 4632; x_wconf 80' lang='lat' dir='ltr'>tasse</span> <span class='ocrx_word' id='word_1_485' title='bbox 388 4580 442 4631; x_wconf 92' lang='lat' dir='ltr'>eolo</span> <span class='ocrx_word' id='word_1_486' title='bbox 460 4580 632 4646; x_wconf 85' lang='lat' dir='ltr'>domicilium,</span> <span class='ocrx_word' id='word_1_487' title='bbox 651 4597 725 4630; x_wconf 89' lang='lat' dir='ltr'>cerno</span> <span class='ocrx_word' id='word_1_488' title='bbox 745 4583 908 4644; x_wconf 87' lang='lat' dir='ltr'>silicernium,</span> <span class='ocrx_word' id='word_1_489' title='bbox 926 4590 950 4630; x_wconf 91' lang='lat' dir='ltr'>et</span> <span class='ocrx_word' id='word_1_490' title='bbox 967 4591 1025 4631; x_wconf 84' lang='lat' dir='ltr'>ante</span> <span class='ocrx_word' id='word_1_491' title='bbox 1045 4583 1126 4643; x_wconf 87' lang='lat' dir='ltr'>itium,</span> <span class='ocrx_word' id='word_1_492' title='bbox 1145 4595 1186 4631; x_wconf 87' lang='lat' dir='ltr'>sto</span> <span class='ocrx_word' id='word_1_493' title='bbox 1205 4579 1340 4631; x_wconf 84' lang='lat' dir='ltr'>solstitium</span> <span class='ocrx_word' id='word_1_494' title='bbox 1360 4581 1485 4630; x_wconf 87' lang='lat' dir='ltr'>iustitium</span> <span class='ocrx_word' id='word_1_495' title='bbox 1560 4580 1594 4629; x_wconf 66' lang='grc'>93</span> 
     </span>
     <span class='ocr_line' id='line_1_47' title="bbox 303 4649 1599 4711; baseline -0.002 -10"><span class='ocrx_word' id='word_1_496' title='bbox 303 4665 392 4701; x_wconf 78' lang='lat' dir='ltr'>euerso</span> <span class='ocrx_word' id='word_1_497' title='bbox 409 4651 576 4700; x_wconf 88' lang='lat' dir='ltr'>euerriculum</span> <span class='ocrx_word' id='word_1_498' title='bbox 595 4665 716 4708; x_wconf 67' lang='lat' dir='ltr'>setrerso</span> <span class='ocrx_word' id='word_1_499' title='bbox 736 4652 904 4702; x_wconf 88' lang='lat' dir='ltr'>euersiculom</span> <span class='ocrx_word' id='word_1_500' title='bbox 920 4651 957 4701; x_wconf 86' lang='lat' dir='ltr'>Pt</span> <span class='ocrx_word' id='word_1_501' title='bbox 974 4660 1060 4701; x_wconf 89' lang='lat' dir='ltr'>euerto</span> <span class='ocrx_word' id='word_1_502' title='bbox 1076 4651 1242 4702; x_wconf 88' lang='lat' dir='ltr'>euertieulnm</span> <span class='ocrx_word' id='word_1_503' title='bbox 1253 4650 1278 4700; x_wconf 90' lang='lat' dir='ltr'><em>B</em></span> <span class='ocrx_word' id='word_1_504' title='bbox 1295 4659 1383 4701; x_wconf 84' lang='lat' dir='ltr'>auerte</span> <span class='ocrx_word' id='word_1_505' title='bbox 1399 4649 1599 4711; x_wconf 74' lang='lat' dir='ltr'>auertieulums</span> 
     </span>
    </p>

    <p class='ocr_par' dir='ltr' id='par_1_6' title="bbox 303 4719 1593 4928">
     <span class='ocr_line' id='line_1_48' title="bbox 370 4719 1593 4788; baseline -0.001 -18"><span class='ocrx_word' id='word_1_506' title='bbox 370 4721 404 4770; x_wconf 80' lang='lat'>²5</span> <span class='ocrx_word' id='word_1_507' title='bbox 422 4719 514 4787; x_wconf 89' lang='lat' dir='ltr'>vincio]</span> <span class='ocrx_word' id='word_1_508' title='bbox 532 4722 606 4771; x_wconf 89' lang='lat' dir='ltr'>uinco</span> <span class='ocrx_word' id='word_1_509' title='bbox 622 4719 647 4769; x_wconf 93' lang='lat' dir='ltr'><em>B</em></span> <span class='ocrx_word' id='word_1_510' title='bbox 717 4721 751 4772; x_wconf 78' lang='lat' dir='ltr'>ab</span> <span class='ocrx_word' id='word_1_511' title='bbox 770 4721 828 4772; x_wconf 87' lang='lat' dir='ltr'>item</span> <span class='ocrx_word' id='word_1_512' title='bbox 848 4723 873 4770; x_wconf 89' lang='lat' dir='ltr'>in</span> <span class='ocrx_word' id='word_1_513' title='bbox 893 4736 948 4769; x_wconf 91' lang='lat' dir='ltr'>men</span> <span class='ocrx_word' id='word_1_514' title='bbox 965 4736 1026 4786; x_wconf 81' lang='lat' dir='ltr'>rego</span> <span class='ocrx_word' id='word_1_515' title='bbox 1046 4723 1157 4788; x_wconf 81' lang='lat' dir='ltr'>regimen</span> <span class='ocrx_word' id='word_1_516' title='bbox 1176 4731 1235 4787; x_wconf 79' lang='lat' dir='ltr'>tego</span> <span class='ocrx_word' id='word_1_517' title='bbox 1249 4730 1353 4786; x_wconf 80' lang='lat' dir='ltr'>tegmen</span> <span class='ocrx_word' id='word_1_518' title='bbox 1372 4730 1397 4770; x_wconf 84' lang='lat' dir='ltr'>et</span> <span class='ocrx_word' id='word_1_519' title='bbox 1415 4729 1474 4769; x_wconf 84' lang='lat' dir='ltr'>ante</span> <span class='ocrx_word' id='word_1_520' title='bbox 1490 4721 1593 4770; x_wconf 83' lang='lat' dir='ltr'>enudas</span> 
     </span>
     <span class='ocr_line' id='line_1_49' title="bbox 303 4790 1592 4855; baseline 0.001 -18"><span class='ocrx_word' id='word_1_521' title='bbox 303 4791 373 4838; x_wconf 89' lang='lat' dir='ltr'>euel</span> <span class='ocrx_word' id='word_1_522' title='bbox 394 4791 400 4837; x_wconf 92' lang='lat' dir='ltr'>i</span> <span class='ocrx_word' id='word_1_523' title='bbox 420 4790 629 4855; x_wconf 81' lang='lat' dir='ltr'>praecedentibus</span> <span class='ocrx_word' id='word_1_524' title='bbox 647 4791 723 4840; x_wconf 87' lang='lat' dir='ltr'>etiam</span> <span class='ocrx_word' id='word_1_525' title='bbox 743 4799 769 4841; x_wconf 90' lang='lat' dir='ltr'>nt</span> <span class='ocrx_word' id='word_1_526' title='bbox 781 4807 872 4842; x_wconf 88' lang='lat' dir='ltr'>uereor</span> <span class='ocrx_word' id='word_1_527' title='bbox 890 4793 1048 4842; x_wconf 87' lang='lat' dir='ltr'>uerecundos</span> <span class='ocrx_word' id='word_1_528' title='bbox 1062 4793 1140 4841; x_wconf 85' lang='lat' dir='ltr'>rubeo</span> <span class='ocrx_word' id='word_1_529' title='bbox 1159 4790 1316 4843; x_wconf 84' lang='lat' dir='ltr'>rubicundos</span> <span class='ocrx_word' id='word_1_530' title='bbox 1332 4791 1399 4853; x_wconf 88' lang='lat' dir='ltr'>quod</span> <span class='ocrx_word' id='word_1_531' title='bbox 1415 4790 1423 4838; x_wconf 93' lang='lat' dir='ltr'>i</span> <span class='ocrx_word' id='word_1_532' title='bbox 1439 4805 1487 4855; x_wconf 88' lang='lat' dir='ltr'>pro</span> <span class='ocrx_word' id='word_1_533' title='bbox 1503 4805 1520 4838; x_wconf 88' lang='lat' dir='ltr'>e</span> <span class='ocrx_word' id='word_1_534' title='bbox 1538 4807 1592 4839; x_wconf 86' lang='lat' dir='ltr'>ser-</span> 
     </span>
     <span class='ocr_line' id='line_1_50' title="bbox 303 4858 1541 4928; baseline 0.003 -21"><span class='ocrx_word' id='word_1_535' title='bbox 303 4859 372 4908; x_wconf 89' lang='lat' dir='ltr'>uauit</span> <span class='ocrx_word' id='word_1_536' title='bbox 390 4861 415 4912; x_wconf 86' lang='lat' dir='ltr'><em>P</em></span> <span class='ocrx_word' id='word_1_537' title='bbox 483 4860 699 4927; x_wconf 69' lang='lat' dir='ltr'>supersuuntur</span> <span class='ocrx_word' id='word_1_538' title='bbox 720 4861 743 4910; x_wconf 92' lang='lat' dir='ltr'><em>B</em></span> <span class='ocrx_word' id='word_1_539' title='bbox 811 4861 846 4913; x_wconf 87' lang='grc'>30</span> <span class='ocrx_word' id='word_1_540' title='bbox 864 4858 1031 4928; x_wconf 86' lang='lat' dir='ltr'>transeuntia]</span> <span class='ocrx_word' id='word_1_541' title='bbox 1053 4863 1160 4912; x_wconf 88' lang='lat' dir='ltr'>transire</span> <span class='ocrx_word' id='word_1_542' title='bbox 1179 4861 1203 4911; x_wconf 90' lang='lat' dir='ltr'><em>B</em></span> <span class='ocrx_word' id='word_1_543' title='bbox 1272 4861 1304 4912; x_wconf 83' lang='lat' dir='ltr'>at</span> <span class='ocrx_word' id='word_1_544' title='bbox 1319 4859 1465 4910; x_wconf 81' lang='lat' dir='ltr'>uerbialiter</span> <span class='ocrx_word' id='word_1_545' title='bbox 1482 4859 1541 4911; x_wconf 84' lang='lat' dir='ltr'>BP</span> 
     </span>
    </p>
   </div>
   <div class='ocr_carea' id='block_1_5' title="bbox 0 0 1680 5442">
    <p class='ocr_par' dir='ltr' id='par_1_7' title="bbox 0 0 1680 5442">
     <span class='ocr_line' id='line_1_51' title="bbox 0 0 1680 5442; baseline 0 2"><span class='ocrx_word' id='word_1_546' title='bbox 0 0 1680 5442; x_wconf 95' lang='lat' dir='ltr'> </span> 
     </span>
    </p>
   </div>
  </div>
 </body>
</html>
