3350 5442
326 381 389 446 570
757 382 811 443 DE¹
830 381 953 444 ovans
976 380 1183 444 Nouthmvs

325 587 407 651 quae
434 563 553 628 nullius
582 564 680 650 pretii
707 565 913 628 aestimanda
940 574 1032 645 sunt,
1062 549 1219 649 conplura
1244 582 1328 646 quae
1349 580 1410 623 nec
1430 559 1553 623 tradita
1573 559 1612 622 ab

325 665 397 731 aliis
421 675 453 731 et
473 665 562 730 haud
585 664 683 730 dubie
705 665 748 729 ab
770 665 953 752 antiquiore
975 675 1109 730 auctore
1129 665 1233 753 petita
1254 672 1331 727 sunt
1352 660 1497 727 exhibet.

409 769 479 833 Iam
507 790 585 833 vero
614 765 654 830 de
682 776 814 831 auctore
843 789 863 831 a
889 790 953 854 quo
982 767 1122 853 scriptor
1148 767 1208 829 has
1231 763 1436 849 antiquitatis
1459 761 1611 849 reliquias

325 871 451 957 accepit
473 872 535 934 etsi
557 868 637 932 nihil
659 877 747 934 certo
770 869 956 933 confirmari
976 878 1100 955 potest,
1130 877 1238 932 tamen
1260 865 1445 953 conparatis
1467 866 1509 928 iis
1531 887 1612 950 quac

325 995 345 1036 a
373 972 505 1058 reliquis
537 970 760 1055 grammaticis
782 970 906 1035 tradita
931 980 1008 1035 sunt
1029 969 1154 1036 nullum
1181 979 1259 1055 puto
1281 967 1422 1033 inveniri
1444 989 1547 1050 posse,
1571 967 1611 1029 ad

324 1096 421 1159 quem
442 1071 551 1159 potius
579 1071 637 1136 illa
664 1072 848 1137 referantur
876 1096 973 1160 quam
996 1072 1155 1158 Caprum,
1186 1073 1239 1135 cui
1261 1068 1404 1155 plurima
1425 1091 1509 1154 quac
1528 1091 1611 1130 nunc

325 1175 412 1260 apud
434 1174 662 1259 grammaticos
686 1173 727 1237 de
742 1173 851 1239 dubiis
872 1175 1039 1240 nominum
1060 1172 1234 1258 generibus
1257 1171 1380 1258 scripta
1400 1169 1536 1255 legimus
1560 1169 1609 1232 de

291 1307 298 1327 ι
324 1279 394 1342 beri
427 1274 514 1340 haud
548 1275 754 1360 inprobabile
786 1286 847 1340 cst.
891 1299 968 1340 nam
994 1277 1028 1340 in
1055 1275 1218 1361 excerptis
1247 1271 1322 1337 Iulii
1355 1272 1493 1336 Romani
1525 1271 1611 1357 apud

325 1377 527 1457 Charisium',
556 1378 590 1440 in
617 1376 778 1440 Prisciani
807 1376 916 1460 libris,
944 1377 979 1441 in
1011 1377 1111 1475 Nqnii
1137 1376 1244 1462 capite
1271 1374 1369 1442 tertio
1391 1373 1478 1460 quod
1502 1383 1553 1436 est
1574 1373 1609 1436 de

324 1479 512 1544 indiscretis
534 1480 724 1564 generibus,
748 1481 781 1543 in
803 1478 973 1544 catholicis
995 1478 1112 1560 Probi,
1140 1479 1174 1540 in
1197 1477 1304 1541 Servii
1326 1479 1560 1542 commentario
1580 1475 1609 1536 in

324 1580 525 1665 Vergilium,
549 1580 688 1668 denique
709 1580 743 1644 in
766 1581 866 1667 Capri
888 1579 971 1644 libro
994 1581 1035 1645 de
1057 1578 1290 1664 orthographia
1310 1579 1367 1664 qui
1388 1577 1489 1662 vulgo
1510 1577 1609 1640 fertm

323 1680 426 1746 multa
448 1681 600 1767 leguntur
621 1671 769 1762 nomina,
797 1705 880 1768 quae
902 1683 1021 1770 partim
1041 1681 1158 1746 iisdem
1181 1679 1339 1767 exemplis
1361 1681 1521 1765 adpositis
1541 1700 1608 1764 par·

325 1783 382 1847 tim
405 1782 589 1848 substitutis
612 1783 685 1848 aliis
707 1785 742 1848 in
763 1784 849 1848 hunc
872 1807 1001 1871 quoque
1022 1783 1143 1848 librum
1164 1791 1297 1868 recepta
1318 1789 1404 1845 sunt.
1426 1802 1607 1868 quareque

262 1965 264 1970 Ι
325 1887 444 1950 certius
468 1884 508 1948 de
530 1885 584 1950 illo
600 1907 759 1950 consensu
780 1894 947 1951 constaret
968 1895 1002 1950 et
1023 1885 1064 1950 de
1086 1885 1249 1950 communi
1271 1883 1362 1948 fonte
1382 1881 1522 1946 iudicari
1542 1904 1608 1966 pos-

324 1996 389 2071 set,
417 1985 503 2051 locos
531 1987 817 2071 grammaticorum
845 2010 925 2074 quos
955 1987 1026 2052 dixi
1057 1987 1205 2052 subiecta
1226 1985 1436 2052 adnotatione
1457 1982 1607 2048 indicavi.

322 2111 518 2175 quamquam
539 2088 636 2153 facile
657 2089 753 2176 plura
774 2089 934 2170 adscribi,
957 2112 1023 2154 non
1037 2088 1129 2153 nulla
1142 2088 1242 2152 etiam
1257 2109 1339 2173 quae
1353 2086 1450 2172 posui
1471 2087 1607 2150 fortasse

322 2191 443 2254 rectius
473 2191 578 2255 omitti
606 2191 753 2277 potuisse
776 2193 856 2255 scie.
901 2214 944 2255 ex
969 2189 1033 2255 illis
1056 2191 1158 2275 igitur
1178 2189 1400 2274 grammaticis
1422 2187 1527 2251 Iulius
1549 2187 1606 2250 Ro

321 2313 436 2355 manus
459 2291 589 2378 saepius
606 2291 748 2378 Capsum
770 2293 928 2358 nominat.
956 2291 1144 2357 Priscianus
1160 2302 1269 2357 autem
1284 2314 1324 2356 ea
1344 2311 1429 2377 quae
1450 2290 1485 2352 in
1500 2289 1607 2376 quinto

321 2392 405 2457 libro
429 2393 469 2457 de
491 2393 665 2477 generibus
687 2394 855 2459 nominum
877 2395 1007 2481 scripsit
1028 2395 1116 2480 apud
1139 2393 1283 2481 Caprum
1305 2403 1339 2458 et
1360 2391 1449 2477 apud
1470 2389 1607 2454 Probum

324 2493 365 2559 de
397 2493 507 2559 dubiis
539 2494 714 2580 generibus
742 2497 884 2560 inveniri
910 2496 958 2561 ait
985 2520 1018 2583 p.
1043 2495 1200 2577 111,14,
1234 2493 1431 2578 eosdemque
1463 2501 1607 2557 auctores

322 2595 420 2660 etiam
446 2595 480 2660 in
513 2594 646 2683 reliquis
674 2594 766 2662 libris
795 2599 925 2684 saepius
954 2596 1113 2684 appellat,
1141 2619 1225 2684 quae
1253 2596 1385 2661 videtur
1406 2616 1509 2658 causa
1528 2615 1607 2672 esse,

321 2719 379 2760 cur
400 2697 556 2782 conplura
577 2721 661 2784 quae
683 2697 771 2784 apud
793 2711 868 2763 eum
890 2700 1014 2786 scripta
1035 2709 1111 2764 sunt
1131 2721 1205 2763 eum
1227 2696 1395 2762 catholicis
1418 2696 1518 2760 Probi
1539 2717 1609 2759 eon-

322 2799 473 2864 sentiant.
517 2799 659 2863 Nonium
687 2823 817 2887 quoque
844 2811 977 2888 propter
1004 2802 1074 2866 eius
1101 2823 1175 2864 eum
1202 2799 1371 2864 Prisciano
1400 2808 1434 2862 et
1460 2796 1607 2861 Charisio

321 2921 515 2966 consensum
530 2900 638 2988 Capro
653 2923 748 2965 usum
768 2923 840 2966 esse
861 2914 955 2988 puto,
978 2924 1173 2989 quamquam
1188 2901 1345 2965 Hertzius
1367 2899 1477 2964 annal.
1498 2897 1607 2985 philol.

270 3065 271 3070 ,
320 3025 396 3068 nov.
418 3025 447 3066 a.
474 3003 555 3067 1862
576 3026 607 3089 p.
632 3003 693 3067 186
721 3025 785 3068 non
813 3004 900 3069 hunc
925 3005 1050 3089 ipsum,
1075 3003 1134 3068 sed
1155 3003 1298 3068 Probum
1320 3026 1340 3066 a
1362 3003 1474 3088 Capro⁴
1497 3009 1608 3087 postea

321 3105 521 3190 exscriptum
548 3105 618 3168 eius
646 3095 818 3169 auctorem
837 3106 941 3170 fuisse
968 3105 1083 3171 voluit.
1127 3107 1186 3170 sed
1207 3125 1291 3189 quac
1313 3103 1357 3167 ad
1379 3103 1463 3166 hanc
1486 3112 1607 3167 senten·

320 3206 401 3268 tiam
423 3205 675 3270 confirmandam
698 3206 809 3271 attulit
830 3207 872 3272 ab
895 3208 935 3271 iis
951 3230 1034 3294 quae
1056 3206 1097 3271 de
1113 3208 1223 3293 Capro
1243 3203 1368 3270 tradita
1387 3213 1467 3268 sunt
1488 3204 1607 3268 dissen·
1665 3196 1666 3273 l

320 3306 435 3372 tientia
462 3305 550 3370 haud
577 3305 644 3372 scio
672 3330 714 3372 an
741 3309 862 3372 rectius
891 3309 1126 3394 posterioribus
1155 3308 1391 3392 grammaticis,
1420 3308 1476 3393 qui
1504 3307 1607 3369 minus

215 3401 222 3424 ⁸
321 3417 471 3473 accurate
499 3407 587 3474 illius
615 3409 795 3474 doctrinam
818 3412 1048 3498 sequebantur,
1070 3433 1169 3496 quam
1191 3409 1299 3495 Capro
1321 3408 1425 3472 multa
1446 3430 1489 3473 ex
1510 3409 1605 3472 Probi

319 3509 420 3595 copiis
443 3510 606 3576 omittenti
628 3512 820 3576 tribuamus.
851 3512 969 3578 deinde
984 3513 1128 3592 Servius,
1151 3513 1206 3598 qui
1229 3511 1269 3575 de
1292 3509 1400 3574 dubiis
1422 3510 1605 3574 nominibus

320 3611 492 3698 disputans
522 3612 665 3699 Caprum
692 3615 875 3678 nominavit
901 3617 936 3678 in
956 3612 1058 3698 Verg.
1081 3615 1164 3678 Aen.
1192 3611 1244 3684 IX
1272 3611 1349 3694 7093
1378 3610 1413 3674 X
1434 3611 1512 3692 344,
1536 3612 1606 3694 311,

320 3714 394 3795 788,
416 3712 511 3800 plura
532 3737 615 3798 quae
638 3715 679 3779 de
701 3714 815 3779 eadem
836 3738 873 3780 re
895 3715 997 3780 tradit
1019 3715 1145 3780 abhoc
1167 3714 1324 3802 petivisse
1345 3712 1489 3778 videtur.
1522 3713 1604 3778 deni·

320 3839 382 3902 que
405 3816 505 3901 Capri
531 3816 615 3880 liber
636 3819 691 3902 qui
713 3815 812 3902 vulgo
842 3817 976 3897 dicitur,
1005 3818 1068 3881 etsi
1094 3840 1159 3883 non
1186 3839 1207 3880 a
1229 3815 1337 3902 Capro
1365 3817 1522 3901 scriptus,
1546 3815 1603 3879 'sed

319 3916 420 3982 multo
447 3919 601 3982 inferiore
628 3928 773 4005 tempore
800 3921 987 4005 conpositus
1016 3914 1083 4000 est,
1116 3927 1227 3982 tamen
1258 3918 1419 4004 quaedam
1446 3940 1490 3981 ex
1520 3918 1603 3981 illius

318 4018 412 4083 libris
435 4031 590 4105 excerpta
612 4022 775 4085 continere
798 4023 868 4086 iure
890 4020 1043 4085 creditur.
1087 4041 1213 4106 exque
1235 4021 1334 4084 etiarn
1355 4018 1439 4085 illud
1461 4019 1602 4107 adparet,

300 4121 375 4184 diu
401 4119 489 4206 apud
516 4123 746 4205 grammaticos
775 4123 947 4187 duravisse
974 4121 1074 4207 Capri
1106 4124 1303 4188 memoriam.
1346 4122 1458 4207 itaque
1484 4132 1522 4185 ut
1551 4121 1601 4184 alii

270 4243 273 4246 ·
319 4223 521 4307 grammatici
544 4224 577 4288 in
599 4224 772 4308 generibus
795 4225 962 4292 nominum
985 4222 1178 4288 definiendis
1201 4222 1299 4309 Capri
1326 4223 1531 4309 potissimum
1552 4243 1601 4287 co·

318 4326 382 4412 piis
405 4325 455 4390 usi
478 4348 548 4389 esse
571 4326 741 4407 videntur,
765 4327 811 4390 ita
833 4349 907 4390 eum
929 4325 986 4412 qui
1006 4325 1092 4389 hunc
1115 4324 1156 4388 de
1178 4324 1287 4390 dubiis
1309 4324 1495 4390 nominibus
1517 4321 1600 4388 libel-

319 4424 385 4490 lum
413 4428 543 4511 scripsit
570 4448 634 4490 non
661 4427 805 4511 integros
834 4426 966 4514 quidem
987 4425 1075 4491 illius
1097 4425 1215 4508 libroS,
1243 4428 1299 4512 qui
1322 4449 1359 4490 eo
1382 4437 1526 4513 tempore
1547 4426 1599 4488 rix

320 4528 488 4610 extabant,
512 4528 570 4592 scd
593 4539 760 4615 excerpta,
783 4529 941 4614 equibus
964 4538 1113 4592 veterum
1134 4530 1328 4614 scriptorum
1350 4528 1500 4613 exempla
1519 4524 1599 4590 colli-

319 4638 423 4712 geret,
454 4628 645 4694 adhibuisse
675 4629 878 4694 crediderim.
925 4631 1056 4716 scripsit
1083 4640 1193 4695 autem
1220 4639 1295 4716 post
1317 4638 1457 4695 aetatem
1478 4627 1597 4709 Isidori,

319 4731 409 4794 cuius
432 4731 626 4796 mentionem
649 4731 726 4796 feeit
749 4757 779 4797 v.
803 4739 941 4810 lequmen
963 4755 995 4817 p.
1019 4732 1059 4796 85
1081 4731 1125 4795 H.
