3350 5442
323 339 383 403 188
891 339 1040 402 uuuvuu

347 447 506 503 utut-lot..

321 530 475 590 ‘inimicus
503 530 575 589 mibi
603 532 673 589 est’.
717 527 773 590 alia
796 529 992 590 accusativum
1019 535 1175 598 secuntur,
1206 547 1312 590 exosus
1340 527 1431 598 bella,
1461 530 1624 608 praescius

320 634 428 693 lutura.
474 633 548 692 baec
579 649 689 710 genera
722 619 884 710 ligurarum
919 641 997 693 suut.
1040 650 1108 692 nam
1137 628 1270 710 [quando
1297 632 1363 692 dico
1392 649 1497 692 exosus
1525 630 1622 700 bella,

319 736 474 814 praescius
494 732 608 813 lutura]
631 735 800 812 genetivum
822 732 995 795 naturaliter
1019 740 1129 803 tenent,
1154 735 1325 812 ‘praescius
1349 741 1394 794 est
1415 734 1622 794 futurorum’.

320 836 375 897 alia
399 843 469 898 sunt
494 855 570 916 quae
591 844 733 898 secuntur
755 837 930 906 ablativum,
955 835 1104 896 secundus
1127 835 1294 897 allomulo.
1326 835 1416 896 multa
1444 835 1511 896 vitia
1540 835 1624 895 fiunt

320 937 484 1020 [secundus
499 957 515 998 a
531 933 688 1018 Romulol:
712 938 800 999 bodie
821 941 860 999 ita
885 939 1000 1007 dicunt,
1024 937 1089 998 ‘ille
1112 939 1226 1017 primus
1249 938 1345 1006 sedet,
1369 936 1418 996 illc
1441 935 1482 996 illi
1505 955 1650 998 secun-s

320 1042 375 1102 dns
397 1045 467 1108 est’,
495 1049 566 1120 puta
594 1040 662 1101 ‘ille
690 1043 804 1120 primus
833 1040 946 1102 doctior
969 1047 1028 1109 cst,
1052 1037 1102 1099 ille
1123 1038 1166 1099 illi
1189 1041 1337 1101 secundus
1361 1037 1507 1121 [doctior]
1533 1043 1623 1106 est';

320 1142 513 1204 soloecismus
542 1150 594 1204 cst.
640 1142 782 1204 debemus
809 1145 887 1204 euim
916 1142 1017 1203 dicere
1040 1161 1098 1203 non
1122 1140 1184 1202 ‘illi
1207 1141 1355 1203 secundus
1378 1145 1449 1212 est',
1472 1141 1525 1202 sed
1552 1144 1624 1202 ‘sc-

320 1247 433 1307 cundus
454 1244 492 1304 ab
514 1245 579 1324 ipso
602 1247 673 1306 est'.
710 1244 784 1306 alter
806 1243 957 1306 similiter:
982 1262 1041 1304 non
1065 1261 1221 1323 possumus
1244 1244 1344 1304 dicere
1366 1243 1456 1304 ‘alter
1480 1253 1525 1305 est
1549 1243 1622 1312 illi'‚

319 1348 372 1408 sed
401 1346 493 1408 ‘alter
521 1353 567 1408 est
594 1345 631 1406 ab
653 1346 731 1407 illo'.
776 1346 832 1407 alia
855 1349 1012 1426 septimum
1035 1365 1136 1407 casum
1160 1353 1275 1416 tenent,
1299 1356 1332 1407 ut
1353 1355 1398 1407 est
1419 1346 1526 1426 dignus
1551 1367 1623 1408 mu·

320 1470 408 1520 nere,
431 1456 543 1510 mactus
565 1451 691 1535 viritute.
737 1449 810 1509 baec
832 1448 1007 1510 naturaliter
1029 1450 1186 1529 septimum
1207 1467 1309 1509 casum
1332 1455 1441 1510 tenent.
1478 1457 1622 1510 ceterum
1639 1467 1661 1504 ιο

320 1559 349 1613 et
371 1552 477 1631 dignus
498 1550 578 1611 illam
607 1570 671 1612 rem
699 1550 825 1630 legimus
854 1553 883 1611 in
907 1551 1065 1620 Terentio,
1099 1550 1249 1629 ‘diguus
1273 1571 1310 1612 es
1332 1570 1411 1612 vium
1435 1558 1497 1612 tua
1521 1552 1623 1611 reli-

318 1656 427 1732 gione
450 1653 602 1714 odium'.
627 1661 656 1714 et
678 1659 773 1713 macte
796 1654 903 1714 virtute
926 1653 1053 1714 dicimus
1076 1652 1257 1723 naturaliter,
1281 1653 1310 1713 id
1335 1662 1378 1714 est
1400 1655 1493 1731 magis
1517 1662 1621 1721 aucte,

216 1755 222 1766 ’
319 1762 454 1817 ‘inacte
488 1773 579 1816 nova
616 1758 756 1818 virtute
793 1760 919 1835 puer';
958 1763 1057 1816 tamen
1091 1754 1215 1834 legimus
1249 1766 1278 1816 et
1310 1763 1405 1818 macte
1434 1755 1552 1816 virtutis
1589 1758 1621 1814 in

318 1860 425 1930 Statio,

470 1968 587 2022 macte
610 1962 737 2031 animi,
761 1960 895 2038 dignus
917 1961 1035 2021 tantis
1058 1962 1119 2040 qui
1143 1960 1313 2021 crederis
1336 1963 1458 2023 armis.
1637 1977 1659 2016 rs

317 2065 436 2124 iuterim
460 2062 601 2124 naturalis
623 2082 678 2124 vox
701 2071 746 2123 est
768 2062 891 2140 ‘dignus
913 2065 1056 2123 munere'
1079 2067 1109 2122 et
1131 2063 1264 2123 ‘mactus
1286 2064 1418 2123 virtute’.

200 2179 258 2238 408,
272 2179 306 2228 28
403 2165 508 2226 Omnia
531 2167 650 2227 nomina
674 2164 801 2225 ablativo
823 2163 966 2242 singulari
994 2165 1124 2244 quinque
1146 2163 1252 2244 litteris
1275 2164 1427 2226 vocalibus
1449 2165 1620 2226 terminan-

104 2267 111 2282 '
200 2248 375 2329 ⁴95’²3tur.
420 2267 573 2345 genetivus
595 2261 721 2347 pluralis'
740 2275 770 2326 et
791 2267 905 2326 dativus
928 2275 957 2328 et
978 2266 1122 2328 ablativus
1144 2267 1174 2326 in
1205 2265 1416 2327 dubitationem
1440 2269 1564 2326 veniunt
1589 2277 1619 2328 et

318 2372 397 2430 varie
419 2369 615 2432 declinantur.
661 2369 779 2449 quando
801 2377 901 2430 autem
925 2368 969 2428 vol
997 2370 1036 2430 ita
1060 2368 1165 2428 velita
1189 2367 1385 2438 declinemus,
1414 2366 1621 2446 intellegimus

318 2491 354 2532 ex
376 2471 502 2533 ablativo
530 2471 697 2551 singulari!
727 2479 756 2532 et
778 2471 856 2532 bene
884 2472 1019 2534 lecerunt
1042 2470 1166 2531 Romani
1188 2469 1225 2530 ab
1248 2469 1374 2530 ablativo
1397 2469 1541 2548 singulari
1565 2489 1618 2532 su·
1633 2489 1657 2526 av

316 2593 400 2636 merc
421 2573 549 2653 regulas.
582 2593 637 2654 qua
660 2575 792 2634 ratione?
814 2574 952 2653 quoniam
976 2574 1030 2633 iste
1053 2573 1192 2653 proprius
1213 2575 1347 2651 ipsorum
1371 2581 1427 2632 est:
1451 2571 1618 2634 ablativum

318 2677 397 2737 eninr
420 2678 525 2738 Graeci
548 2694 608 2736 nou
631 2675 755 2746 babent,
778 2677 829 2738 sed
853 2675 986 2737 Romani.
1027 2673 1170 2736 debuerat
1192 2692 1263 2753 ergo
1288 2677 1293 2751 Ι
1319 2673 1417 2734 latinis
1439 2676 1619 2737 nominibus

317 2777 424 2840 latinus
452 2797 536 2839 casus
570 2777 688 2854 regulas
721 2779 801 2838 dare.
846 2777 958 2839 idcirco
987 2775 1024 2837 ab
1054 2778 1118 2857 ipso
1145 2775 1262 2855 regulas
1290 2775 1461 2847 sumebant,
1492 2797 1551 2838 uon
1580 2778 1618 2839 ab

317 2881 391 2941 aliis.
422 2879 566 2940 ablativus
587 2891 686 2940 autem
708 2879 865 2958 singularis
888 2881 1018 2961 quinque
1046 2878 1152 2939 litteris
1174 2881 1366 2949 terminatur,
1391 2897 1406 2939 a
1430 2898 1445 2940 e
1465 2881 1475 2939 i
1496 2900 1515 2941 o
1536 2900 1569 2940 u:
1590 2901 1617 2949 a,

318 2989 350 3042 ut
376 2983 473 3050 blusa;
502 2999 518 3042 c
547 2991 684 3062 correpto
713 2981 884 3062 aliquando,
914 2981 1072 3062 aliquando
1106 2980 1266 3061 producto,
1302 2989 1456 3061 correpto,
1488 2981 1526 3042 ab
1555 2983 1656 3044 hocs»

315 3086 443 3163 pariete,
468 3083 627 3164 producto,
651 3084 688 3145 ab
711 3085 766 3144 bac
789 3085 850 3153 dic;
874 3086 898 3153 i,
922 3086 1028 3164 puppi,
1054 3103 1087 3153 o,
1112 3083 1213 3152 docto,
1238 3101 1273 3152 u,
1297 3081 1333 3142 ab
1357 3082 1413 3158 lroc
1436 3101 1533 3144 versu.

217 3201 305 3259 434,8
402 3191 424 3248 ll
447 3187 623 3247 terminatus
644 3185 790 3247 ablativus
812 3189 980 3264 genetivum
996 3189 1025 3247 iu
1042 3204 1107 3246 rum
1124 3186 1227 3254 mittit,
1252 3185 1377 3246 dativum
1401 3195 1430 3246 et
1451 3185 1617 3248 ablativum

314 3290 345 3348 iu
368 3290 406 3358 is,
436 3288 474 3348 ab
501 3288 556 3348 bac
578 3289 659 3348 Musa
686 3289 836 3349 blusarum
865 3287 911 3348 bis
940 3295 969 3348 et
997 3286 1032 3349 ab
1056 3287 1101 3348 bis
1124 3287 1224 3348 illusis.
1267 3289 1418 3366 quaeritur
1441 3309 1500 3369 quo
1523 3291 1618 3351 modo

273 3429 278 3440 -
316 3390 448 3451 dicamus
470 3390 524 3450 dea
548 3390 686 3459 dearum,
717 3398 816 3451 utrum
846 3390 908 3450 deis
935 3409 972 3452 an
995 3389 1124 3451 deabus?
1152 3391 1193 3449 ait
1214 3390 1256 3448 sic
1278 3389 1423 3460 Donatus,
1449 3391 1617 3454 ‘debemus

316 3493 434 3572 quidem
455 3491 573 3571 regulas
595 3495 692 3572 sequi,
716 3492 778 3563 sed,
802 3511 840 3553 ne
863 3491 1078 3553 confundamus
1100 3489 1204 3552 serum
1228 3499 1257 3552 at
1279 3495 1392 3554 nescias
1414 3502 1515 3554 utrum
1539 3495 1654 3556 deosvo

315 3595 449 3656 dicamus
471 3613 508 3655 au
531 3593 616 3663 deas,
640 3596 683 3655 sic
705 3593 862 3656 admittere
886 3603 918 3656 ut
939 3594 1071 3654 dicamus
1094 3594 1214 3662 deabus,
1239 3613 1298 3654 non
1321 3603 1398 3665 arte,
1423 3596 1473 3656 sed
1497 3595 1616 3656 discer-

316 3697 407 3760 nendi
429 3713 516 3758 senus
538 3698 655 3758 causa'.
685 3695 742 3757 hoc
765 3697 838 3757 divit
860 3706 889 3758 et
911 3697 1051 3758 abstinuit
1072 3713 1104 3756 sc
1127 3716 1142 3756 a
1166 3715 1207 3766 re,
1232 3715 1320 3776 quam
1343 3695 1485 3758 debuerat
1500 3697 1617 3760 dicere.

316 3798 384 3880 quid
404 3800 494 3876 ergo?
516 3798 627 3878 ubique
642 3798 859 3860 observandum
884 3801 945 3860 esti
969 3801 992 3860 si
1016 3799 1071 3860 boc
1094 3805 1152 3868 est,
1177 3801 1201 3860 si
1224 3800 1362 3878 quoniam
1387 3801 1543 3860 contusum
1568 3809 1616 3862 cst

246 3973 251 3980 .
315 3909 345 3962 et
366 3901 551 3961 discretionis
578 3918 668 3960 sexus
695 3912 784 3962 causa
811 3910 959 3962 mutamus
987 3904 1055 3970 ista,
1085 3919 1145 3963 rron
1168 3909 1197 3961 te
1220 3901 1359 3980 permitto
1382 3883 1485 3961 dicere
1505 3902 1543 3963 ab
1567 3902 1616 3962 bis

314 4004 470 4074 llonranis,
494 4002 547 4064 sed
562 4001 764 4074 llomanabus,
789 4006 871 4083 quia,
896 4005 920 4064 si
936 4003 1046 4064 dixeris
1066 4003 1103 4063 ab
1124 4002 1171 4064 bis
1186 4004 1341 4072 llomauis,
1365 4005 1465 4064 nescio
1485 4000 1491 4086 Ι
1510 4013 1652 4065 utrumn

315 4104 495 4165 masculinos
517 4123 605 4165 senus
633 4107 671 4164 sit
699 4123 736 4166 an
766 4106 939 4174 leminiuus;
969 4121 1027 4166 uon
1052 4113 1079 4164 te
1102 4107 1241 4184 permitto
1264 4104 1364 4166 dicere
1386 4105 1423 4164 ab
1445 4106 1535 4185 ipsis,
1560 4107 1614 4168 sed
1664 4141 1665 4150 ,

315 4206 352 4266 ab
374 4205 508 4286 ipsabus,
532 4225 591 4266 non
615 4205 653 4266 ab
674 4209 752 4278 istis,
777 4208 829 4268 sed
854 4206 890 4266 ab
912 4205 1032 4268 istabus
1066 4209 1207 4268 contusus
1230 4215 1274 4266 est
1296 4227 1384 4268 sexus
1406 4215 1465 4269 tam
1487 4209 1518 4268 in
1542 4229 1614 4290 pro-

316 4307 483 4369 nominibus
510 4327 598 4388 quam
626 4310 657 4370 io
686 4309 864 4370 nominibus.
911 4311 951 4369 ait
973 4310 1015 4368 sic
1040 4307 1168 4378 Probus,
1192 4309 1271 4388 quod
1294 4329 1396 4370 verum
1420 4318 1478 4378 cst,
1502 4311 1613 4373 ‘debe-

382 4547 401 4599 5
423 4549 521 4612 primus
540 4589 566 4600 ..
587 4547 671 4599 sedet
690 4548 732 4599 illc
750 4548 775 4599 Α
794 4551 892 4614 primus
912 4547 956 4598 sed
976 4547 1018 4598 ille
1036 4549 1061 4599 B
1132 4549 1162 4599 ll
1186 4549 1214 4606 in
1227 4545 1364 4613 senentio]
1387 4549 1469 4602 Andr.
1490 4549 1514 4598 V
1533 4551 1559 4613 4,
1579 4552 1613 4604 37

388 4618 418 4668 12
432 4618 519 4668 odium
532 4632 579 4671 om.
594 4619 648 4670 Ac
699 4617 730 4670 13
746 4631 827 4670 macte
841 4619 912 4670 cca
928 4619 1058 4670 mactaA:
1077 4619 1156 4684 Verg.
1172 4619 1237 4672 Aen.
1249 4619 1317 4668 Vllll
1332 4619 1382 4671 611
1436 4620 1462 4668 iu
1480 4621 1561 4670 stacio
1572 4623 1613 4671 A:

319 4686 394 4736 Tbeb.
415 4687 504 4738 {1⁴95
574 4688 606 4738 21
627 4691 729 4754 proprie
748 4690 833 4741 Aac
901 4689 935 4740 13
954 4690 1088 4739 idcircuA
1107 4689 1240 4738 etidcirco
1259 4689 1330 4740 Bca
1402 4687 1437 4740 29
1456 4697 1539 4738 utrum
1563 4692 1613 4740 diis

317 4756 372 4806 AB
440 4757 474 4806 32
494 4758 878 4821 obstenditceeveguchG
946 4759 1022 4810 aas·
1045 4759 1223 4821 quonism,lv.
1243 4776 1265 4809 e.
1285 4759 1329 4808 sed
1352 4761 1472 4824 quoniam
1490 4759 1543 4810 BG

317 4828 351 4878 34
369 4829 487 4893 permitto
507 4827 578 4897 Btla
594 4830 716 4894 permittit
733 4832 758 4881 A
828 4829 862 4880 3⁸
882 4827 988 4896 Probus]
1007 4832 1085 4880 instit.
1105 4837 1157 4883 art.
1177 4844 1203 4892 p.
1218 4829 1261 4894 82,
1279 4829 1310 4882 16
