3350 5442
307 346 370 411 258
872 351 1026 412 rotarutt

332 469 353 510 p.
367 457 456 498 363-θὸ
470 456 491 496 L.

308 556 358 598 sus
387 545 416 597 et
444 537 632 616 participium
662 546 707 599 est
735 545 765 598 et
793 555 916 598 nomen:
944 539 970 598 si
997 538 1086 599 iaciat
1112 538 1262 599 incensior
1283 539 1521 609 incensissimus,
1544 540 1602 599 erit

306 657 430 708 nomem
458 641 483 699 si
505 647 604 700 autem
626 656 686 700 non
707 639 810 710 iaciat,
841 641 898 700 erit
918 641 1116 721 participium.
1161 642 1276 702 nomini
1298 643 1376 702 enim
1399 640 1508 702 accidit
1530 659 1600 701 con·

304 743 435 820 paratio,
459 743 616 821 participio
639 760 809 822 numquam.
855 759 928 820 ergo
948 741 1042 803 hahes
1064 742 1274 829 discretiones,
1298 751 1328 804 et
1348 741 1479 821 singulas
1500 743 1599 820 singu·

255 849 257 860 “
304 843 400 904 lorum
429 845 650 924 participiorum
680 851 710 904 et
742 861 917 905 communes
945 847 1087 907 omnium.
1133 845 1285 906 adeamus
1311 845 1416 915 modo,
1450 843 1522 923 quid
1555 852 1601 906 est

303 947 504 1026 participium.
1610 961 1623 998 a

387 1049 580 1128 Participium
611 1056 657 1109 est
688 1067 757 1129 pars
791 1050 935 1110 orationis
968 1049 1061 1122 dicta,
1095 1050 1173 1130 quod
1203 1056 1319 1131 partem
1346 1049 1444 1129 capiat
1470 1048 1600 1110 nominis

303 1159 476 1231 partemque
503 1149 597 1210 verbi.
642 1153 750 1232 recipit
772 1153 852 1212 enim
873 1171 890 1213 a
912 1152 1033 1212 nomine
1054 1170 1165 1231 genera
1188 1160 1218 1213 et
1245 1169 1347 1222 casus,
1369 1171 1387 1213 a
1409 1150 1502 1213 verbo
1524 1159 1599 1212 teru-

302 1271 376 1332 pora
403 1261 433 1312 et
459 1253 702 1330 significationes,
727 1252 764 1315 ab
785 1261 913 1332 utroque
941 1271 1099 1316 numerum
1121 1263 1151 1316 et
1172 1254 1308 1333 figuram.
1351 1271 1424 1332 ergo
1446 1271 1499 1314 sex
1520 1253 1598 1314 aeci-

302 1355 377 1415 dunt
397 1355 555 1434 participio
578 1357 642 1418 sine
665 1354 770 1426 dubio,
800 1355 859 1416 duo
885 1357 1007 1436 propria
1035 1358 1178 1427 nominis,
1206 1356 1266 1417 duo
1292 1357 1413 1436 propria
1441 1354 1540 1423 verbi,
1571 1363 1601 1415 et

302 1457 362 1517 duo
385 1459 552 1518 communia
577 1455 615 1518 ab
637 1465 764 1538 utroque
787 1459 892 1529 trahit,
916 1465 975 1519 mm
998 1476 1016 1518 a
1037 1459 1158 1520 nomine
1173 1475 1262 1536 quam
1282 1457 1414 1520 arerho.
1445 1457 1633 1518 uocamcso

301 1557 416 1638 singula
439 1558 601 1621 secundum
624 1561 754 1622 uomina.
1154 1559 1165 1572 '

182 1663 241 1726 416,
255 1667 288 1715 32
386 1661 502 1722 Genera
524 1661 686 1741 participiis
708 1661 847 1723 accidunt
871 1670 1011 1742 quattuor
1041 1669 1171 1734 tantum,
1194 1661 1390 1724 masculinum
1419 1662 1597 1723 femininum

300 1761 434 1824 neutrale
462 1771 491 1826 et
518 1781 676 1824 commune
704 1781 740 1823 ex
763 1762 858 1824 tribus
880 1763 1048 1843 generibus
1094 1773 1126 1825 et
1143 1783 1264 1844 semper
1284 1765 1357 1824 istae
1379 1763 1500 1844 reguiae
1522 1765 1598 1825 tinae

300 1873 382 1926 sunt:
411 1883 531 1944 semper
558 1865 754 1927 masculinum
781 1867 971 1947 participium
997 1868 1028 1925 in
1056 1885 1092 1929 us
1115 1869 1187 1938 exit,
1210 1867 1387 1928 femininum
1409 1868 1442 1928 iu
1464 1885 1498 1937 a,
1522 1885 1597 1928 neu·

299 1975 380 2028 trum
408 1969 438 2026 in
466 1985 516 2027 um
547 1963 681 2047 [semper
707 1967 790 2029 nuile
819 1975 943 2050 excepto
970 1968 1157 2050 participio]‚
1187 1987 1347 2030 commune
1374 1971 1406 2030 in
1435 1987 1491 2030 ans
1513 1976 1546 2029 et
1566 1970 1633 2029 ins

299 2086 366 2140 cns,
395 2069 426 2128 id
456 2079 501 2130 est
527 2071 704 2139 iuncis,
732 2088 792 2132 non
820 2079 854 2131 ut
880 2069 988 2131 habeat
1014 2089 1031 2131 a
1060 2079 1112 2132 aut
1138 2069 1246 2132 habeat
1266 2090 1298 2142 e,
1329 2070 1382 2132 sed
1406 2070 1410 2152 Ι
1433 2078 1467 2132 ut
1487 2069 1599 2132 habeat

299 2170 373 2232 duas
400 2179 613 2242 consonantem
641 2173 702 2232 sivo
731 2191 748 2232 a
775 2170 945 2242 antecedat,
974 2173 1036 2234 sive
1063 2191 1080 2233 e
1108 2173 1278 2244 antecedat,
1307 2173 1365 2233 hoc
1386 2190 1447 2233 non
1470 2175 1595 2251 cogites,

298 2273 350 2334 sed
380 2265 491 2335 tantum
520 2273 609 2335 morio
635 2272 701 2336 ilias
728 2273 802 2336 duas
831 2283 1039 2337 consonantes.
1083 2284 1119 2336 ut
1143 2282 1214 2356 puta
1242 2275 1326 2336 verbi
1354 2293 1440 2335 causa
1475 2275 1597 2336 audiurs

298 2375 395 2436 audita
425 2376 571 2446 auditum,
600 2375 732 2438 audiens.
778 2395 848 2438 nam
874 2395 1017 2457 praesens
1046 2379 1237 2458 participium
1257 2377 1350 2439 trium
1370 2393 1517 2454 generum
1539 2383 1595 2446 est,

297 2477 384 2540 aliter
413 2497 473 2540 non
501 2488 599 2559 potest
624 2479 752 2540 inveniri
781 2477 858 2558 apud
886 2478 1016 2541 Latinos.
1059 2478 1176 2540 nulium
1203 2486 1249 2540 est
1276 2480 1355 2539 enim
1383 2479 1464 2558 quod
1487 2477 1633 2539 irabeatto

298 2580 357 2641 duo
389 2597 513 2658 genera,
548 2581 600 2642 sed
628 2588 680 2642 aut
705 2579 903 2642 masculinum
931 2589 990 2653 est,
1018 2590 1053 2642 ut
1077 2581 1238 2660 legendus,
1267 2589 1317 2643 aut
1342 2580 1535 2650 femininum,
1563 2589 1598 2640 ut

296 2681 435 2761 legenda,
465 2691 515 2744 aut
542 2691 698 2753 neutrum,
727 2690 761 2743 ut
787 2681 961 2761 legendum,
990 2692 1041 2746 aut
1063 2702 1221 2746 commune
1243 2681 1398 2744 extribus
1419 2681 1595 2761 generibus,

297 2793 330 2844 ut
352 2793 398 2846 est
419 2785 531 2864 tegens.
569 2794 599 2846 et
620 2803 764 2865 praesens
786 2786 977 2867 participium
1001 2787 1056 2847 tria
1079 2787 1206 2847 sustinet
1228 2803 1337 2864 genera
1360 2784 1447 2846 simm
1470 2802 1595 2854 conexa,

296 2890 493 2966 praeteritum
515 2889 704 2967 participium
727 2888 783 2949 tria
806 2887 914 2958 divisa,
942 2888 1078 2950 futurum
1100 2889 1289 2969 participium
1311 2888 1368 2949 tria
1389 2885 1526 2948 similiter
1548 2887 1594 2947 rii·

295 2991 367 3048 risa.
412 3007 480 3050 nam
505 2989 623 3067 quando
647 2989 714 3050 dico
735 2988 853 3068 legens,
881 2991 936 3050 tria
957 3008 1069 3068 genera
1090 2997 1173 3059 sunt,
1195 2989 1298 3069 legens
1321 2991 1379 3059 vir,
1401 2987 1505 3066 legens
1526 3008 1594 3050 mu·
1607 3004 1634 3043 ὅ

295 3090 366 3159 tier,
395 3090 498 3169 legens
531 3093 721 3172 mancipium.
765 3109 782 3152 e
815 3093 967 3153 contrario
998 3094 1187 3171 participium
1219 3094 1416 3172 praeteritum
1448 3089 1596 3152 discernit

295 3211 404 3270 genus,
427 3190 523 3254 lectus
545 3193 621 3254 iacta
643 3192 769 3264 lectum,
794 3201 823 3254 et
845 3194 978 3254 futurum
1000 3195 1206 3274 participium,
1229 3195 1290 3255 sive
1305 3195 1336 3255 in
1352 3193 1408 3254 dus
1422 3200 1509 3254 exeat
1530 3195 1594 3255 sire

295 3297 324 3355 in
348 3314 413 3366 rus,
436 3294 581 3373 legendus
602 3295 727 3374 legenda
749 3295 925 3375 legendum,
950 3294 1081 3358 lecturus
1103 3295 1217 3358 iectura
1239 3296 1397 3357 lecturum.
1443 3296 1498 3356 ista
1521 3303 1595 3355 sunt

294 3413 404 3474 genera
426 3404 541 3458 tantum
563 3397 663 3458 modo.

193 3510 282 3573 417,3
379 3499 471 3561 Casus
493 3499 632 3561 accidunt
651 3501 815 3580 participiis
837 3507 894 3569 tot,
919 3509 989 3580 quot
1005 3501 1093 3561 etiam
1109 3499 1248 3562 accidunt
1262 3501 1389 3571 nomini,
1412 3499 1443 3560 id
1466 3507 1513 3560 est
1526 3518 1590 3570 sex,
1605 3517 1633 3555 m

178 3579 236 3637 ⁵¹3’
252 3579 396 3679 ¹⁶1egens
417 3600 542 3680 legentis
563 3600 675 3680 legenti
696 3601 844 3680 legentem
867 3601 969 3680 legens
988 3619 1004 3663 a
1026 3601 1153 3680 legente.
1198 3609 1228 3677 et
1249 3603 1317 3682 quia
1339 3601 1400 3663 dixi
1421 3619 1439 3661 a
1459 3599 1591 3680 legente,

293 3705 447 3782 quaeritur
469 3711 568 3765 utrum
591 3705 746 3784 partieipia
769 3706 800 3764 iu
822 3706 833 3764 i
856 3711 977 3772 exeant,
1000 3722 1038 3764 au
1060 3706 1090 3765 in
1113 3724 1139 3766 e.
1184 3705 1350 3785 quaesitum
1371 3712 1418 3766 est
1437 3704 1489 3765 diu
1511 3705 1593 3784 apud

293 3804 499 3888 artiigraphos.
545 3812 575 3867 et
601 3807 680 3866 seire
708 3805 800 3866 debes
827 3807 896 3886 quia
925 3825 1013 3866 omne
1042 3806 1234 3885 participium
1255 3807 1423 3886 praesentis
1443 3810 1592 3886 temporis

293 3926 309 3966 e
331 3909 519 3969 terminatur,
562 3909 587 3968 si
610 3904 727 3986 prando
748 3909 898 3969 inveneris
918 3909 929 3968 i
952 3908 1120 3978 terminari,
1144 3916 1195 3968 aut
1215 3909 1377 3970 necessitas
1397 3908 1469 3970 iacit
1488 3910 1591 3978 metri,

293 4016 345 4070 aut
366 4017 447 4071 certe
470 4011 609 4089 quoniam
632 4007 722 4069 habet
744 4011 952 4089 cognationem
975 4007 1044 4070 cum
1066 4010 1197 4070 nomine.
1234 4008 1273 4069 ab
1294 4007 1353 4070 hoc
1374 4007 1493 4087 legente
1515 4009 1590 4070 dici·
1604 4026 1633 4066 aa

292 4129 373 4183 mus,
403 4129 475 4190 ergo
502 4111 692 4192 participium
719 4119 772 4172 est.
818 4111 948 4173 diximus
975 4111 1055 4192 quod
1083 4129 1186 4172 amans
1212 4119 1243 4171 et
1269 4129 1379 4173 nomen
1400 4118 1500 4192 potest
1522 4131 1590 4172 esse

360 4282 374 4332 1
394 4290 419 4330 ct
435 4282 597 4348 participium
616 4290 654 4332 est
672 4287 697 4330 et
715 4296 805 4333 nomen
824 4283 867 4333 Ca
884 4291 910 4332 et
926 4281 1087 4347 participium
1103 4282 1152 4331 erit
1169 4297 1262 4332 nornen
1279 4283 1305 4330 A
1325 4289 1351 4333 et
1366 4281 1531 4349 participium
1549 4292 1589 4333 est

292 4361 316 4400 et
332 4366 425 4400 nomeu
444 4362 483 4401 est
497 4351 523 4402 B
611 4353 633 4401 si
648 4350 725 4402 faeiat
739 4351 787 4403 Ba
805 4352 827 4403 si
846 4351 908 4402 iacit
922 4351 978 4403 AG
1058 4353 1188 4418 iipartern
1206 4353 1292 4420 capiat
1308 4353 1419 4402 nominis
1435 4359 1589 4418 partemque

291 4423 363 4470 uerbi
380 4421 434 4473 BC
446 4429 544 4486 portem
558 4422 626 4487 capit
639 4423 750 4472 nominis
767 4431 865 4488 partem
880 4422 948 4488 cepit
962 4421 1036 4472 uerbi
1053 4423 1080 4472 A
1149 4422 1183 4474 tu
1201 4423 1271 4472 nulio
1284 4437 1332 4476 oar.
1350 4422 1391 4473 Gi
1449 4423 1589 4490 participio

291 4505 422 4541 commune
440 4493 465 4540 in
485 4507 532 4542 ans
551 4499 576 4541 et
593 4493 633 4560 (in
647 4506 693 4542 cus
709 4502 734 4543 et
750 4509 796 4545 om.
807 4492 846 4558 B)
863 4493 890 4542 in
905 4506 951 4542 ens
964 4492 1038 4542 BOa
1052 4492 1215 4558 perticipium
1229 4493 1256 4542 in
1273 4492 1367 4543 istisA
1421 4491 1589 4544 ltiidestin

290 4559 676 4614 netsGbidestnetsAB
730 4577 780 4613 non
795 4569 823 4611 ut
836 4561 1337 4626 hebeateAfflBOnoumhabetea
1390 4561 1588 4613 seduthabeas

289 4645 357 4684 corr.
378 4639 417 4682 -et
431 4632 457 4680 A
543 4631 576 4681 17
595 4634 650 4682 siue
668 4646 682 4681 c
701 4634 833 4683 antecedat
850 4634 907 4682 ciue
925 4647 940 4681 e
962 4633 1096 4682 antecedet
1113 4632 1186 4684 aea
1207 4634 1263 4683 siue
1284 4649 1301 4682 a
1322 4632 1473 4682 antecedant
1496 4633 1588 4683 since

289 4702 439 4751 antecedant
456 4701 481 4750 A
552 4701 586 4752 ²0
605 4702 678 4753 aliter
691 4717 738 4756 om.
758 4703 818 4764 Bc,
836 4704 864 4752 in
882 4717 964 4767 marg.
983 4702 1146 4767 campum,
1163 4703 1212 4753 aed
1225 4712 1318 4768 postea
1335 4703 1442 4752 deletum
1456 4710 1497 4754 m
1515 4704 1542 4753 in
1561 4706 1588 4754 A

358 4771 473 4820 inuenire
490 4771 516 4820 A
586 4772 892 4833 patrocinantium
909 4772 989 4822 ulium
1006 4773 1117 4824 esseGb
1186 4773 1269 4824 aaut
1286 4772 1336 4823 hoo
1351 4773 1453 4838 legente
1467 4772 1535 4824 aa*
1552 4774 1586 4824 ab

288 4839 337 4892 hcc
356 4841 450 4907 legenti
468 4841 523 4892 AO
