3350 5442
614 355 788 420 uuuvclu
1288 351 1352 418 513

1151 476 1172 518 p.
1186 464 1288 505 imi-⁰3
1299 463 1323 504 P.

66 547 171 619 tralia,
194 565 269 629 quae
292 564 351 606 non
373 546 525 624 accipiunt
546 563 562 604 r
583 543 722 615 litteram,
748 552 780 606 ut
801 545 874 605 cado
897 541 967 624 (non
989 545 1069 604 enim
1091 543 1219 606 dicimus
1240 544 1350 626 cador),

66 637 141 696 item
163 652 217 694 ruo
241 629 450 711 (nequeenim
473 630 600 692 dicimus
621 627 719 710 ruor),
749 631 826 690 facio
850 627 956 711 (neque
979 632 1059 691 enim
1081 630 1209 692 dicimus
1235 629 1351 710 facim),

66 723 141 780 item
166 717 297 796 fulgesco
319 718 443 776 mitesco
464 717 599 776 fervesco
621 713 736 793 algesco
758 723 896 796 torpesco
923 735 1069 794 conpesco
1097 719 1250 795 nigresco:
1280 717 1352 777 haec

65 807 164 865 omnia
191 823 208 864 r
235 802 364 863 litteram
393 819 451 862 non
481 800 592 862 habent
624 809 653 861 et
689 801 828 862 dicuntur
858 799 1004 862 neutralia
1039 799 1144 880 [rerba
1176 802 1351 872 inchoativa,

40 905 142 970 equae
172 895 280 950 exeunt
306 889 339 948 in
366 885 445 967 sco].
490 904 563 964 ergo
590 884 737 948 neutralia
763 887 938 948 memineris
964 905 1125 966 numquam
1152 887 1309 949 admittere
1336 905 1353 947 r

64 975 205 1037 litteram.

149 1076 313 1137 Remanent
340 1073 399 1134 duo
427 1073 484 1134 alia
512 1072 616 1144 rerba,
645 1092 721 1153 quae
744 1077 911 1135 communia
939 1074 1079 1134 dicuntur
1105 1081 1136 1134 ct
1163 1075 1350 1153 deponentia.

64 1162 116 1223 sed
139 1163 305 1222 communia
320 1159 389 1220 ideo
411 1159 561 1230 dicuntur,
585 1161 654 1237 quia
677 1161 873 1220 communiter
895 1159 983 1220 simul
1005 1167 1107 1219 tenent
1123 1159 1178 1219 sub
1200 1178 1259 1220 uno
1280 1178 1353 1221 sono

64 1250 193 1308 activum
208 1255 237 1306 et
252 1246 415 1325 passivum,
438 1262 497 1325 quo
518 1243 605 1305 modo
628 1245 658 1304 in
680 1243 852 1304 nominibus
872 1261 966 1322 genus
980 1262 1134 1305 commune
1152 1245 1261 1305 dicitur
1275 1245 1353 1325 quod

28 1336 52 1374 ¹⁰
64 1341 93 1393 et
115 1332 310 1393 masculinum
333 1337 413 1390 tenet
429 1336 458 1390 ct
473 1331 650 1390 femininum
665 1327 719 1389 sub
736 1347 795 1389 uno
812 1347 899 1399 sono,
922 1337 955 1389 ut
972 1329 1110 1390 sacerdos
1125 1330 1170 1390 vol
1186 1329 1287 1399 homo,
1304 1329 1353 1389 lric

65 1425 94 1477 et
109 1417 183 1477 haec
205 1414 344 1476 sacerdos
366 1415 451 1484 facit,
475 1413 524 1473 hic
547 1421 577 1474 et
598 1414 671 1474 haec
693 1414 790 1474 homo.
819 1416 864 1474 sic
879 1414 997 1476 ethaeo
1013 1413 1103 1475 rerba
1118 1415 1352 1475 dicunturcom·

65 1503 166 1563 numia
188 1507 218 1561 ct
244 1518 402 1579 numquam
431 1500 582 1579 deponunt
604 1518 619 1559 r
646 1498 790 1568 litteram,
814 1517 851 1559 ne
873 1518 933 1560 non
960 1502 1021 1561 sint
1043 1501 1149 1570 latina,
1172 1507 1204 1562 ut
1225 1500 1352 1569 osculor,

65 1590 89 1647 si
113 1586 199 1648 tollas
221 1605 236 1645 r
256 1585 386 1646 litteram
415 1594 444 1646 et
472 1584 553 1644 dicas
581 1584 695 1654 osculo,
724 1602 783 1644 non
811 1593 857 1645 est
883 1585 1016 1647 latinum.
1065 1593 1094 1645 et
1116 1585 1256 1654 dicimus,
1286 1603 1354 1644 cum

65 1673 195 1750 agimus,
230 1670 347 1731 osculor
375 1675 418 1740 te;
446 1669 516 1730 dum
544 1675 642 1730 autem
669 1671 798 1749 patimur
827 1676 858 1729 et
885 1670 923 1738 ab
952 1671 1011 1731 alio
1040 1671 1199 1740 allicimur,
1228 1669 1355 1729 dicimus

30 1760 52 1799 1⁵
66 1758 184 1818 osculor
206 1775 222 1816 a
245 1761 284 1815 te.
329 1756 373 1815 sic
396 1756 538 1814 criminor
562 1761 604 1824 te,
628 1773 686 1814 non
709 1756 852 1816 crimino:
880 1775 948 1816 curn
970 1757 1116 1816 actionem
1144 1756 1354 1832 significamus,

66 1843 163 1903 idest
190 1859 256 1901 cnm
282 1841 396 1900 crimen
424 1837 585 1908 obicimus,
621 1839 764 1900 criminor
793 1847 821 1900 te
851 1840 991 1911 dicimus;
1020 1859 1088 1901 cum
1115 1847 1215 1901 autem
1241 1840 1355 1900 crimen

68 1927 153 1988 nobis
182 1925 324 1995 obicitur,
354 1926 499 1985 criminor
521 1943 537 1984 a
559 1930 588 1983 te
611 1923 751 1994 dicimus,
778 1925 809 1985 id
832 1931 877 1985 est
898 1927 1011 1986 crimen
1034 1945 1051 1986 a
1072 1933 1102 1986 te
1125 1926 1227 1996 audio,
1259 1932 1356 1985 etesi

65 2013 241 2088 significatio
263 2011 389 2089 passiva.
424 2009 610 2070 declinantur
632 2018 729 2070 autern
753 2010 826 2070 baec
848 2009 953 2080 verba,
977 2017 1009 2071 ut
1030 2013 1193 2091 superiora,
1217 2029 1271 2090 per
1292 2029 1354 2070 mo-

66 2099 118 2156 dos
139 2104 272 2175 tempora
294 2113 446 2174 personas.
490 2102 624 2174 tempore
652 2097 802 2174 praesenti
824 2098 969 2156 criminor
991 2098 1160 2158 criminaris
1181 2096 1356 2156 criminatur

31 2183 257 2241 acriminamur
272 2180 471 2240 criminamini
494 2181 707 2249 criminantur,
730 2182 891 2259 praeterito
913 2183 1079 2260 inperfecto
1094 2179 1276 2242 criminabar
1297 2180 1354 2239 cri·

69 2264 229 2327 minabaris
250 2263 463 2325 criminabatur
486 2264 718 2325 criminabamur
740 2265 979 2328 criminabamini
1001 2265 1246 2336 criminabantur,
1269 2283 1355 2345 prae·

70 2354 157 2411 terito
179 2351 312 2430 perfecto
335 2351 511 2410 criminatus
532 2367 596 2410 sum
620 2357 718 2410 esest
742 2347 745 2429 l
769 2352 918 2428 criminati
940 2369 1042 2411 sumus
1062 2353 1136 2412 estis
1157 2358 1241 2421 sunt,
1270 2368 1355 2429 prae·

68 2437 156 2497 terito
177 2435 468 2516 plusquamperfecto
496 2436 671 2512 criminatus
693 2453 774 2496 eram
796 2453 863 2495 eras
884 2443 948 2496 erat
968 2438 1117 2497 criminati
1133 2455 1251 2496 cramus
1265 2437 1356 2494 eratis

68 2529 164 2590 erant,
194 2522 295 2581 futuro
322 2518 505 2580 criminabor
533 2519 741 2580 criminaberis
767 2520 976 2581 criminabitur
1002 2520 1228 2582 criminabimur
1255 2521 1356 2580 crimi-

33 2606 212 2666 2⁵nabimini
235 2603 482 2665 criminabuntur.
525 2607 719 2683 imperativus
741 2612 840 2666 autem
861 2606 966 2666 modus
988 2625 1106 2686 semper
1135 2609 1166 2666 in
1188 2606 1236 2666 his
1257 2603 1358 2664 verbis

68 2695 96 2752 in
120 2710 152 2752 re
176 2691 251 2761 exit,
275 2697 308 2751 ut
329 2690 410 2750 dicas
433 2691 592 2749 criminare
615 2689 713 2759 illum,
743 2690 772 2750 id
796 2697 842 2750 est
863 2693 977 2751 crimen
1003 2691 1047 2752 illi
1070 2693 1183 2770 ingere.
1228 2691 1356 2770 optativo

68 2776 152 2836 modo
175 2777 233 2846 sic,
257 2776 368 2836 utinam
390 2777 568 2835 criminarer
590 2776 792 2836 criminareris
814 2778 1026 2837 criminaretur
1047 2779 1276 2837 criminaremur
1297 2776 1356 2835 cri·

69 2861 256 2922 minaremini
284 2862 530 2929 criminarentur,
564 2861 727 2938 praeterito
760 2862 892 2939 perfecto
920 2863 1033 2922 utinam
1060 2864 1236 2922 criminatus
1262 2879 1358 2921 essem

68 2965 147 3007 esses
170 2952 250 3006 esset
271 2947 420 3006 criminati
443 2963 576 3005 essemus
597 2945 702 3005 essetis
724 2954 837 3025 essent,
866 2947 968 3007 futuro
993 2949 1108 3007 utinam
1135 2948 1277 3007 criminer
1298 2947 1356 3005 cri·

35 3041 58 3080 ³⁰
71 3033 193 3091 mineris
209 3031 386 3112 criminetur
402 3031 594 3090 criminemur
609 3031 808 3090 criminamini
824 3033 1030 3092 criminentur.
1067 3034 1254 3092 coniunctiro
1270 3030 1358 3090 modo

70 3135 134 3176 cum
157 3117 303 3176 criminer
324 3116 494 3175 crimineris
515 3116 691 3175 criminetur
712 3117 907 3176 criminemur
928 3119 1128 3178 crimincmini
1150 3119 1357 3184 criminentur,

70 3203 229 3280 praeterito
251 3199 415 3278 inperfecto
437 3218 503 3259 cum
533 3201 710 3260 criminarer
732 3203 937 3262 criminareris
958 3204 1169 3264 criminaretur
1184 3204 1358 3262 criminare·

70 3305 133 3346 mur
149 3285 388 3346 criminaremini
408 3286 652 3354 criminarentur,
676 3288 840 3364 praeterito
861 3288 996 3366 perfecto
1017 3306 1083 3348 cum
1107 3289 1282 3347 criminatus
1303 3288 1360 3346 sim

70 3373 108 3430 sis
130 3372 169 3431 sit
193 3371 344 3430 criminati
367 3371 461 3430 simus
483 3371 549 3430 sitis
571 3371 642 3439 sint,
672 3373 835 3450 praeterito
858 3373 1147 3452 plusquamperfecto
1169 3390 1237 3432 cum
1258 3372 1359 3431 crimi-

35 3467 58 3505 :c
73 3462 156 3516 natus
179 3472 276 3515 essem
299 3472 380 3514 esses
402 3461 481 3514 esset
502 3455 653 3515 criminati
676 3473 809 3515 essemus
831 3459 939 3516 essetis
961 3465 1074 3527 esseut,
1103 3464 1237 3535 tempore
1259 3456 1360 3515 futuro

72 3559 136 3600 cum
158 3541 333 3600 criminatus
355 3557 408 3598 ero
430 3541 491 3599 eris
513 3541 570 3599 erit
592 3540 740 3600 criminati
757 3542 869 3600 crimus
885 3542 969 3600 eritis
984 3550 1080 3603 crunt.
1126 3541 1212 3602 modo
1232 3541 1358 3606 infinito,

71 3643 155 3704 quem
178 3625 309 3684 (fiximus
330 3624 427 3684 nullas
449 3624 615 3701 significare
636 3643 793 3702 personas,
816 3626 889 3686 facit
910 3628 942 3686 in
963 3628 1113 3707 praesenti
1135 3626 1304 3694 criminari,
1328 3626 1359 3684 in

70 3712 231 3788 praeterito
254 3711 443 3769 criminatum
473 3727 553 3778 esse,
584 3711 614 3768 in
642 3710 742 3771 futuro
764 3711 955 3770 criminatum
979 3713 1028 3772 iri.
1077 3712 1113 3772 ad
1135 3712 1211 3772 hanc
1232 3710 1358 3770 formam

70 3796 235 3854 communia
258 3793 347 3855 verba
370 3792 533 3854 declinabis
555 3795 613 3862 sic,
637 3793 740 3853 hortor
762 3795 882 3855 osculor
903 3795 1041 3857 nidificor
1063 3797 1176 3856 iaculor
1191 3802 1272 3856 tutor
1289 3813 1358 3855 con·

37 3878 147 3939 rosolor
169 3887 288 3938 scrutor
310 3895 409 3938 moror
432 3880 552 3939 feneror
574 3879 724 3957 amplexor
746 3881 845 3949 furor,
875 3880 953 3941 unde
976 3889 1020 3942 est
1042 3883 1125 3942 furor
1146 3881 1257 3942 furaris
1279 3880 1358 3940 fura·

70 3972 129 4032 tur,
159 3965 287 4024 comitor
314 3963 455 4024 recordor
484 3966 661 4025 reminiscor
689 3972 849 4043 percontor
876 3967 975 4025 miuor
1002 3974 1103 4043 gestor
1129 3968 1229 4046 piscor
1250 3965 1360 4025 odoror

71 4066 198 4129 aucupor
221 4066 312 4108 venor
335 4048 517 4127 contemplor
540 4049 677 4127 speculor
699 4057 798 4110 sector
820 4069 946 4110 veneror
972 4051 1077 4129 dignor
1104 4069 1210 4132 precor
1231 4052 1359 4110 miseror

71 4134 155 4194 rarior
179 4131 224 4212 [id
249 4140 294 4194 est
316 4134 403 4193 fldem
426 4133 507 4214 dico]
532 4134 696 4195 calumnior
719 4142 749 4194 et
770 4135 845 4204 alia,
870 4154 946 4215 quae
974 4133 1142 4216 numlquam
1171 4137 1322 4214 deponunt
1343 4153 1360 4192 r

71 4219 209 4278 litteram.
245 4236 313 4278 narn
342 4221 367 4277 si
395 4218 560 4297 deponunt,
589 4219 678 4280 latina
702 4238 760 4280 non
783 4227 861 4281 sunt.
906 4223 973 4300 quis
995 4223 1074 4282 enim
1099 4222 1178 4282 dieat
1199 4222 1360 4280 reminisco

39 4310 117 4363 naut
139 4302 264 4364 recordo
287 4303 332 4363 vcl
355 4321 444 4382 preco
467 4303 512 4364 rel
535 4304 623 4381 digno
646 4305 692 4364 vel
720 4306 821 4366 secto?
858 4323 929 4384 ergo
950 4309 1123 4368 memineris
1147 4306 1221 4368 baec
1242 4322 1360 4383 semper

137 4577 154 4626 5
173 4575 321 4624 memineris
339 4590 440 4641 temper
461 4589 598 4638 numquam
617 4575 664 4630 ἲς
742 4574 836 4641 Squin
855 4583 880 4624 et
897 4578 1063 4627 communiter
1078 4577 1105 4626 F
1186 4578 1218 4628 14
1236 4575 1361 4626 efficimur

73 4651 95 4691 et
111 4644 221 4694 dicimus
239 4644 263 4693 F
315 4645 348 4696 26
363 4646 389 4695 id
406 4655 443 4696 est
461 4645 559 4695 crimini
574 4644 609 4693 illi
626 4645 742 4710 ingerere
759 4647 782 4694 F
848 4645 883 4697 36
900 4644 983 4712 erunt]
1004 4648 1070 4696 erint
1084 4647 1109 4695 F
1174 4645 1209 4698 39
1221 4647 1360 4697 declinabis

75 4727 136 4774 quae
155 4716 194 4764 nic
213 4714 237 4763 F
306 4716 425 4766 consulor
442 4717 468 4766 F
534 4714 568 4765 40
583 4728 667 4764 moror
685 4714 817 4766 Puteedius
830 4717 925 4765 morior
941 4717 988 4773 re
1041 4717 1180 4782 amplector
1198 4731 1231 4766 ex
1250 4714 1321 4765 furor
1339 4719 1365 4768 F

73 4783 334 4905 ampqutqrdetpfpror
349 4798 366 4842 ς
434 4787 469 4836 42
486 4785 580 4851 dignor
594 4799 688 4835 memor
703 4793 747 4834 aut
762 4801 887 4836 memoror
901 4801 996 4852 precor.
1008 4787 1130 4838 misereor
1147 4787 1228 4838 nudor
1244 4787 1325 4837 nudor
1340 4789 1363 4839 F

223 4869 237 4902 θ
279 4868 296 4911 5
