<?xml version="1.0" encoding="UTF-8"?>
<!DOCTYPE html PUBLIC "-//W3C//DTD XHTML 1.0 Transitional//EN"
    "http://www.w3.org/TR/xhtml1/DTD/xhtml1-transitional.dtd">
<html xmlns="http://www.w3.org/1999/xhtml" xml:lang="en" lang="en">
 <head>
  <title>
</title>
<meta http-equiv="Content-Type" content="text/html;charset=utf-8" />
  <meta name='ocr-system' content='tesseract 3.04.00' />
  <meta name='ocr-capabilities' content='ocr_page ocr_carea ocr_par ocr_line ocrx_word'/>
</head>
<body>
  <div class='ocr_page' id='page_1' title='image "./grammaticilatin02hagagoog_0324.png"; bbox 0 0 3350 5442; ppageno 0'>
   <div class='ocr_carea' id='block_1_1' title="bbox 638 338 1384 405">
    <p class='ocr_par' dir='ltr' id='par_1_1' title="bbox 638 338 1384 405">
     <span class='ocr_line' id='line_1_1' title="bbox 638 338 1384 405; baseline 0.001 -1"><span class='ocrx_word' id='word_1_1' title='bbox 638 342 834 404; x_wconf 78' lang='lat' dir='ltr'>EXOERPTA</span> <span class='ocrx_word' id='word_1_2' title='bbox 1320 338 1384 405; x_wconf 79' lang='lat'><strong>315</strong></span> 
     </span>
    </p>
   </div>
   <div class='ocr_carea' id='block_1_2' title="bbox 83 526 1386 1023">
    <p class='ocr_par' dir='ltr' id='par_1_2' title="bbox 83 526 1386 1023">
     <span class='ocr_line' id='line_1_2' title="bbox 87 526 1384 610; baseline -0.002 -16"><span class='ocrx_word' id='word_1_3' title='bbox 87 530 184 594; x_wconf 92' lang='lat' dir='ltr'><strong>cuius</strong></span> <span class='ocrx_word' id='word_1_4' title='bbox 207 530 259 595; x_wconf 91' lang='lat' dir='ltr'><strong>bis</strong></span> <span class='ocrx_word' id='word_1_5' title='bbox 282 529 371 593; x_wconf 87' lang='lat' dir='ltr'><strong>facta</strong></span> <span class='ocrx_word' id='word_1_6' title='bbox 393 538 443 594; x_wconf 89' lang='lat' dir='ltr'><strong>est</strong></span> <span class='ocrx_word' id='word_1_7' title='bbox 464 530 602 610; x_wconf 88' lang='lat' dir='ltr'><strong>mentio,</strong></span> <span class='ocrx_word' id='word_1_8' title='bbox 624 529 659 591; x_wconf 92' lang='lat' dir='ltr'><strong>in</strong></span> <span class='ocrx_word' id='word_1_9' title='bbox 681 536 823 593; x_wconf 89' lang='lat' dir='ltr'><strong>tractatu</strong></span> <span class='ocrx_word' id='word_1_10' title='bbox 846 526 887 592; x_wconf 90' lang='lat' dir='ltr'><strong>dc</strong></span> <span class='ocrx_word' id='word_1_11' title='bbox 908 527 1056 608; x_wconf 89' lang='lat' dir='ltr'><strong>nomine,</strong></span> <span class='ocrx_word' id='word_1_12' title='bbox 1073 537 1151 608; x_wconf 76' lang='lat' dir='ltr'><strong>pura</strong></span> <span class='ocrx_word' id='word_1_13' title='bbox 1172 535 1200 592; x_wconf 82' lang='lat' dir='ltr'><strong>si</strong></span> <span class='ocrx_word' id='word_1_14' title='bbox 1219 535 1384 607; x_wconf 66' lang='lat' dir='ltr'><strong>interroges</strong></span> 
     </span>
     <span class='ocr_line' id='line_1_3' title="bbox 87 631 1384 712; baseline -0.001 -16"><span class='ocrx_word' id='word_1_15' title='bbox 87 653 136 696; x_wconf 87' lang='lat' dir='ltr'><strong>me</strong></span> <span class='ocrx_word' id='word_1_16' title='bbox 158 639 260 697; x_wconf 70' lang='lat' dir='ltr'><strong>‘euius</strong></span> <span class='ocrx_word' id='word_1_17' title='bbox 281 631 413 712; x_wconf 80' lang='lat' dir='ltr'><strong>equus?’</strong></span> <span class='ocrx_word' id='word_1_18' title='bbox 435 635 600 710; x_wconf 81' lang='lat' dir='ltr'><em>respondeo</em></span> <span class='ocrx_word' id='word_1_19' title='bbox 621 635 674 695; x_wconf 81' lang='lat' dir='ltr'><strong>tibi</strong></span> <span class='ocrx_word' id='word_1_20' title='bbox 691 651 748 710; x_wconf 81' lang='lat' dir='ltr'><strong>per</strong></span> <span class='ocrx_word' id='word_1_21' title='bbox 767 636 934 709; x_wconf 64' lang='lat' dir='ltr'><strong>genetivum</strong></span> <span class='ocrx_word' id='word_1_22' title='bbox 954 650 1058 694; x_wconf 82' lang='lat' dir='ltr'><strong>casum</strong></span> <span class='ocrx_word' id='word_1_23' title='bbox 1080 634 1181 694; x_wconf 74' lang='lat' dir='ltr'><strong>domm</strong></span> <span class='ocrx_word' id='word_1_24' title='bbox 1193 635 1312 710; x_wconf 72' lang='lat' dir='ltr'><strong>Eroioii</strong></span> <span class='ocrx_word' id='word_1_25' title='bbox 1331 654 1384 695; x_wconf 87' lang='lat' dir='ltr'><strong>re-</strong></span> 
     </span>
     <span class='ocr_line' id='line_1_4' title="bbox 83 734 1386 821; baseline 0.002 -24"><span class='ocrx_word' id='word_1_26' title='bbox 83 742 148 812; x_wconf 71' lang='lat' dir='ltr'><strong>pis,</strong></span> <span class='ocrx_word' id='word_1_27' title='bbox 175 743 209 800; x_wconf 88' lang='lat' dir='ltr'><strong>at</strong></span> <span class='ocrx_word' id='word_1_28' title='bbox 231 735 271 800; x_wconf 89' lang='lat' dir='ltr'><strong>de</strong></span> <span class='ocrx_word' id='word_1_29' title='bbox 294 734 500 821; x_wconf 87' lang='lat' dir='ltr'>pronomine,</span> <span class='ocrx_word' id='word_1_30' title='bbox 523 739 590 796; x_wconf 80' lang='lat' dir='ltr'><strong>item</strong></span> <span class='ocrx_word' id='word_1_31' title='bbox 612 753 708 812; x_wconf 80' lang='lat' dir='ltr'><strong>quare</strong></span> <span class='ocrx_word' id='word_1_32' title='bbox 729 737 841 798; x_wconf 78' lang='lat' dir='ltr'><strong>dicitur</strong></span> <span class='ocrx_word' id='word_1_33' title='bbox 858 739 956 798; x_wconf 82' lang='lat' dir='ltr'><strong>minus</strong></span> <span class='ocrx_word' id='word_1_34' title='bbox 977 753 1068 811; x_wconf 78' lang='lat' dir='ltr'><strong>qaam</strong></span> <span class='ocrx_word' id='word_1_35' title='bbox 1085 734 1225 809; x_wconf 77' lang='lat' dir='ltr'><strong>finitum?</strong></span> <span class='ocrx_word' id='word_1_36' title='bbox 1250 756 1285 798; x_wconf 86' lang='lat' dir='ltr'><strong>eo</strong></span> <span class='ocrx_word' id='word_1_37' title='bbox 1305 740 1386 813; x_wconf 82' lang='lat' dir='ltr'><strong>qaod</strong></span> 
     </span>
     <span class='ocr_line' id='line_1_5' title="bbox 86 838 1383 916; baseline 0.001 -17"><span class='ocrx_word' id='word_1_38' title='bbox 86 843 125 900; x_wconf 82' lang='lat' dir='ltr'><strong>de</strong></span> <span class='ocrx_word' id='word_1_39' title='bbox 147 843 268 916; x_wconf 70' lang='lat' dir='ltr'><strong>coquito</strong></span> <span class='ocrx_word' id='word_1_40' title='bbox 294 841 463 901; x_wconf 76' lang='lat' dir='ltr'><strong>elabrente</strong></span> <span class='ocrx_word' id='word_1_41' title='bbox 488 855 619 914; x_wconf 82' lang='lat' dir='ltr'><strong>persono</strong></span> <span class='ocrx_word' id='word_1_42' title='bbox 640 842 760 914; x_wconf 80' lang='lat' dir='ltr'><strong>loquor,</strong></span> <span class='ocrx_word' id='word_1_43' title='bbox 783 845 815 899; x_wconf 84' lang='lat' dir='ltr'><strong>ut</strong></span> <span class='ocrx_word' id='word_1_44' title='bbox 832 846 909 915; x_wconf 80' lang='lat' dir='ltr'><strong>pata</strong></span> <span class='ocrx_word' id='word_1_45' title='bbox 931 839 1007 900; x_wconf 73' lang='lat' dir='ltr'><strong>‘scis</strong></span> <span class='ocrx_word' id='word_1_46' title='bbox 1027 840 1166 899; x_wconf 83' lang='lat' dir='ltr'><strong>domnam</strong></span> <span class='ocrx_word' id='word_1_47' title='bbox 1187 838 1383 916; x_wconf 72' lang='lat' dir='ltr'><strong>Eroioinm?&#39;</strong></span> 
     </span>
     <span class='ocr_line' id='line_1_6' title="bbox 86 931 1383 1023; baseline -0.001 -19"><span class='ocrx_word' id='word_1_48' title='bbox 86 945 176 1018; x_wconf 71' lang='lat' dir='ltr'><strong>‘ipse</strong></span> <span class='ocrx_word' id='word_1_49' title='bbox 196 951 239 1004; x_wconf 86' lang='lat' dir='ltr'><strong>est</strong></span> <span class='ocrx_word' id='word_1_50' title='bbox 256 947 400 1019; x_wconf 78' lang='lat' dir='ltr'><strong>princeps</strong></span> <span class='ocrx_word' id='word_1_51' title='bbox 421 943 618 1017; x_wconf 78' lang='lat' dir='ltr'><strong>Hisponr&#39;ae&#39;.</strong></span> <span class='ocrx_word' id='word_1_52' title='bbox 645 931 684 1001; x_wconf 57' lang='lat' dir='ltr'><strong>‘is</strong></span> <span class='ocrx_word' id='word_1_53' title='bbox 707 937 793 1001; x_wconf 89' lang='lat' dir='ltr'><strong>enim</strong></span> <span class='ocrx_word' id='word_1_54' title='bbox 816 937 858 1003; x_wconf 91' lang='lat' dir='ltr'><strong>ab</strong></span> <span class='ocrx_word' id='word_1_55' title='bbox 880 959 967 1001; x_wconf 89' lang='lat' dir='ltr'><strong>anno</strong></span> <span class='ocrx_word' id='word_1_56' title='bbox 988 937 1052 1001; x_wconf 88' lang='grc'><strong>680</strong></span> <span class='ocrx_word' id='word_1_57' title='bbox 1072 959 1176 1023; x_wconf 88' lang='lat' dir='ltr'><strong>usque</strong></span> <span class='ocrx_word' id='word_1_58' title='bbox 1198 938 1240 1002; x_wconf 92' lang='lat' dir='ltr'><strong>ad</strong></span> <span class='ocrx_word' id='word_1_59' title='bbox 1263 961 1383 1003; x_wconf 90' lang='lat' dir='ltr'><strong>annum</strong></span> 
     </span>
    </p>
   </div>
   <div class='ocr_carea' id='block_1_3' title="bbox 45 1038 1462 4904">
    <p class='ocr_par' dir='ltr' id='par_1_3' title="bbox 84 1038 1462 2149">
     <span class='ocr_line' id='line_1_7' title="bbox 85 1038 1383 1126; baseline 0 -21"><span class='ocrx_word' id='word_1_60' title='bbox 85 1043 149 1106; x_wconf 88' lang='grc'><strong>687</strong></span> <span class='ocrx_word' id='word_1_61' title='bbox 174 1064 312 1126; x_wconf 89' lang='lat' dir='ltr'><strong>regnum</strong></span> <span class='ocrx_word' id='word_1_62' title='bbox 334 1040 517 1106; x_wconf 79' lang='lat' dir='ltr'><strong>Gothorum</strong></span> <span class='ocrx_word' id='word_1_63' title='bbox 538 1038 720 1105; x_wconf 79' lang='lat' dir='ltr'><strong>obtinebat.</strong></span> <span class='ocrx_word' id='word_1_64' title='bbox 762 1039 797 1102; x_wconf 93' lang='lat' dir='ltr'><strong>in</strong></span> <span class='ocrx_word' id='word_1_65' title='bbox 819 1047 890 1103; x_wconf 86' lang='lat' dir='ltr'><strong>arte</strong></span> <span class='ocrx_word' id='word_1_66' title='bbox 911 1039 1084 1104; x_wconf 86' lang='lat' dir='ltr'><strong>tractanda</strong></span> <span class='ocrx_word' id='word_1_67' title='bbox 1104 1049 1214 1105; x_wconf 86' lang='lat' dir='ltr'><strong>autem</strong></span> <span class='ocrx_word' id='word_1_68' title='bbox 1235 1039 1383 1105; x_wconf 91' lang='lat' dir='ltr'><strong>Iulianus</strong></span> 
     </span>
     <span class='ocr_line' id='line_1_8' title="bbox 84 1140 1383 1228; baseline 0 -20"><span class='ocrx_word' id='word_1_69' title='bbox 84 1145 133 1208; x_wconf 90' lang='lat' dir='ltr'><strong>ita</strong></span> <span class='ocrx_word' id='word_1_70' title='bbox 160 1154 290 1209; x_wconf 85' lang='lat' dir='ltr'><strong>secutus</strong></span> <span class='ocrx_word' id='word_1_71' title='bbox 314 1151 364 1208; x_wconf 87' lang='lat' dir='ltr'><strong>est</strong></span> <span class='ocrx_word' id='word_1_72' title='bbox 379 1144 563 1223; x_wconf 84' lang='lat' dir='ltr'><strong>Donatum,</strong></span> <span class='ocrx_word' id='word_1_73' title='bbox 586 1149 624 1206; x_wconf 91' lang='lat' dir='ltr'><strong>ut</strong></span> <span class='ocrx_word' id='word_1_74' title='bbox 641 1140 770 1226; x_wconf 88' lang='lat' dir='ltr'><strong>integra</strong></span> <span class='ocrx_word' id='word_1_75' title='bbox 784 1141 853 1205; x_wconf 90' lang='lat' dir='ltr'><strong>cius</strong></span> <span class='ocrx_word' id='word_1_76' title='bbox 869 1141 973 1207; x_wconf 85' lang='lat' dir='ltr'><strong>verba</strong></span> <span class='ocrx_word' id='word_1_77' title='bbox 988 1150 1150 1227; x_wconf 83' lang='lat' dir='ltr'><strong>repeteret</strong></span> <span class='ocrx_word' id='word_1_78' title='bbox 1171 1141 1275 1228; x_wconf 89' lang='lat' dir='ltr'><strong>iisque</strong></span> <span class='ocrx_word' id='word_1_79' title='bbox 1290 1165 1383 1208; x_wconf 89' lang='lat' dir='ltr'><strong>suam</strong></span> 
     </span>
     <span class='ocr_line' id='line_1_9' title="bbox 85 1243 1384 1331; baseline 0.002 -23"><span class='ocrx_word' id='word_1_80' title='bbox 85 1245 333 1311; x_wconf 81' lang='lat' dir='ltr'><strong>adnotationem</strong></span> <span class='ocrx_word' id='word_1_81' title='bbox 355 1244 586 1331; x_wconf 87' lang='lat' dir='ltr'><strong>interponeret.</strong></span> <span class='ocrx_word' id='word_1_82' title='bbox 631 1252 664 1308; x_wconf 90' lang='lat' dir='ltr'><strong>at</strong></span> <span class='ocrx_word' id='word_1_83' title='bbox 685 1243 720 1306; x_wconf 92' lang='lat' dir='ltr'><strong>in</strong></span> <span class='ocrx_word' id='word_1_84' title='bbox 738 1265 778 1308; x_wconf 89' lang='lat' dir='ltr'><strong>ea</strong></span> <span class='ocrx_word' id='word_1_85' title='bbox 799 1243 933 1329; x_wconf 89' lang='lat' dir='ltr'><strong>quidem</strong></span> <span class='ocrx_word' id='word_1_86' title='bbox 954 1252 1047 1330; x_wconf 89' lang='lat' dir='ltr'><strong>parte</strong></span> <span class='ocrx_word' id='word_1_87' title='bbox 1070 1267 1153 1330; x_wconf 88' lang='lat' dir='ltr'><strong>quae</strong></span> <span class='ocrx_word' id='word_1_88' title='bbox 1176 1255 1227 1309; x_wconf 87' lang='lat' dir='ltr'><strong>est</strong></span> <span class='ocrx_word' id='word_1_89' title='bbox 1249 1245 1289 1309; x_wconf 90' lang='lat' dir='ltr'><strong>de</strong></span> <span class='ocrx_word' id='word_1_90' title='bbox 1311 1255 1384 1310; x_wconf 90' lang='lat' dir='ltr'><strong>octo</strong></span> 
     </span>
     <span class='ocr_line' id='line_1_10' title="bbox 85 1345 1385 1434; baseline 0.001 -22"><span class='ocrx_word' id='word_1_91' title='bbox 85 1347 239 1434; x_wconf 87' lang='lat' dir='ltr'><strong>partibus</strong></span> <span class='ocrx_word' id='word_1_92' title='bbox 262 1346 418 1412; x_wconf 89' lang='lat' dir='ltr'><strong>orationis</strong></span> <span class='ocrx_word' id='word_1_93' title='bbox 434 1347 544 1413; x_wconf 91' lang='lat' dir='ltr'><strong>omnia</strong></span> <span class='ocrx_word' id='word_1_94' title='bbox 563 1355 695 1432; x_wconf 87' lang='lat' dir='ltr'><strong>praeter</strong></span> <span class='ocrx_word' id='word_1_95' title='bbox 710 1345 945 1411; x_wconf 82' lang='lat' dir='ltr'><strong>declinationes</strong></span> <span class='ocrx_word' id='word_1_96' title='bbox 966 1345 1133 1410; x_wconf 83' lang='lat' dir='ltr'><strong>nominum</strong></span> <span class='ocrx_word' id='word_1_97' title='bbox 1155 1358 1188 1413; x_wconf 91' lang='lat' dir='ltr'><strong>et</strong></span> <span class='ocrx_word' id='word_1_98' title='bbox 1210 1347 1385 1413; x_wconf 88' lang='lat' dir='ltr'><strong>verborum</strong></span> 
     </span>
     <span class='ocr_line' id='line_1_11' title="bbox 85 1445 1384 1534; baseline 0.002 -22"><span class='ocrx_word' id='word_1_99' title='bbox 85 1445 135 1514; x_wconf 79' lang='lat' dir='ltr'><strong>sic</strong></span> <span class='ocrx_word' id='word_1_100' title='bbox 160 1459 198 1514; x_wconf 91' lang='lat' dir='ltr'><strong>ut</strong></span> <span class='ocrx_word' id='word_1_101' title='bbox 219 1451 254 1513; x_wconf 92' lang='lat' dir='ltr'><strong>in</strong></span> <span class='ocrx_word' id='word_1_102' title='bbox 280 1449 405 1513; x_wconf 90' lang='lat' dir='ltr'><strong>minore</strong></span> <span class='ocrx_word' id='word_1_103' title='bbox 427 1456 497 1512; x_wconf 88' lang='lat' dir='ltr'><strong>arte</strong></span> <span class='ocrx_word' id='word_1_104' title='bbox 520 1448 643 1534; x_wconf 89' lang='lat' dir='ltr'><strong>scripta</strong></span> <span class='ocrx_word' id='word_1_105' title='bbox 666 1457 759 1512; x_wconf 91' lang='lat' dir='ltr'><strong>erant</strong></span> <span class='ocrx_word' id='word_1_106' title='bbox 785 1448 926 1534; x_wconf 84' lang='lat' dir='ltr'><strong>repetita</strong></span> <span class='ocrx_word' id='word_1_107' title='bbox 947 1458 981 1512; x_wconf 86' lang='lat' dir='ltr'><strong>et</strong></span> <span class='ocrx_word' id='word_1_108' title='bbox 1002 1449 1153 1515; x_wconf 89' lang='lat' dir='ltr'><strong>subiecta</strong></span> <span class='ocrx_word' id='word_1_109' title='bbox 1174 1450 1384 1516; x_wconf 85' lang='lat' dir='ltr'><strong>adnotatione</strong></span> 
     </span>
     <span class='ocr_line' id='line_1_12' title="bbox 85 1549 1383 1638; baseline 0.002 -24"><span class='ocrx_word' id='word_1_110' title='bbox 85 1551 256 1617; x_wconf 87' lang='lat' dir='ltr'><strong>illustrata</strong></span> <span class='ocrx_word' id='word_1_111' title='bbox 282 1559 368 1614; x_wconf 87' lang='lat' dir='ltr'><strong>sunt.</strong></span> <span class='ocrx_word' id='word_1_112' title='bbox 413 1549 543 1632; x_wconf 88' lang='lat' dir='ltr'><strong>longius</strong></span> <span class='ocrx_word' id='word_1_113' title='bbox 571 1573 592 1614; x_wconf 91' lang='lat' dir='ltr'><strong>a</strong></span> <span class='ocrx_word' id='word_1_114' title='bbox 613 1551 744 1616; x_wconf 90' lang='lat' dir='ltr'><strong>Donato</strong></span> <span class='ocrx_word' id='word_1_115' title='bbox 772 1549 898 1615; x_wconf 86' lang='lat' dir='ltr'><strong>recedit</strong></span> <span class='ocrx_word' id='word_1_116' title='bbox 925 1550 1068 1615; x_wconf 88' lang='lat' dir='ltr'><strong>secunda</strong></span> <span class='ocrx_word' id='word_1_117' title='bbox 1096 1573 1172 1638; x_wconf 87' lang='lat' dir='ltr'><strong>pars</strong></span> <span class='ocrx_word' id='word_1_118' title='bbox 1201 1551 1242 1615; x_wconf 91' lang='lat' dir='ltr'><strong>de</strong></span> <span class='ocrx_word' id='word_1_119' title='bbox 1263 1550 1383 1616; x_wconf 85' lang='lat' dir='ltr'><strong>litteris</strong></span> 
     </span>
     <span class='ocr_line' id='line_1_13' title="bbox 85 1649 1384 1740; baseline 0.002 -23"><span class='ocrx_word' id='word_1_120' title='bbox 85 1663 118 1718; x_wconf 91' lang='lat' dir='ltr'><strong>et</strong></span> <span class='ocrx_word' id='word_1_121' title='bbox 147 1653 283 1740; x_wconf 89' lang='lat' dir='ltr'><strong>reliquis</strong></span> <span class='ocrx_word' id='word_1_122' title='bbox 311 1653 391 1718; x_wconf 87' lang='lat' dir='ltr'><strong>artis</strong></span> <span class='ocrx_word' id='word_1_123' title='bbox 419 1653 654 1737; x_wconf 81' lang='lat' dir='ltr'><strong>grammaticae</strong></span> <span class='ocrx_word' id='word_1_124' title='bbox 683 1649 868 1735; x_wconf 88' lang='lat' dir='ltr'><strong>elementis,</strong></span> <span class='ocrx_word' id='word_1_125' title='bbox 895 1652 930 1716; x_wconf 91' lang='lat' dir='ltr'><strong>in</strong></span> <span class='ocrx_word' id='word_1_126' title='bbox 958 1675 1024 1738; x_wconf 92' lang='lat' dir='ltr'><strong>qua</strong></span> <span class='ocrx_word' id='word_1_127' title='bbox 1046 1675 1110 1718; x_wconf 88' lang='lat' dir='ltr'><strong>non</strong></span> <span class='ocrx_word' id='word_1_128' title='bbox 1133 1651 1239 1717; x_wconf 86' lang='lat' dir='ltr'><strong>solum</strong></span> <span class='ocrx_word' id='word_1_129' title='bbox 1260 1655 1384 1719; x_wconf 89' lang='lat' dir='ltr'><strong>Donati</strong></span> 
     </span>
     <span class='ocr_line' id='line_1_14' title="bbox 85 1753 1384 1842; baseline 0 -20"><span class='ocrx_word' id='word_1_130' title='bbox 85 1756 194 1822; x_wconf 87' lang='lat' dir='ltr'><strong>verba</strong></span> <span class='ocrx_word' id='word_1_131' title='bbox 220 1754 409 1842; x_wconf 87' lang='lat' dir='ltr'><strong>plerumque</strong></span> <span class='ocrx_word' id='word_1_132' title='bbox 431 1753 466 1817; x_wconf 94' lang='lat' dir='ltr'><strong>in</strong></span> <span class='ocrx_word' id='word_1_133' title='bbox 486 1754 752 1838; x_wconf 85' lang='lat' dir='ltr'><strong>interrogationis</strong></span> <span class='ocrx_word' id='word_1_134' title='bbox 775 1765 807 1818; x_wconf 92' lang='lat' dir='ltr'><strong>et</strong></span> <span class='ocrx_word' id='word_1_135' title='bbox 829 1753 1051 1841; x_wconf 81' lang='lat' dir='ltr'><strong>responsionis</strong></span> <span class='ocrx_word' id='word_1_136' title='bbox 1079 1755 1219 1820; x_wconf 86' lang='lat' dir='ltr'><strong>formam</strong></span> <span class='ocrx_word' id='word_1_137' title='bbox 1240 1755 1384 1837; x_wconf 87' lang='lat' dir='ltr'><strong>redacta,</strong></span> 
     </span>
     <span class='ocr_line' id='line_1_15' title="bbox 86 1854 1385 1944; baseline 0 -22"><span class='ocrx_word' id='word_1_138' title='bbox 86 1859 144 1922; x_wconf 89' lang='lat' dir='ltr'><strong>sed</strong></span> <span class='ocrx_word' id='word_1_139' title='bbox 170 1858 265 1944; x_wconf 90' lang='lat' dir='ltr'><strong>plura</strong></span> <span class='ocrx_word' id='word_1_140' title='bbox 287 1856 385 1922; x_wconf 88' lang='lat' dir='ltr'><strong>etiam</strong></span> <span class='ocrx_word' id='word_1_141' title='bbox 407 1878 505 1942; x_wconf 89' lang='lat' dir='ltr'><strong>quam</strong></span> <span class='ocrx_word' id='word_1_142' title='bbox 526 1857 561 1920; x_wconf 91' lang='lat' dir='ltr'><strong>in</strong></span> <span class='ocrx_word' id='word_1_143' title='bbox 583 1854 716 1943; x_wconf 90' lang='lat' dir='ltr'><strong>reliquis</strong></span> <span class='ocrx_word' id='word_1_144' title='bbox 739 1855 889 1942; x_wconf 88' lang='lat' dir='ltr'><strong>partibus</strong></span> <span class='ocrx_word' id='word_1_145' title='bbox 911 1854 1044 1920; x_wconf 89' lang='lat' dir='ltr'><strong>aliunde</strong></span> <span class='ocrx_word' id='word_1_146' title='bbox 1066 1857 1180 1922; x_wconf 90' lang='lat' dir='ltr'><strong>addita</strong></span> <span class='ocrx_word' id='word_1_147' title='bbox 1201 1866 1286 1922; x_wconf 90' lang='lat' dir='ltr'><strong>sunt.</strong></span> <span class='ocrx_word' id='word_1_148' title='bbox 1309 1880 1385 1922; x_wconf 90' lang='lat' dir='ltr'><strong>nam</strong></span> 
     </span>
     <span class='ocr_line' id='line_1_16' title="bbox 86 1957 1384 2045; baseline 0.002 -21"><span class='ocrx_word' id='word_1_149' title='bbox 86 1969 165 2044; x_wconf 86' lang='lat' dir='ltr'><strong>post</strong></span> <span class='ocrx_word' id='word_1_150' title='bbox 191 1958 458 2024; x_wconf 87' lang='lat' dir='ltr'><strong>commentarium</strong></span> <span class='ocrx_word' id='word_1_151' title='bbox 486 1957 525 2023; x_wconf 92' lang='lat' dir='ltr'><strong>de</strong></span> <span class='ocrx_word' id='word_1_152' title='bbox 555 1957 692 2045; x_wconf 83' lang='lat' dir='ltr'><strong>syllabis</strong></span> <span class='ocrx_word' id='word_1_153' title='bbox 721 1957 869 2023; x_wconf 88' lang='lat' dir='ltr'><strong>adiectus</strong></span> <span class='ocrx_word' id='word_1_154' title='bbox 897 1967 948 2022; x_wconf 90' lang='lat' dir='ltr'><strong>est</strong></span> <span class='ocrx_word' id='word_1_155' title='bbox 976 1967 1135 2024; x_wconf 89' lang='lat' dir='ltr'><strong>tractatus</strong></span> <span class='ocrx_word' id='word_1_156' title='bbox 1162 1959 1203 2024; x_wconf 89' lang='lat' dir='ltr'><strong>de</strong></span> <span class='ocrx_word' id='word_1_157' title='bbox 1231 1959 1384 2026; x_wconf 90' lang='lat' dir='ltr'><strong>finalibus</strong></span> 
     </span>
     <span class='ocr_line' id='line_1_17' title="bbox 86 2059 1462 2149; baseline 0.004 -25"><span class='ocrx_word' id='word_1_158' title='bbox 86 2059 243 2148; x_wconf 81' lang='lat' dir='ltr'><strong>syllabis,</strong></span> <span class='ocrx_word' id='word_1_159' title='bbox 270 2061 307 2125; x_wconf 93' lang='lat' dir='ltr'><strong>in</strong></span> <span class='ocrx_word' id='word_1_160' title='bbox 333 2083 396 2148; x_wconf 90' lang='lat' dir='ltr'><strong>quo</strong></span> <span class='ocrx_word' id='word_1_161' title='bbox 426 2061 677 2127; x_wconf 88' lang='lat' dir='ltr'><strong>commentarius</strong></span> <span class='ocrx_word' id='word_1_162' title='bbox 708 2059 847 2126; x_wconf 85' lang='lat' dir='ltr'><strong>Maximi</strong></span> <span class='ocrx_word' id='word_1_163' title='bbox 869 2060 1032 2126; x_wconf 89' lang='lat' dir='ltr'><strong>Victorini</strong></span> <span class='ocrx_word' id='word_1_164' title='bbox 1060 2061 1116 2147; x_wconf 92' lang='lat' dir='ltr'><strong>qui</strong></span> <span class='ocrx_word' id='word_1_165' title='bbox 1138 2060 1244 2126; x_wconf 86' lang='lat' dir='ltr'><strong>fertur</strong></span> <span class='ocrx_word' id='word_1_166' title='bbox 1265 2065 1384 2149; x_wconf 89' lang='lat' dir='ltr'><strong>partim</strong></span> <span class='ocrx_word' id='word_1_167' title='bbox 1458 2132 1462 2142; x_wconf 73' lang='grc'><em>,</em></span> 
     </span>
    </p>

    <p class='ocr_par' dir='ltr' id='par_1_4' title="bbox 85 2160 1385 2250">
     <span class='ocr_line' id='line_1_18' title="bbox 85 2160 1385 2250; baseline 0.004 -23"><span class='ocrx_word' id='word_1_168' title='bbox 85 2166 119 2228; x_wconf 90' lang='lat' dir='ltr'><strong>in</strong></span> <span class='ocrx_word' id='word_1_169' title='bbox 143 2163 362 2250; x_wconf 90' lang='lat' dir='ltr'><strong>conpendium</strong></span> <span class='ocrx_word' id='word_1_170' title='bbox 383 2161 552 2245; x_wconf 88' lang='lat' dir='ltr'><strong>redactus,</strong></span> <span class='ocrx_word' id='word_1_171' title='bbox 576 2163 696 2248; x_wconf 89' lang='lat' dir='ltr'><strong>partim</strong></span> <span class='ocrx_word' id='word_1_172' title='bbox 723 2163 956 2228; x_wconf 87' lang='lat' dir='ltr'><strong>additamentis</strong></span> <span class='ocrx_word' id='word_1_173' title='bbox 979 2161 1099 2227; x_wconf 91' lang='lat' dir='ltr'><strong>Iuliani</strong></span> <span class='ocrx_word' id='word_1_174' title='bbox 1120 2160 1302 2250; x_wconf 86' lang='lat' dir='ltr'><strong>explicatus</strong></span> <span class='ocrx_word' id='word_1_175' title='bbox 1324 2175 1385 2232; x_wconf 88' lang='lat' dir='ltr'><strong>est.</strong></span> 
     </span>
    </p>

    <p class='ocr_par' dir='ltr' id='par_1_5' title="bbox 85 2263 1385 2352">
     <span class='ocr_line' id='line_1_19' title="bbox 85 2263 1385 2352; baseline 0.002 -22"><span class='ocrx_word' id='word_1_176' title='bbox 85 2267 119 2330; x_wconf 93' lang='lat' dir='ltr'><strong>in</strong></span> <span class='ocrx_word' id='word_1_177' title='bbox 150 2287 216 2352; x_wconf 93' lang='lat' dir='ltr'><strong>quo</strong></span> <span class='ocrx_word' id='word_1_178' title='bbox 245 2287 379 2352; x_wconf 87' lang='lat' dir='ltr'><strong>prorsus</strong></span> <span class='ocrx_word' id='word_1_179' title='bbox 408 2263 544 2330; x_wconf 89' lang='lat' dir='ltr'><strong>eandem</strong></span> <span class='ocrx_word' id='word_1_180' title='bbox 572 2266 747 2340; x_wconf 90' lang='lat' dir='ltr'><strong>rationem,</strong></span> <span class='ocrx_word' id='word_1_181' title='bbox 781 2286 847 2350; x_wconf 88' lang='lat' dir='ltr'><strong>qua</strong></span> <span class='ocrx_word' id='word_1_182' title='bbox 873 2264 908 2327; x_wconf 89' lang='lat' dir='ltr'><strong>in</strong></span> <span class='ocrx_word' id='word_1_183' title='bbox 935 2275 1006 2330; x_wconf 87' lang='lat' dir='ltr'><strong>arte</strong></span> <span class='ocrx_word' id='word_1_184' title='bbox 1032 2265 1157 2330; x_wconf 90' lang='lat' dir='ltr'><strong>Donati</strong></span> <span class='ocrx_word' id='word_1_185' title='bbox 1190 2267 1385 2352; x_wconf 88' lang='lat' dir='ltr'><strong>explicanda</strong></span> 
     </span>
    </p>

    <p class='ocr_par' dir='ltr' id='par_1_6' title="bbox 45 2367 1386 3475">
     <span class='ocr_line' id='line_1_20' title="bbox 45 2367 1384 2455; baseline 0.001 -23"><span class='ocrx_word' id='word_1_186' title='bbox 45 2389 47 2394; x_wconf 89' lang='lat'>·</span> <span class='ocrx_word' id='word_1_187' title='bbox 86 2391 168 2432; x_wconf 88' lang='lat' dir='ltr'><strong>usus</strong></span> <span class='ocrx_word' id='word_1_188' title='bbox 197 2378 264 2448; x_wconf 90' lang='lat' dir='ltr'><strong>est,</strong></span> <span class='ocrx_word' id='word_1_189' title='bbox 292 2369 440 2455; x_wconf 87' lang='lat' dir='ltr'><strong>sequitur</strong></span> <span class='ocrx_word' id='word_1_190' title='bbox 462 2376 565 2452; x_wconf 31' lang='lat' dir='ltr'><strong>,atque</strong></span> <span class='ocrx_word' id='word_1_191' title='bbox 593 2367 692 2432; x_wconf 90' lang='lat' dir='ltr'><strong>etiam</strong></span> <span class='ocrx_word' id='word_1_192' title='bbox 719 2367 888 2432; x_wconf 90' lang='lat' dir='ltr'><strong>Donatum</strong></span> <span class='ocrx_word' id='word_1_193' title='bbox 916 2376 1082 2453; x_wconf 89' lang='lat' dir='ltr'><strong>tamquam</strong></span> <span class='ocrx_word' id='word_1_194' title='bbox 1109 2377 1275 2433; x_wconf 87' lang='lat' dir='ltr'><strong>auctorem</strong></span> <span class='ocrx_word' id='word_1_195' title='bbox 1295 2369 1384 2434; x_wconf 90' lang='lat' dir='ltr'><strong>illius</strong></span> 
     </span>
     <span class='ocr_line' id='line_1_21' title="bbox 86 2468 1384 2558; baseline 0.002 -23"><span class='ocrx_word' id='word_1_196' title='bbox 86 2471 313 2538; x_wconf 85' lang='lat' dir='ltr'><strong>commentarii</strong></span> <span class='ocrx_word' id='word_1_197' title='bbox 340 2468 494 2557; x_wconf 89' lang='lat' dir='ltr'><strong>appellat.</strong></span> <span class='ocrx_word' id='word_1_198' title='bbox 537 2479 708 2556; x_wconf 87' lang='lat' dir='ltr'><strong>praeterea</strong></span> <span class='ocrx_word' id='word_1_199' title='bbox 737 2468 778 2532; x_wconf 92' lang='lat' dir='ltr'><strong>de</strong></span> <span class='ocrx_word' id='word_1_200' title='bbox 805 2468 963 2554; x_wconf 88' lang='lat' dir='ltr'><strong>pedibus,</strong></span> <span class='ocrx_word' id='word_1_201' title='bbox 986 2491 1183 2556; x_wconf 89' lang='lat' dir='ltr'><strong>quamquam</strong></span> <span class='ocrx_word' id='word_1_202' title='bbox 1204 2470 1285 2536; x_wconf 89' lang='lat' dir='ltr'><strong>haec</strong></span> <span class='ocrx_word' id='word_1_203' title='bbox 1307 2495 1384 2558; x_wconf 86' lang='lat' dir='ltr'><strong>quo·</strong></span> 
     </span>
     <span class='ocr_line' id='line_1_22' title="bbox 87 2570 1384 2660; baseline 0.001 -23"><span class='ocrx_word' id='word_1_204' title='bbox 87 2595 150 2659; x_wconf 90' lang='lat' dir='ltr'><strong>que</strong></span> <span class='ocrx_word' id='word_1_205' title='bbox 171 2594 250 2660; x_wconf 89' lang='lat' dir='ltr'><strong>pars</strong></span> <span class='ocrx_word' id='word_1_206' title='bbox 273 2571 356 2637; x_wconf 90' lang='lat' dir='ltr'><strong>sicut</strong></span> <span class='ocrx_word' id='word_1_207' title='bbox 377 2570 502 2657; x_wconf 87' lang='lat' dir='ltr'><strong>reliqua</strong></span> <span class='ocrx_word' id='word_1_208' title='bbox 516 2572 682 2637; x_wconf 87' lang='lat' dir='ltr'><strong>Donatum</strong></span> <span class='ocrx_word' id='word_1_209' title='bbox 705 2571 868 2658; x_wconf 88' lang='lat' dir='ltr'><strong>sequitur,</strong></span> <span class='ocrx_word' id='word_1_210' title='bbox 890 2579 997 2635; x_wconf 88' lang='lat' dir='ltr'><strong>tamen</strong></span> <span class='ocrx_word' id='word_1_211' title='bbox 1019 2570 1122 2637; x_wconf 94' lang='lat' dir='ltr'><strong>multo</strong></span> <span class='ocrx_word' id='word_1_212' title='bbox 1145 2571 1279 2636; x_wconf 88' lang='lat' dir='ltr'><strong>uberius</strong></span> <span class='ocrx_word' id='word_1_213' title='bbox 1301 2583 1384 2639; x_wconf 91' lang='lat' dir='ltr'><strong>trac-</strong></span> 
     </span>
     <span class='ocr_line' id='line_1_23' title="bbox 87 2671 1385 2760; baseline -0.002 -20"><span class='ocrx_word' id='word_1_214' title='bbox 87 2685 194 2741; x_wconf 87' lang='lat' dir='ltr'><strong>tatum</strong></span> <span class='ocrx_word' id='word_1_215' title='bbox 217 2682 249 2739; x_wconf 94' lang='lat' dir='ltr'><strong>et</strong></span> <span class='ocrx_word' id='word_1_216' title='bbox 269 2674 411 2738; x_wconf 80' lang='lat' dir='ltr'><strong>maxime</strong></span> <span class='ocrx_word' id='word_1_217' title='bbox 434 2673 474 2738; x_wconf 90' lang='lat' dir='ltr'><strong>da</strong></span> <span class='ocrx_word' id='word_1_218' title='bbox 495 2672 681 2738; x_wconf 86' lang='lat' dir='ltr'><strong>nominibus</strong></span> <span class='ocrx_word' id='word_1_219' title='bbox 696 2672 816 2759; x_wconf 92' lang='lat' dir='ltr'><strong>pedum</strong></span> <span class='ocrx_word' id='word_1_220' title='bbox 833 2671 1070 2759; x_wconf 87' lang='lat' dir='ltr'><strong>disyllaborum</strong></span> <span class='ocrx_word' id='word_1_221' title='bbox 1090 2682 1125 2737; x_wconf 90' lang='lat' dir='ltr'><strong>ct</strong></span> <span class='ocrx_word' id='word_1_222' title='bbox 1138 2672 1385 2760; x_wconf 83' lang='lat' dir='ltr'><strong>trisyllaborum</strong></span> 
     </span>
     <span class='ocr_line' id='line_1_24' title="bbox 87 2759 1385 2864; baseline 0.002 -24"><span class='ocrx_word' id='word_1_223' title='bbox 87 2777 253 2863; x_wconf 88' lang='lat' dir='ltr'><strong>copiosius</strong></span> <span class='ocrx_word' id='word_1_224' title='bbox 284 2759 470 2864; x_wconf 86' lang='lat' dir='ltr'><strong>expositum</strong></span> <span class='ocrx_word' id='word_1_225' title='bbox 498 2787 559 2841; x_wconf 88' lang='lat' dir='ltr'><strong>est.</strong></span> <span class='ocrx_word' id='word_1_226' title='bbox 602 2775 637 2839; x_wconf 92' lang='lat' dir='ltr'><strong>in</strong></span> <span class='ocrx_word' id='word_1_227' title='bbox 665 2775 763 2841; x_wconf 87' lang='lat' dir='ltr'><strong>tertia</strong></span> <span class='ocrx_word' id='word_1_228' title='bbox 790 2784 893 2862; x_wconf 70' lang='lat' dir='ltr'><strong>parte.</strong></span> <span class='ocrx_word' id='word_1_229' title='bbox 910 2776 1018 2861; x_wconf 90' lang='lat' dir='ltr'><strong>operis</strong></span> <span class='ocrx_word' id='word_1_230' title='bbox 1046 2775 1169 2860; x_wconf 89' lang='lat' dir='ltr'><strong>regulis</strong></span> <span class='ocrx_word' id='word_1_231' title='bbox 1192 2776 1315 2842; x_wconf 89' lang='lat' dir='ltr'><strong>Donati</strong></span> <span class='ocrx_word' id='word_1_232' title='bbox 1344 2776 1385 2842; x_wconf 90' lang='lat' dir='ltr'><strong>de</strong></span> 
     </span>
     <span class='ocr_line' id='line_1_25' title="bbox 86 2875 1384 2965; baseline 0.003 -24"><span class='ocrx_word' id='word_1_233' title='bbox 86 2879 178 2943; x_wconf 89' lang='lat' dir='ltr'><strong>vitiis</strong></span> <span class='ocrx_word' id='word_1_234' title='bbox 202 2887 235 2943; x_wconf 90' lang='lat' dir='ltr'><strong>et</strong></span> <span class='ocrx_word' id='word_1_235' title='bbox 255 2878 433 2944; x_wconf 86' lang='lat' dir='ltr'><strong>virtutibus</strong></span> <span class='ocrx_word' id='word_1_236' title='bbox 456 2876 611 2950; x_wconf 84' lang='lat' dir='ltr'><strong>orationis</strong></span> <span class='ocrx_word' id='word_1_237' title='bbox 634 2875 773 2943; x_wconf 87' lang='lat' dir='ltr'><strong>aliorum</strong></span> <span class='ocrx_word' id='word_1_238' title='bbox 794 2876 1098 2962; x_wconf 88' lang='lat' dir='ltr'><strong>grammaticorum,</strong></span> <span class='ocrx_word' id='word_1_239' title='bbox 1126 2879 1160 2942; x_wconf 93' lang='lat' dir='ltr'><strong>in</strong></span> <span class='ocrx_word' id='word_1_240' title='bbox 1187 2879 1302 2965; x_wconf 91' lang='lat' dir='ltr'><strong>primis</strong></span> <span class='ocrx_word' id='word_1_241' title='bbox 1324 2881 1384 2945; x_wconf 91' lang='lat' dir='ltr'><strong>Isi·</strong></span> 
     </span>
     <span class='ocr_line' id='line_1_26' title="bbox 88 2978 1385 3066; baseline 0.002 -21"><span class='ocrx_word' id='word_1_242' title='bbox 88 2981 177 3062; x_wconf 92' lang='lat' dir='ltr'><strong>dori,</strong></span> <span class='ocrx_word' id='word_1_243' title='bbox 209 2981 250 3046; x_wconf 90' lang='lat' dir='ltr'><strong>da</strong></span> <span class='ocrx_word' id='word_1_244' title='bbox 270 2980 388 3046; x_wconf 87' lang='lat' dir='ltr'><strong>iisdem</strong></span> <span class='ocrx_word' id='word_1_245' title='bbox 416 2979 514 3045; x_wconf 83' lang='lat' dir='ltr'><strong>rebus</strong></span> <span class='ocrx_word' id='word_1_246' title='bbox 537 2987 712 3066; x_wconf 89' lang='lat' dir='ltr'><strong>praecepta</strong></span> <span class='ocrx_word' id='word_1_247' title='bbox 734 2989 767 3045; x_wconf 87' lang='lat' dir='ltr'><strong>et</strong></span> <span class='ocrx_word' id='word_1_248' title='bbox 789 2978 940 3066; x_wconf 86' lang='lat' dir='ltr'><strong>exempla</strong></span> <span class='ocrx_word' id='word_1_249' title='bbox 962 3001 1003 3042; x_wconf 83' lang='lat' dir='ltr'><strong>ex</strong></span> <span class='ocrx_word' id='word_1_250' title='bbox 1025 2979 1119 3045; x_wconf 88' lang='lat' dir='ltr'><strong>libris</strong></span> <span class='ocrx_word' id='word_1_251' title='bbox 1141 2981 1243 3045; x_wconf 88' lang='lat' dir='ltr'><strong>saeris</strong></span> <span class='ocrx_word' id='word_1_252' title='bbox 1266 2980 1320 3046; x_wconf 86' lang='lat' dir='ltr'><strong>vel</strong></span> <span class='ocrx_word' id='word_1_253' title='bbox 1342 3004 1385 3047; x_wconf 81' lang='lat' dir='ltr'><strong>ex</strong></span> 
     </span>
     <span class='ocr_line' id='line_1_27' title="bbox 87 3080 1386 3169; baseline 0.001 -23"><span class='ocrx_word' id='word_1_254' title='bbox 87 3082 290 3148; x_wconf 87' lang='lat' dir='ltr'><strong>carminibus</strong></span> <span class='ocrx_word' id='word_1_255' title='bbox 320 3093 491 3169; x_wconf 87' lang='lat' dir='ltr'><strong>poetarum</strong></span> <span class='ocrx_word' id='word_1_256' title='bbox 519 3080 770 3146; x_wconf 89' lang='lat' dir='ltr'><strong>christianorum</strong></span> <span class='ocrx_word' id='word_1_257' title='bbox 791 3081 896 3169; x_wconf 89' lang='lat' dir='ltr'><strong>petita</strong></span> <span class='ocrx_word' id='word_1_258' title='bbox 915 3080 1031 3169; x_wconf 79' lang='lat' dir='ltr'><strong>addita</strong></span> <span class='ocrx_word' id='word_1_259' title='bbox 1052 3094 1139 3148; x_wconf 90' lang='lat' dir='ltr'><strong>sunt.</strong></span> <span class='ocrx_word' id='word_1_260' title='bbox 1183 3080 1324 3169; x_wconf 87' lang='lat' dir='ltr'><strong>denique</strong></span> <span class='ocrx_word' id='word_1_261' title='bbox 1346 3107 1386 3147; x_wconf 88' lang='lat' dir='ltr'><strong>ea</strong></span> 
     </span>
     <span class='ocr_line' id='line_1_28' title="bbox 88 3182 1384 3271; baseline 0.002 -23"><span class='ocrx_word' id='word_1_262' title='bbox 88 3207 172 3271; x_wconf 88' lang='lat' dir='ltr'><strong>quac</strong></span> <span class='ocrx_word' id='word_1_263' title='bbox 194 3185 229 3248; x_wconf 93' lang='lat' dir='ltr'><strong>in</strong></span> <span class='ocrx_word' id='word_1_264' title='bbox 251 3184 316 3248; x_wconf 89' lang='lat' dir='ltr'><strong>fine</strong></span> <span class='ocrx_word' id='word_1_265' title='bbox 336 3184 414 3250; x_wconf 90' lang='lat' dir='ltr'><strong>libri</strong></span> <span class='ocrx_word' id='word_1_266' title='bbox 436 3182 477 3248; x_wconf 89' lang='lat' dir='ltr'><strong>de</strong></span> <span class='ocrx_word' id='word_1_267' title='bbox 499 3183 611 3248; x_wconf 88' lang='lat' dir='ltr'><strong>metris</strong></span> <span class='ocrx_word' id='word_1_268' title='bbox 634 3183 756 3268; x_wconf 84' lang='lat' dir='ltr'><strong>scripta</strong></span> <span class='ocrx_word' id='word_1_269' title='bbox 777 3192 854 3248; x_wconf 92' lang='lat' dir='ltr'><strong>sunt</strong></span> <span class='ocrx_word' id='word_1_270' title='bbox 875 3184 996 3270; x_wconf 91' lang='lat' dir='ltr'><strong>partim</strong></span> <span class='ocrx_word' id='word_1_271' title='bbox 1011 3206 1054 3248; x_wconf 87' lang='lat' dir='ltr'><strong>ex</strong></span> <span class='ocrx_word' id='word_1_272' title='bbox 1067 3183 1205 3249; x_wconf 86' lang='lat' dir='ltr'><strong>Maximi</strong></span> <span class='ocrx_word' id='word_1_273' title='bbox 1219 3183 1384 3252; x_wconf 90' lang='lat' dir='ltr'><strong>Victorini</strong></span> 
     </span>
     <span class='ocr_line' id='line_1_29' title="bbox 88 3284 1385 3372; baseline 0.003 -23"><span class='ocrx_word' id='word_1_274' title='bbox 88 3286 172 3350; x_wconf 89' lang='lat' dir='ltr'><strong>libro</strong></span> <span class='ocrx_word' id='word_1_275' title='bbox 196 3286 236 3351; x_wconf 91' lang='lat' dir='ltr'><strong>de</strong></span> <span class='ocrx_word' id='word_1_276' title='bbox 258 3287 385 3364; x_wconf 87' lang='lat' dir='ltr'><strong>metris,</strong></span> <span class='ocrx_word' id='word_1_277' title='bbox 408 3308 505 3372; x_wconf 89' lang='lat' dir='ltr'><strong>quem</strong></span> <span class='ocrx_word' id='word_1_278' title='bbox 526 3285 668 3350; x_wconf 80' lang='lat' dir='ltr'><strong>maxime</strong></span> <span class='ocrx_word' id='word_1_279' title='bbox 689 3284 822 3350; x_wconf 88' lang='lat' dir='ltr'><strong>infimae</strong></span> <span class='ocrx_word' id='word_1_280' title='bbox 850 3285 967 3351; x_wconf 85' lang='lat' dir='ltr'><strong>aetatis</strong></span> <span class='ocrx_word' id='word_1_281' title='bbox 994 3286 1171 3372; x_wconf 88' lang='lat' dir='ltr'><strong>scriptores</strong></span> <span class='ocrx_word' id='word_1_282' title='bbox 1192 3288 1227 3351; x_wconf 91' lang='lat' dir='ltr'><strong>in</strong></span> <span class='ocrx_word' id='word_1_283' title='bbox 1248 3288 1385 3353; x_wconf 88' lang='lat' dir='ltr'><strong>metrica</strong></span> 
     </span>
     <span class='ocr_line' id='line_1_30' title="bbox 88 3384 1167 3475; baseline 0 -23"><span class='ocrx_word' id='word_1_284' title='bbox 88 3399 159 3454; x_wconf 87' lang='lat' dir='ltr'><strong>arte</strong></span> <span class='ocrx_word' id='word_1_285' title='bbox 182 3387 419 3475; x_wconf 77' lang='lat' dir='ltr'><strong>sequebantur,</strong></span> <span class='ocrx_word' id='word_1_286' title='bbox 439 3386 560 3474; x_wconf 89' lang='lat' dir='ltr'><strong>partim</strong></span> <span class='ocrx_word' id='word_1_287' title='bbox 581 3409 601 3450; x_wconf 93' lang='lat' dir='ltr'><strong>a</strong></span> <span class='ocrx_word' id='word_1_288' title='bbox 622 3384 734 3452; x_wconf 89' lang='lat' dir='ltr'><strong>Mallio</strong></span> <span class='ocrx_word' id='word_1_289' title='bbox 758 3387 932 3454; x_wconf 88' lang='lat' dir='ltr'><strong>Theodoro</strong></span> <span class='ocrx_word' id='word_1_290' title='bbox 954 3387 1059 3474; x_wconf 90' lang='lat' dir='ltr'><strong>petita</strong></span> <span class='ocrx_word' id='word_1_291' title='bbox 1080 3396 1167 3452; x_wconf 89' lang='lat' dir='ltr'><strong>sunt.</strong></span> 
     </span>
    </p>

    <p class='ocr_par' dir='ltr' id='par_1_7' title="bbox 68 3487 1439 4904">
     <span class='ocr_line' id='line_1_31' title="bbox 68 3487 1439 3579; baseline -0.001 -25"><span class='ocrx_word' id='word_1_292' title='bbox 68 3555 69 3562; x_wconf 64' lang='grc'>,</span> <span class='ocrx_word' id='word_1_293' title='bbox 173 3491 296 3555; x_wconf 87' lang='lat' dir='ltr'><strong>Totum</strong></span> <span class='ocrx_word' id='word_1_294' title='bbox 317 3489 439 3555; x_wconf 91' lang='lat' dir='ltr'><strong>librum</strong></span> <span class='ocrx_word' id='word_1_295' title='bbox 461 3488 558 3554; x_wconf 88' lang='lat' dir='ltr'><strong>edere</strong></span> <span class='ocrx_word' id='word_1_296' title='bbox 578 3487 694 3553; x_wconf 90' lang='lat' dir='ltr'><strong>inutile</strong></span> <span class='ocrx_word' id='word_1_297' title='bbox 717 3509 790 3553; x_wconf 88' lang='lat' dir='ltr'><strong>csse</strong></span> <span class='ocrx_word' id='word_1_298' title='bbox 809 3490 917 3554; x_wconf 90' lang='lat' dir='ltr'><strong>visum</strong></span> <span class='ocrx_word' id='word_1_299' title='bbox 939 3499 1000 3554; x_wconf 89' lang='lat' dir='ltr'><strong>est.</strong></span> <span class='ocrx_word' id='word_1_300' title='bbox 1029 3488 1182 3576; x_wconf 86' lang='lat' dir='ltr'><strong>pleraque</strong></span> <span class='ocrx_word' id='word_1_301' title='bbox 1198 3493 1284 3555; x_wconf 91' lang='lat' dir='ltr'><strong>enim</strong></span> <span class='ocrx_word' id='word_1_302' title='bbox 1299 3515 1384 3579; x_wconf 90' lang='lat' dir='ltr'><strong>quae</strong></span> <span class='ocrx_word' id='word_1_303' title='bbox 1437 3550 1439 3553; x_wconf 84' lang='lat'>.</span> 
     </span>
     <span class='ocr_line' id='line_1_32' title="bbox 88 3589 1383 3676; baseline 0.002 -19"><span class='ocrx_word' id='word_1_304' title='bbox 88 3591 237 3657; x_wconf 88' lang='lat' dir='ltr'><strong>Iulianus</strong></span> <span class='ocrx_word' id='word_1_305' title='bbox 260 3591 303 3656; x_wconf 88' lang='lat' dir='ltr'><strong>ad</strong></span> <span class='ocrx_word' id='word_1_306' title='bbox 326 3601 429 3657; x_wconf 88' lang='lat' dir='ltr'><strong>artem</strong></span> <span class='ocrx_word' id='word_1_307' title='bbox 443 3591 568 3657; x_wconf 90' lang='lat' dir='ltr'><strong>Donati</strong></span> <span class='ocrx_word' id='word_1_308' title='bbox 589 3589 698 3656; x_wconf 88' lang='lat' dir='ltr'><strong>attulit</strong></span> <span class='ocrx_word' id='word_1_309' title='bbox 719 3599 778 3655; x_wconf 92' lang='lat' dir='ltr'><strong>aut</strong></span> <span class='ocrx_word' id='word_1_310' title='bbox 799 3592 833 3654; x_wconf 92' lang='lat' dir='ltr'><strong>in</strong></span> <span class='ocrx_word' id='word_1_311' title='bbox 855 3589 1017 3676; x_wconf 83' lang='lat' dir='ltr'><strong>exemplis</strong></span> <span class='ocrx_word' id='word_1_312' title='bbox 1037 3613 1203 3658; x_wconf 89' lang='lat' dir='ltr'><strong>sacrorum</strong></span> <span class='ocrx_word' id='word_1_313' title='bbox 1225 3593 1383 3660; x_wconf 89' lang='lat' dir='ltr'><strong>librorum</strong></span> 
     </span>
     <span class='ocr_line' id='line_1_33' title="bbox 88 3690 1384 3780; baseline 0.004 -22"><span class='ocrx_word' id='word_1_314' title='bbox 88 3693 142 3759; x_wconf 86' lang='lat' dir='ltr'><strong>vel</strong></span> <span class='ocrx_word' id='word_1_315' title='bbox 165 3695 343 3760; x_wconf 87' lang='lat' dir='ltr'><strong>recentium</strong></span> <span class='ocrx_word' id='word_1_316' title='bbox 366 3693 562 3780; x_wconf 90' lang='lat' dir='ltr'><strong>scriptorum</strong></span> <span class='ocrx_word' id='word_1_317' title='bbox 585 3691 628 3758; x_wconf 89' lang='lat' dir='ltr'><strong>ad</strong></span> <span class='ocrx_word' id='word_1_318' title='bbox 649 3690 779 3778; x_wconf 90' lang='lat' dir='ltr'><strong>regulas</strong></span> <span class='ocrx_word' id='word_1_319' title='bbox 795 3692 918 3756; x_wconf 90' lang='lat' dir='ltr'><strong>Donati</strong></span> <span class='ocrx_word' id='word_1_320' title='bbox 941 3692 1113 3778; x_wconf 84' lang='lat' dir='ltr'><strong>exigendis</strong></span> <span class='ocrx_word' id='word_1_321' title='bbox 1128 3706 1303 3761; x_wconf 84' lang='lat' dir='ltr'><strong>versantur</strong></span> <span class='ocrx_word' id='word_1_322' title='bbox 1325 3708 1384 3763; x_wconf 88' lang='lat' dir='ltr'><strong>aut</strong></span> 
     </span>
     <span class='ocr_line' id='line_1_34' title="bbox 90 3794 1394 3888; baseline 0.003 -28"><span class='ocrx_word' id='word_1_323' title='bbox 90 3819 131 3861; x_wconf 82' lang='lat' dir='ltr'><strong>cx</strong></span> <span class='ocrx_word' id='word_1_324' title='bbox 153 3798 193 3861; x_wconf 88' lang='lat' dir='ltr'><strong>iis</strong></span> <span class='ocrx_word' id='word_1_325' title='bbox 215 3794 309 3860; x_wconf 88' lang='lat' dir='ltr'><strong>libris</strong></span> <span class='ocrx_word' id='word_1_326' title='bbox 337 3795 555 3882; x_wconf 90' lang='lat' dir='ltr'><strong>antiquiorum</strong></span> <span class='ocrx_word' id='word_1_327' title='bbox 581 3795 868 3880; x_wconf 89' lang='lat' dir='ltr'><strong>grammaticorum</strong></span> <span class='ocrx_word' id='word_1_328' title='bbox 890 3817 972 3881; x_wconf 89' lang='lat' dir='ltr'><strong>quos</strong></span> <span class='ocrx_word' id='word_1_329' title='bbox 995 3817 1083 3860; x_wconf 91' lang='lat' dir='ltr'><strong>nunc</strong></span> <span class='ocrx_word' id='word_1_330' title='bbox 1105 3797 1203 3860; x_wconf 88' lang='lat' dir='ltr'><strong>etiarn</strong></span> <span class='ocrx_word' id='word_1_331' title='bbox 1224 3796 1394 3888; x_wconf 39' lang='lat' dir='ltr'><strong>habemus,</strong></span> 
     </span>
     <span class='ocr_line' id='line_1_35' title="bbox 89 3897 1382 3985; baseline 0.002 -23"><span class='ocrx_word' id='word_1_332' title='bbox 89 3901 193 3983; x_wconf 91' lang='lat' dir='ltr'><strong>petita</strong></span> <span class='ocrx_word' id='word_1_333' title='bbox 214 3907 300 3963; x_wconf 90' lang='lat' dir='ltr'><strong>sunt.</strong></span> <span class='ocrx_word' id='word_1_334' title='bbox 344 3907 474 3982; x_wconf 90' lang='lat' dir='ltr'><strong>praeter</strong></span> <span class='ocrx_word' id='word_1_335' title='bbox 496 3920 551 3963; x_wconf 86' lang='lat' dir='ltr'><strong>eos</strong></span> <span class='ocrx_word' id='word_1_336' title='bbox 574 3905 723 3962; x_wconf 89' lang='lat' dir='ltr'><strong>auctores</strong></span> <span class='ocrx_word' id='word_1_337' title='bbox 746 3907 856 3961; x_wconf 89' lang='lat' dir='ltr'><strong>antem</strong></span> <span class='ocrx_word' id='word_1_338' title='bbox 877 3919 959 3984; x_wconf 90' lang='lat' dir='ltr'><strong>quos</strong></span> <span class='ocrx_word' id='word_1_339' title='bbox 982 3897 1184 3985; x_wconf 81' lang='lat' dir='ltr'><strong>supradixi,</strong></span> <span class='ocrx_word' id='word_1_340' title='bbox 1207 3897 1382 3984; x_wconf 90' lang='lat' dir='ltr'><strong>Isidorum,</strong></span> 
     </span>
     <span class='ocr_line' id='line_1_36' title="bbox 89 3997 1384 4086; baseline 0.003 -22"><span class='ocrx_word' id='word_1_341' title='bbox 89 3999 271 4064; x_wconf 86' lang='lat' dir='ltr'><strong>Maximum</strong></span> <span class='ocrx_word' id='word_1_342' title='bbox 306 3999 528 4081; x_wconf 90' lang='lat' dir='ltr'><strong>Victorinum,</strong></span> <span class='ocrx_word' id='word_1_343' title='bbox 565 3998 714 4065; x_wconf 87' lang='lat' dir='ltr'><strong>Mallium</strong></span> <span class='ocrx_word' id='word_1_344' title='bbox 750 3997 974 4082; x_wconf 86' lang='lat' dir='ltr'><strong>Theodorum,</strong></span> <span class='ocrx_word' id='word_1_345' title='bbox 1010 4001 1045 4064; x_wconf 89' lang='lat' dir='ltr'><strong>in</strong></span> <span class='ocrx_word' id='word_1_346' title='bbox 1081 4000 1195 4086; x_wconf 89' lang='lat' dir='ltr'><strong>primis</strong></span> <span class='ocrx_word' id='word_1_347' title='bbox 1233 4001 1384 4068; x_wconf 89' lang='lat' dir='ltr'><strong>adhibuit</strong></span> 
     </span>
     <span class='ocr_line' id='line_1_37' title="bbox 90 4101 1383 4189; baseline 0.005 -25"><span class='ocrx_word' id='word_1_348' title='bbox 90 4101 294 4188; x_wconf 89' lang='lat' dir='ltr'><strong>Pompeium,</strong></span> <span class='ocrx_word' id='word_1_349' title='bbox 323 4123 418 4188; x_wconf 90' lang='lat' dir='ltr'><strong>quem</strong></span> <span class='ocrx_word' id='word_1_350' title='bbox 445 4101 497 4166; x_wconf 89' lang='lat' dir='ltr'><strong>bis</strong></span> <span class='ocrx_word' id='word_1_351' title='bbox 523 4102 719 4183; x_wconf 85' lang='lat' dir='ltr'><strong>nominavit,</strong></span> <span class='ocrx_word' id='word_1_352' title='bbox 750 4102 881 4188; x_wconf 88' lang='lat' dir='ltr'><strong>saepius</strong></span> <span class='ocrx_word' id='word_1_353' title='bbox 909 4122 974 4165; x_wconf 90' lang='lat' dir='ltr'><strong>non</strong></span> <span class='ocrx_word' id='word_1_354' title='bbox 1002 4101 1155 4189; x_wconf 91' lang='lat' dir='ltr'><strong>adposito</strong></span> <span class='ocrx_word' id='word_1_355' title='bbox 1177 4104 1305 4168; x_wconf 89' lang='lat' dir='ltr'><strong>nomine</strong></span> <span class='ocrx_word' id='word_1_356' title='bbox 1327 4126 1383 4170; x_wconf 83' lang='lat' dir='ltr'><strong>ex·</strong></span> 
     </span>
     <span class='ocr_line' id='line_1_38' title="bbox 91 4203 1384 4292; baseline 0.005 -28"><span class='ocrx_word' id='word_1_357' title='bbox 91 4203 230 4289; x_wconf 89' lang='lat' dir='ltr'><strong>scripsit.</strong></span> <span class='ocrx_word' id='word_1_358' title='bbox 264 4226 365 4269; x_wconf 89' lang='lat' dir='ltr'><strong>unum</strong></span> <span class='ocrx_word' id='word_1_359' title='bbox 387 4212 556 4289; x_wconf 88' lang='lat' dir='ltr'><strong>praeterea</strong></span> <span class='ocrx_word' id='word_1_360' title='bbox 577 4203 776 4292; x_wconf 90' lang='lat' dir='ltr'><strong>appellatum</strong></span> <span class='ocrx_word' id='word_1_361' title='bbox 797 4204 910 4268; x_wconf 89' lang='lat' dir='ltr'><strong>inveni</strong></span> <span class='ocrx_word' id='word_1_362' title='bbox 930 4204 1182 4288; x_wconf 87' lang='lat' dir='ltr'><strong>grammaticum</strong></span> <span class='ocrx_word' id='word_1_363' title='bbox 1204 4214 1323 4288; x_wconf 90' lang='lat' dir='ltr'><strong>aetate,</strong></span> <span class='ocrx_word' id='word_1_364' title='bbox 1347 4216 1384 4271; x_wconf 92' lang='lat' dir='ltr'><strong>ut</strong></span> 
     </span>
     <span class='ocr_line' id='line_1_39' title="bbox 91 4303 1382 4394; baseline 0.003 -26"><span class='ocrx_word' id='word_1_365' title='bbox 91 4303 236 4385; x_wconf 81' lang='lat' dir='ltr'><strong>videtur,</strong></span> <span class='ocrx_word' id='word_1_366' title='bbox 263 4327 331 4371; x_wconf 91' lang='lat' dir='ltr'><strong>non</strong></span> <span class='ocrx_word' id='word_1_367' title='bbox 358 4303 459 4371; x_wconf 91' lang='lat' dir='ltr'><strong>multo</strong></span> <span class='ocrx_word' id='word_1_368' title='bbox 487 4306 688 4393; x_wconf 89' lang='lat' dir='ltr'><strong>superiorem</strong></span> <span class='ocrx_word' id='word_1_369' title='bbox 716 4306 907 4386; x_wconf 77' lang='lat' dir='ltr'><strong>Audacem,</strong></span> <span class='ocrx_word' id='word_1_370' title='bbox 930 4306 1023 4370; x_wconf 91' lang='lat' dir='ltr'><strong>cuius</strong></span> <span class='ocrx_word' id='word_1_371' title='bbox 1055 4304 1140 4371; x_wconf 91' lang='lat' dir='ltr'><strong>liber</strong></span> <span class='ocrx_word' id='word_1_372' title='bbox 1161 4305 1232 4392; x_wconf 88' lang='lat' dir='ltr'><strong>ipse</strong></span> <span class='ocrx_word' id='word_1_373' title='bbox 1254 4330 1382 4394; x_wconf 89' lang='lat' dir='ltr'><strong>quoque</strong></span> 
     </span>
     <span class='ocr_line' id='line_1_40' title="bbox 92 4405 1382 4497; baseline 0.005 -29"><span class='ocrx_word' id='word_1_374' title='bbox 92 4405 124 4468; x_wconf 89' lang='lat' dir='ltr'><strong>in</strong></span> <span class='ocrx_word' id='word_1_375' title='bbox 145 4407 311 4473; x_wconf 90' lang='lat' dir='ltr'><strong>codicibus</strong></span> <span class='ocrx_word' id='word_1_376' title='bbox 334 4429 433 4472; x_wconf 88' lang='lat' dir='ltr'><strong>manu</strong></span> <span class='ocrx_word' id='word_1_377' title='bbox 456 4408 585 4494; x_wconf 89' lang='lat' dir='ltr'><strong>scriptis</strong></span> <span class='ocrx_word' id='word_1_378' title='bbox 607 4417 709 4474; x_wconf 88' lang='lat' dir='ltr'><strong>extat.</strong></span> <span class='ocrx_word' id='word_1_379' title='bbox 740 4408 800 4473; x_wconf 88' lang='lat' dir='ltr'><strong>sed</strong></span> <span class='ocrx_word' id='word_1_380' title='bbox 820 4429 1018 4495; x_wconf 89' lang='lat' dir='ltr'><strong>quamquam</strong></span> <span class='ocrx_word' id='word_1_381' title='bbox 1040 4409 1185 4472; x_wconf 85' lang='lat' dir='ltr'><strong>maxima</strong></span> <span class='ocrx_word' id='word_1_382' title='bbox 1206 4409 1282 4475; x_wconf 90' lang='lat' dir='ltr'><strong>libri</strong></span> <span class='ocrx_word' id='word_1_383' title='bbox 1304 4432 1382 4497; x_wconf 87' lang='lat' dir='ltr'><strong>pars</strong></span> 
     </span>
     <span class='ocr_line' id='line_1_41' title="bbox 93 4508 1382 4596; baseline 0.006 -27"><span class='ocrx_word' id='word_1_384' title='bbox 93 4529 155 4570; x_wconf 92' lang='lat' dir='ltr'><strong>non</strong></span> <span class='ocrx_word' id='word_1_385' title='bbox 180 4508 335 4573; x_wconf 89' lang='lat' dir='ltr'><strong>maiorem</strong></span> <span class='ocrx_word' id='word_1_386' title='bbox 360 4509 536 4574; x_wconf 88' lang='lat' dir='ltr'><strong>utilitatem</strong></span> <span class='ocrx_word' id='word_1_387' title='bbox 562 4509 676 4592; x_wconf 91' lang='lat' dir='ltr'><strong>habet,</strong></span> <span class='ocrx_word' id='word_1_388' title='bbox 705 4533 803 4595; x_wconf 91' lang='lat' dir='ltr'><strong>quam</strong></span> <span class='ocrx_word' id='word_1_389' title='bbox 830 4508 887 4575; x_wconf 88' lang='lat' dir='ltr'><strong>alii</strong></span> <span class='ocrx_word' id='word_1_390' title='bbox 914 4511 984 4575; x_wconf 90' lang='lat' dir='ltr'><strong>eius</strong></span> <span class='ocrx_word' id='word_1_391' title='bbox 1006 4510 1135 4596; x_wconf 89' lang='lat' dir='ltr'><strong>generis</strong></span> <span class='ocrx_word' id='word_1_392' title='bbox 1158 4514 1382 4577; x_wconf 86' lang='lat' dir='ltr'><strong>commentarii</strong></span> 
     </span>
     <span class='ocr_line' id='line_1_42' title="bbox 94 4607 1382 4700; baseline 0.007 -29"><span class='ocrx_word' id='word_1_393' title='bbox 94 4608 171 4672; x_wconf 88' lang='lat' dir='ltr'><strong>satis</strong></span> <span class='ocrx_word' id='word_1_394' title='bbox 195 4607 287 4676; x_wconf 90' lang='lat' dir='ltr'><strong>multi</strong></span> <span class='ocrx_word' id='word_1_395' title='bbox 314 4610 369 4677; x_wconf 85' lang='lat' dir='ltr'><strong>vel</strong></span> <span class='ocrx_word' id='word_1_396' title='bbox 398 4611 513 4676; x_wconf 89' lang='lat' dir='ltr'><strong>eadem</strong></span> <span class='ocrx_word' id='word_1_397' title='bbox 539 4611 608 4676; x_wconf 88' lang='lat' dir='ltr'><strong>fere</strong></span> <span class='ocrx_word' id='word_1_398' title='bbox 636 4619 743 4677; x_wconf 88' lang='lat' dir='ltr'><strong>aetate</strong></span> <span class='ocrx_word' id='word_1_399' title='bbox 770 4610 823 4677; x_wconf 85' lang='lat' dir='ltr'><strong>vel</strong></span> <span class='ocrx_word' id='word_1_400' title='bbox 851 4611 1087 4698; x_wconf 88' lang='lat' dir='ltr'><strong>posterioribus</strong></span> <span class='ocrx_word' id='word_1_401' title='bbox 1109 4613 1210 4678; x_wconf 90' lang='lat' dir='ltr'><strong>etiam</strong></span> <span class='ocrx_word' id='word_1_402' title='bbox 1232 4615 1382 4700; x_wconf 89' lang='lat' dir='ltr'><strong>tempori-</strong></span> 
     </span>
     <span class='ocr_line' id='line_1_43' title="bbox 94 4701 1381 4802; baseline 0.007 -29"><span class='ocrx_word' id='word_1_403' title='bbox 94 4707 154 4774; x_wconf 87' lang='lat' dir='ltr'><strong>bus</strong></span> <span class='ocrx_word' id='word_1_404' title='bbox 184 4734 204 4775; x_wconf 82' lang='lat' dir='ltr'><strong>a</strong></span> <span class='ocrx_word' id='word_1_405' title='bbox 233 4713 457 4798; x_wconf 83' lang='lat' dir='ltr'><strong>grammaticis</strong></span> <span class='ocrx_word' id='word_1_406' title='bbox 491 4715 655 4798; x_wconf 86' lang='lat' dir='ltr'><strong>congesti,</strong></span> <span class='ocrx_word' id='word_1_407' title='bbox 689 4701 794 4800; x_wconf 82' lang='lat' dir='ltr'><strong>pauca</strong></span> <span class='ocrx_word' id='word_1_408' title='bbox 827 4724 937 4780; x_wconf 90' lang='lat' dir='ltr'><strong>tamen</strong></span> <span class='ocrx_word' id='word_1_409' title='bbox 968 4717 1096 4798; x_wconf 91' lang='lat' dir='ltr'><strong>insunt,</strong></span> <span class='ocrx_word' id='word_1_410' title='bbox 1129 4724 1263 4802; x_wconf 90' lang='lat' dir='ltr'><strong>propter</strong></span> <span class='ocrx_word' id='word_1_411' title='bbox 1297 4739 1381 4802; x_wconf 89' lang='lat' dir='ltr'><strong>quae</strong></span> 
     </span>
     <span class='ocr_line' id='line_1_44' title="bbox 96 4813 1381 4904; baseline 0.007 -30"><span class='ocrx_word' id='word_1_412' title='bbox 96 4833 221 4895; x_wconf 89' lang='lat' dir='ltr'><strong>prorsus</strong></span> <span class='ocrx_word' id='word_1_413' title='bbox 243 4813 373 4902; x_wconf 87' lang='lat' dir='ltr'><strong>neglegi</strong></span> <span class='ocrx_word' id='word_1_414' title='bbox 393 4815 446 4880; x_wconf 89' lang='lat' dir='ltr'><strong>hic</strong></span> <span class='ocrx_word' id='word_1_415' title='bbox 468 4816 606 4902; x_wconf 86' lang='lat' dir='ltr'><strong>scriptor</strong></span> <span class='ocrx_word' id='word_1_416' title='bbox 627 4839 693 4882; x_wconf 89' lang='lat' dir='ltr'><strong>non</strong></span> <span class='ocrx_word' id='word_1_417' title='bbox 715 4817 869 4904; x_wconf 85' lang='lat' dir='ltr'><strong>potuerit.</strong></span> <span class='ocrx_word' id='word_1_418' title='bbox 899 4839 977 4882; x_wconf 89' lang='lat' dir='ltr'><strong>nam</strong></span> <span class='ocrx_word' id='word_1_419' title='bbox 991 4818 1133 4903; x_wconf 92' lang='lat' dir='ltr'><strong>primum</strong></span> <span class='ocrx_word' id='word_1_420' title='bbox 1153 4818 1239 4883; x_wconf 91' lang='lat' dir='ltr'><strong>inter</strong></span> <span class='ocrx_word' id='word_1_421' title='bbox 1259 4839 1381 4904; x_wconf 87' lang='lat' dir='ltr'><strong>paucos</strong></span> 
     </span>
    </p>
   </div>
   <div class='ocr_carea' id='block_1_4' title="bbox 0 0 1688 5442">
    <p class='ocr_par' dir='ltr' id='par_1_8' title="bbox 0 0 1688 5442">
     <span class='ocr_line' id='line_1_45' title="bbox 0 0 1688 5442; baseline 0 0"><span class='ocrx_word' id='word_1_422' title='bbox 0 0 1688 5442; x_wconf 95' lang='lat' dir='ltr'><strong> </strong></span> 
     </span>
    </p>
   </div>
  </div>
 </body>
</html>
