3350 5442
598 342 834 406 uuuuuurvtt
1217 380 1219 391 ·
1298 336 1358 403 139

1187 462 1208 503 p.
1221 450 1297 490 tta-ar
1312 448 1333 488 l..

75 551 127 595 non
148 532 293 595 debemus
314 536 384 595 istas
406 538 506 613 partes
528 540 706 612 conputare,
730 548 807 613 quae
827 536 928 612 partes
951 531 1100 593 naturales
1116 538 1194 600 sunt,
1212 550 1281 605 non,
1306 530 1357 591 sed

73 636 130 697 illas
150 644 330 717 conputare,
359 656 433 717 quae
456 656 492 697 ex
515 643 578 697 arte
600 635 796 697 descendunt.
832 637 907 697 istae
935 640 1032 696 autem
1061 633 1212 695 naturales
1239 652 1300 695 non
1323 652 1358 695 ex

74 748 130 801 arte
149 738 344 801 descendunt.
374 739 427 800 sed
449 739 582 801 Donatus
603 740 634 799 in
656 737 713 798 alia
735 746 820 818 parte
843 737 919 799 male
942 737 1026 807 iecit,
1049 737 1130 817 quod
1151 736 1201 799 ille
1216 757 1275 799 non
1289 737 1360 797 lecit

73 844 169 923 perite.
201 843 445 923 conparationem
467 840 674 902 adnumeravit
695 840 828 902 Donatus
850 842 881 901 in
903 839 958 901 hac
981 840 1138 901 divisione:
1163 858 1224 901 uon
1246 838 1356 899 debuit.

53 951 191 1026 spropter
213 963 301 1023 quam
324 944 463 1005 causam?
485 942 553 1004 illae
576 946 655 1005 enim
677 944 811 1023 quinque
833 962 882 1003 res
897 941 974 1003 bene
990 949 1179 1005 enumeratae
1194 947 1273 1011 sunt,
1291 942 1359 1021 quia

73 1065 186 1126 semper
208 1046 359 1115 accidunt,
382 1044 507 1126 qualitas
528 1064 623 1123 genus
644 1064 788 1107 uumerus
802 1046 897 1123 figura
912 1063 1011 1106 casus:
1037 1044 1151 1107 nullum
1167 1063 1275 1107 nomeu
1292 1062 1359 1109 esse

72 1158 161 1229 potest
181 1144 188 1230 Ι
206 1150 270 1209 sine
292 1146 446 1228 qualitate,
470 1147 584 1208 nullum
607 1149 672 1207 siue
693 1165 817 1227 genere,
842 1146 956 1209 nullum
978 1149 1041 1209 siue
1057 1166 1147 1220 casuq
1168 1146 1280 1208 nullum
1295 1148 1358 1208 sine

71 1254 174 1330 ligura,
200 1250 313 1311 nullum
336 1250 399 1311 sine
422 1268 557 1310 numero.
587 1250 662 1311 istae
684 1251 816 1331 quinque
838 1269 888 1311 res
911 1268 1029 1330 semper
1051 1250 1214 1312 cohaerent
1235 1252 1357 1311 nomini.

72 1354 255 1415 eccnuario
282 1354 474 1414 inveniuntur
501 1354 622 1413 nomina
650 1368 725 1431 quae
754 1359 857 1413 carent
889 1355 1108 1432 conparatione.
1158 1352 1264 1415 doctus
1291 1352 1361 1414 lacit

43 1455 197 1524 seduction
220 1454 330 1515 llector
352 1472 413 1515 nou
435 1456 541 1533 recipit
563 1455 815 1536 conparationem.
846 1454 989 1533 numquid
1005 1455 1075 1516 lacit
1089 1456 1263 1517 Hectoriori
1287 1457 1359 1534 quin

73 1577 133 1619 cum
154 1559 219 1618 siut
239 1557 353 1637 species
376 1558 530 1617 nominum
553 1555 798 1637 appellativorum
823 1537 924 1635 viginti
948 1564 976 1618 et
997 1565 1120 1638 septem,
1145 1576 1204 1619 uun
1227 1564 1296 1619 sunt
1318 1557 1359 1618 ibi

73 1661 123 1720 nisi
138 1658 225 1727 duae,
243 1658 352 1737 quibus
367 1658 505 1719 accidunt
521 1660 756 1739 conparationes,
774 1658 921 1739 qualitatis
938 1667 967 1720 et
982 1660 1161 1737 quantitatis.
1191 1678 1263 1739 ergo
1278 1658 1360 1721 vides

72 1761 205 1840 quoniam
234 1762 266 1820 in
289 1779 325 1820 eo
347 1763 495 1840 peccarit,
525 1763 666 1841 quoniam
694 1760 900 1823 adnumeravit
929 1757 1184 1841 conparationem,
1213 1780 1276 1823 rem
1299 1781 1359 1823 non

73 1882 226 1943 numquam
255 1862 455 1933 accidentem,
483 1865 561 1925 inter
593 1882 642 1924 res
670 1882 789 1944 semper
817 1864 995 1925 accidentes.
1039 1863 1106 1925 illae
1135 1865 1212 1925 enim
1242 1882 1361 1944 semper

41 1964 218 2033 succidunt,
243 1963 370 2044 qualitas
392 1983 487 2045 genus
508 1983 652 2027 numerus
673 1966 768 2044 figura
789 1984 891 2035 casus;
915 1965 963 2026 illa
988 1985 1047 2027 non
1070 1985 1231 2046 numquam
1242 1966 1358 2027 accidit.

71 2066 122 2127 hoc
142 2068 242 2127 sciens
269 2066 385 2128 Probus
413 2066 557 2128 abstinuit
578 2088 627 2129 se:
655 2069 733 2129 inter
762 2068 927 2129 accidentia
949 2086 1068 2147 semper
1095 2086 1154 2131 non
1184 2068 1259 2130 dixit
1285 2068 1358 2130 illud

71 2169 141 2249 quod
163 2188 227 2229 non
250 2186 413 2246 numquam
436 2170 558 2240 accidit,
582 2189 657 2239 non,
681 2169 732 2230 sed
756 2170 829 2231 dixit
851 2170 977 2231 ‘nomini
1000 2169 1139 2231 accidunt
1160 2170 1285 2250 qualitas
1307 2189 1358 2249 ge·

70 2290 120 2333 nus
141 2289 286 2333 uumerus
307 2273 402 2349 figura
424 2274 537 2342 casus',
568 2279 598 2332 et
619 2292 679 2333 noo
701 2270 751 2333 dat
772 2274 1015 2352 conparationem
1038 2273 1159 2333 nomini.
1201 2274 1277 2351 siqui
1303 2272 1359 2335 tibi

70 2374 142 2433 dicat
162 2378 272 2455 ‘quare
299 2372 348 2433 ille
377 2375 548 2453 conputavit
576 2382 607 2435 et
632 2373 681 2435 ille
710 2374 807 2434 nont'
834 2376 912 2435 iusta
939 2376 1055 2435 ratione
1084 2392 1143 2435 uon
1171 2372 1358 2455 conputalvit,

39 2478 160 2537 ascieus
181 2494 245 2537 nou
268 2494 387 2554 semper
409 2476 545 2536 accidere
568 2476 681 2537 nomini
704 2478 961 2556 conparationem
993 2486 1022 2537 et
1049 2475 1128 2556 quod
1158 2494 1216 2537 non
1240 2495 1358 2557 semper

69 2577 184 2649 accidit,
208 2596 270 2639 non
294 2577 382 2638 debet
405 2579 476 2657 poni
497 2580 576 2638 inter
597 2577 627 2637 id
651 2577 728 2657 quod
751 2596 870 2657 semper
893 2578 1007 2639 accidit.
1053 2578 1110 2639 lroc
1133 2579 1211 2639 enim
1239 2597 1358 2658 semper

66 2680 166 2741 accidit
189 2682 232 2751 ei,
257 2680 389 2759 quinque
410 2680 484 2740 istae
506 2688 621 2759 partes,
649 2678 698 2740 illa
727 2697 786 2739 non
814 2698 942 2760 semper.
989 2698 1060 2759 ergo
1082 2700 1134 2742 sex
1156 2689 1256 2761 partes
1280 2679 1358 2765 [ora-

68 2780 165 2862 tionis]
191 2781 333 2843 acciduut
354 2782 476 2841 nomini.
522 2781 674 2843 videamus
695 2781 835 2860 singulas.
988 2762 991 2770 ¹

574 2966 622 3012 nn
645 2964 844 3026 evomuere

37 3088 57 3127 a
145 3071 280 3143 Qualitas
302 3072 454 3132 nominum
479 3070 683 3150 principaliter
705 3070 846 3141 dividitur
868 3073 898 3132 in
922 3073 996 3135 diras
1018 3083 1126 3153 partes.
1159 3076 1257 3136 omnia
1280 3075 1430 3140 aninmo,
1444 3078 1476 3127 37

67 3174 180 3233 nomina
209 3173 290 3253 apud
313 3173 435 3234 latinos
462 3182 513 3233 aut
540 3175 660 3253 propria
689 3181 758 3263 supt
786 3182 837 3235 aut
874 3174 1059 3255 appellativa.
1105 3176 1169 3238 vide
1197 3177 1276 3257 quud
1305 3177 1359 3238 tibi

66 3272 140 3334 diro:
163 3274 246 3336 aliud
270 3276 349 3335 enim
373 3273 484 3336 liabent
504 3275 623 3335 Graeci:
659 3277 755 3337 omnia
780 3279 899 3345 nomina
921 3278 999 3357 apud
1022 3278 1143 3339 Latinos
1166 3286 1216 3339 aut
1237 3282 1359 3359 propria

66 3385 129 3436 suut
155 3386 208 3437 aut
237 3375 420 3456 appellativa.
466 3378 496 3437 in
519 3396 620 3437 rerum
643 3386 746 3440 natura
776 3378 863 3439 aliam
887 3379 1059 3441 divisionem
1082 3400 1142 3441 non
1165 3380 1258 3443 habes
1281 3382 1358 3461 apud

66 3476 187 3539 latinos
238 3496 442 3559 quaecumque
469 3486 539 3539 suut
562 3480 681 3540 nomina
703 3481 781 3559 apud
804 3480 938 3552 latinos,
963 3484 987 3542 si
1010 3484 1130 3563 propria
1154 3502 1212 3544 uon
1235 3484 1356 3555 luerint,

41 3605 58 3631 a·
68 3579 238 3659 appellativa
261 3587 345 3649 sunt;
370 3582 396 3640 si
418 3581 489 3641 item
512 3581 686 3661 appellativa
711 3600 770 3643 uon
792 3585 918 3654 luerint,
946 3587 1067 3665 propria
1090 3592 1166 3646 suut.
1212 3585 1263 3647 sed
1287 3584 1356 3647 sub·

67 3680 220 3744 divisiones
243 3690 313 3743 sunt
334 3682 411 3762 apud
434 3700 500 3745 nos.

249 3866 298 3913 DE
321 3866 509 3915 arculasve
531 3866 759 3915 Paormouvat
782 3868 827 3915 ΕΤ
850 3868 1168 3918 APPELLATIVORVM

140 3974 173 4033 ln
198 3974 326 4052 proprio
349 3974 468 4033 nomine
491 3980 628 4051 quattuor
651 3982 719 4035 suut
741 3977 871 4053 species,
896 3976 926 4035 in
949 3975 1124 4055 appellativo
1146 3977 1291 4041 habemus
1316 3982 1355 4039 vi·

69 4076 129 4149 giuti
152 4081 182 4134 et
204 4082 322 4153 septem
345 4077 469 4164 specics.
502 4074 554 4135 has
569 4076 675 4162 Graeci
697 4077 876 4138 rettulerunt
891 4076 926 4137 ad
950 4086 1064 4157 septem
1087 4082 1211 4160 species.
1244 4081 1357 4144 habetis

44 4173 288 4255 stiligentissime
310 4176 340 4235 in
356 4176 511 4257 Apollonio
533 4185 689 4240 tractatum
713 4178 749 4239 de
771 4178 936 4261 speciebus
960 4182 1032 4241 istis
1064 4182 1274 4262 sedquoniam
1296 4202 1356 4245 nou

126 4365 211 4414 lnon
231 4364 279 4414 sed
297 4363 387 4413 uua:
406 4378 516 4418 notram.
535 4365 560 4414 A
627 4366 994 4418 9carentBGacareantA
1063 4369 1143 4419 llibi
1163 4372 1357 4435 conparationes

70 4432 109 4481 nisi
126 4434 176 4484 duo
192 4434 274 4492 (duae
292 4432 341 4496 bc)
359 4448 424 4497 quae
442 4436 564 4484 accedunt
583 4436 714 4501 (accidunt
733 4435 771 4497 B)
791 4438 907 4500 qualitati
926 4446 950 4487 et
969 4438 1102 4501 quantitati
1117 4439 1189 4489 BCa
1207 4442 1242 4490 ibi
1261 4457 1354 4508 coupa-

69 4503 168 4553 rariones
193 4505 247 4555 nisi
268 4504 320 4553 duo
344 4504 478 4565 qualitates
500 4505 559 4554 dum
582 4508 704 4557 accedunt
724 4508 859 4570 qualitates
877 4516 901 4556 et
925 4508 1079 4572 quantitates
1098 4510 1121 4557 A
1209 4511 1240 4560 17
1262 4512 1356 4562 nomini

69 4572 173 4621 accidunt
192 4574 220 4623 B
238 4573 335 4623 nomini
350 4574 508 4625 accedunto
523 4577 619 4627 nomini
637 4577 735 4627 accedit
748 4577 773 4626 Α
843 4578 878 4627 20
893 4580 978 4628 aciens
995 4593 1043 4629 uon
1063 4577 1107 4627 Ab
1122 4580 1206 4630 sciens
1222 4583 1288 4630 enim
1306 4597 1355 4632 non

69 4638 129 4692 BCa
198 4651 225 4692 et
245 4643 313 4707 quod
332 4657 435 4709 semper
451 4645 605 4695 uouABG
673 4646 1354 4715 23nomini!osQuaurrarsuroaaaussruuuaasl

69 4711 166 4770 qualitas
182 4713 209 4762 Α
281 4714 314 4763 21
342 4714 412 4778 apud
436 4714 527 4765 latinos
548 4724 592 4765 aut
607 4717 713 4782 propria
731 4726 774 4767 aut
792 4719 947 4783 appellatiua
966 4729 1024 4767 sunt
1044 4719 1101 4781 uide
1116 4720 1247 4785 BGapud
1264 4722 1356 4773 latinos

69 4780 119 4829 uide
135 4783 159 4831 A
233 4784 268 4834 29
292 4783 397 4831 nomina
417 4786 485 4849 apud
504 4785 596 4835 latinos
614 4786 636 4834 si
656 4788 759 4853 propria
777 4788 853 4838 uua
871 4789 975 4838 nomina
997 4788 1064 4855 apud
1083 4790 1174 4841 latinos
1192 4799 1235 4840 aut
1254 4794 1357 4858 propria

68 4862 119 4900 aunt
136 4862 178 4902 aut
194 4850 354 4919 appellatiua
376 4895 381 4906 .
397 4895 421 4907 ..
497 4857 601 4922 propria
618 4855 643 4905 Α
712 4857 746 4909 35
762 4858 910 4924 appollonia
929 4858 984 4907 ΑΒ
1002 4858 1174 4925 appolouioG
