3350 5442
599 316 836 379 commtvrvu
1037 390 1041 398 ,
1308 312 1368 377 153

1184 422 1343 478 amma

84 526 133 569 nos
153 506 210 567 hoc
232 522 351 567 servare
370 503 530 576 debemus,
554 512 587 566 ut
609 506 711 566 senior
733 504 866 566 dicamus
887 506 919 565 in
941 503 1081 575 masculo,
1104 506 1135 565 in
1156 504 1266 566 semina
1289 504 1367 566 dica-

83 628 143 671 mus
162 610 260 683 manis
281 624 363 668 anus.

159 709 240 781 Quae
261 710 381 770 nomina
404 711 647 789 conparationem
669 710 835 788 recipiunt?
858 709 898 769 ait
919 728 952 771 ea
975 728 1050 789 quac
1073 716 1142 771 sunt
1163 709 1313 789 qualitatis
1337 716 1366 770 et
1377 718 1436 780 40⁷,
1451 718 1482 767 ts

82 814 260 893 quantitatis,
289 819 322 873 ut
348 811 490 882 diximus,
519 829 535 871 a
558 816 697 891 quattuor
719 809 809 873 rebus
834 810 1006 883 trahuntur,
1036 810 1074 872 ab
1096 813 1208 881 animo,
1234 830 1249 872 a
1273 810 1277 893 l
1302 830 1367 872 cor·
1380 786 1439 847 491,
1453 788 1486 836 33

60 932 163 995 spore,
193 916 391 983 extrinsecus,
422 932 438 975 a
465 930 615 974 mensura.
664 913 719 973 ista
752 920 823 973 sunt
855 914 975 974 nomina
1018 932 1093 995 quae
1126 916 1368 993 conparationem

81 1018 237 1095 recipiunt,
271 1013 353 1076 nulla
382 1015 451 1075 alia:
489 1014 526 1076 ab
555 1015 653 1075 animo
687 1031 763 1094 quae
792 1016 927 1085 veniunt,
962 1015 1065 1077 doctus
1098 1014 1217 1090 stultus,
1253 1015 1368 1078 doctior

81 1118 280 1188 doctissimus,
309 1117 428 1179 stultior
454 1115 658 1185 stultissimus;
687 1135 703 1177 a
727 1135 866 1197 corpore,
890 1115 1015 1196 pulcher
1037 1117 1192 1188 candidus,
1216 1116 1369 1197 pulchrior

81 1218 302 1299 pulcherrimus,
326 1219 479 1281 candidior
502 1218 744 1287 candidissimus;
769 1220 963 1289 extrinsecus,
987 1220 1016 1280 id
1040 1230 1085 1281 est
1106 1240 1122 1280 a
1145 1220 1272 1289 fortuna,
1295 1238 1367 1299 pau-

80 1320 247 1401 perdives,
271 1322 432 1401 pauperior
452 1322 675 1399 pauperrimus,
699 1319 816 1382 divitior
838 1320 1041 1391 divitissimus;
1065 1340 1081 1382 a
1104 1340 1241 1383 mensura
1263 1321 1369 1399 longus

52 1444 71 1482 o
81 1423 165 1493 latus,
195 1422 312 1501 longior
338 1423 542 1501 longissimus,
571 1420 659 1482 latior
686 1420 855 1484 latissimus.
899 1425 968 1503 quia
996 1423 1069 1483 dixit
1091 1423 1208 1484 divitior
1230 1423 1365 1484 divitissi-

82 1543 154 1595 mus,
179 1532 325 1604 nepotes
347 1524 424 1586 male
440 1543 505 1587 esse
520 1522 646 1595 dictum,
670 1526 748 1585 scire
770 1523 862 1585 debes
883 1526 939 1586 ista
962 1524 1046 1587 aliter
1069 1524 1225 1595 declinari,
1250 1524 1366 1606 quando

82 1628 201 1688 dicimus
228 1627 312 1688 dives
340 1627 456 1687 divitior
484 1626 683 1689 divitissimus.
729 1627 755 1685 si
784 1628 841 1687 erit
867 1626 1031 1707 principale
1059 1627 1119 1698 dis,
1150 1634 1181 1687 ut
1202 1627 1313 1706 legistis
1335 1630 1367 1688 in

81 1730 216 1791 Terentio
250 1729 323 1790 ‘dis
355 1729 416 1809 pol
450 1746 554 1791 esses
580 1728 739 1797 Demea'‚
770 1726 816 1789 dis
843 1727 934 1788 ditior
961 1730 1130 1790 ditissimus.
1176 1747 1247 1807 ergo
1276 1729 1365 1798 vides,

82 1851 149 1912 qnae
178 1833 300 1893 nomina
322 1838 537 1913 conparantur:
566 1848 643 1910 quae
664 1837 735 1891 sunt
755 1829 903 1910 qualitatis
926 1839 955 1892 et
977 1833 1155 1911 quantitatis
1199 1850 1234 1893 ea
1256 1840 1366 1902 antem,

51 1954 150 2015 aquae
172 1952 234 1996 non
256 1939 326 1995 sunt
347 1932 493 2013 qualitatis
515 1939 545 1993 et
566 1933 750 2013 quantitatis,
779 1952 839 1994 nou
862 1936 1010 2014 recipiunt
1032 1935 1283 2013 conparationem.
1329 1952 1368 1995 ne

81 2047 106 2097 te
130 2034 291 2121 delcipiant
316 2034 365 2097 illa
393 2034 527 2096 Plautina
555 2042 585 2095 et
612 2035 768 2095 Afraniana
799 2036 903 2107 verba,
939 2038 1120 2116 ipsissimus;
1159 2037 1224 2097 ioco
1252 2038 1368 2097 comico

80 2138 131 2198 hoc
151 2138 234 2199 dixit.
280 2146 325 2199 cst
355 2139 443 2199 etiam
472 2136 550 2216 apud
572 2136 702 2197 Graecos
724 2129 906 2210 αὐτότατος
927 2137 995 2199 tale.
1039 2139 1151 2199 comica
1173 2146 1243 2200 sunt
1263 2140 1316 2199 ista
1340 2146 1370 2200 et

80 2240 113 2300 ad
132 2248 227 2301 artem
250 2256 311 2300 non
332 2241 492 2319 pertinent.
531 2257 602 2318 ergo
625 2256 685 2299 non
707 2240 856 2320 recipiunt
878 2241 1118 2320 conparationem
1147 2241 1204 2300 nisi
1231 2258 1265 2301 ca
1294 2260 1369 2321 quae

81 2350 143 2402 suut
173 2340 325 2421 qualitatis
359 2347 389 2401 et
418 2342 598 2421 quantitatis.
642 2342 771 2402 diximus
803 2344 862 2402 iam
897 2342 955 2401 hoe
984 2344 1109 2421 saepius.
1154 2340 1225 2403 illud
1248 2362 1367 2413 nomen,

49 2444 151 2523 acprod
173 2445 206 2504 in
229 2443 443 2506 dubitationem
465 2446 559 2515 venit,
582 2443 705 2504 Latinus
719 2443 851 2504 Latinior
866 2444 1072 2505 Latinissimus
1092 2447 1245 2525 quaeritur
1268 2452 1368 2505 utrum
1450 2519 1452 2523 Ι

80 2545 215 2607 dicamus.
262 2548 288 2607 si
316 2565 333 2607 a
360 2555 448 2624 gente
476 2544 616 2615 volueris,
646 2564 706 2606 nou
734 2544 821 2614 dicis,
850 2544 880 2605 id
908 2552 952 2606 est
984 2548 1010 2606 si
1038 2564 1055 2606 a
1083 2553 1170 2623 gente
1199 2544 1296 2607 dietus
1324 2553 1369 2608 cst

79 2648 211 2717 Latinus,
236 2666 325 2727 quem
348 2647 385 2708 ad
407 2646 528 2709 modum
550 2646 648 2709 ltalus.
687 2647 830 2728 numquid
857 2666 980 2727 possum
1002 2648 1102 2709 dicere
1125 2646 1225 2709 ltalior
1247 2646 1368 2711 ltalissi-

80 2754 157 2812 musl
186 2768 276 2832 quem
299 2748 479 2810 admodum
500 2750 585 2811 Afer:
614 2749 756 2829 numquid
785 2767 905 2829 possum
935 2750 1035 2811 dicere
1062 2750 1160 2811 atrior
1186 2750 1368 2811 Alerrimusl

79 2852 220 2931 quemad
243 2851 365 2913 modum
381 2850 496 2914 Gallus:
520 2851 663 2932 numquid
686 2852 751 2912 dico
767 2850 880 2914 Gallior
895 2851 1095 2913 Gallissimusl
1117 2853 1161 2913 sic
1183 2872 1201 2904 a
1219 2852 1368 2914 Latinissi-

50 2973 147 3023 emus.
191 2956 217 3015 si
246 2960 345 3015 autem
373 2954 410 3015 ad
437 2954 633 3015 elocutionem
656 2958 790 3030 respicit,
819 2956 926 3034 recipit
954 2954 1204 3034 conparationem.
1250 2962 1321 3033 puta
1344 2956 1369 3015 si

80 3057 154 3117 dicas
177 3062 254 3134 ‘quo
270 3056 359 3119 modo
374 3056 542 3134 loquiturl'
565 3062 595 3117 et
615 3056 711 3117 dicam
732 3055 836 3127 latine,
861 3056 967 3137 recipit
982 3057 1233 3136 conparationem.
1258 3058 1368 3134 quare?

80 3161 141 3238 quia
163 3160 269 3239 incipit
290 3176 355 3219 esse
378 3157 526 3240 qualitatis
549 3156 586 3220 ab
608 3162 707 3220 animo
732 3158 806 3241 [quo
834 3158 924 3219 modo
947 3158 1096 3239 loquitur?
1119 3158 1235 3239 latine}
1271 3166 1369 3219 tamen

80 3260 130 3321 ltoc
151 3248 398 3341 ipsnm'propter
419 3260 642 3339 ambiguitatem
657 3262 808 3324 vitandum
825 3271 882 3333 est,
906 3280 945 3322 tte
967 3261 1108 3323 cadamus
1123 3263 1154 3323 in
1175 3260 1368 3322 calumniam:

80 3362 194 3424 latinior
216 3380 277 3424 rton
306 3362 447 3424 debemus
476 3363 591 3433 dicere,
615 3381 793 3445 quamquam
816 3365 854 3425 de
877 3360 1052 3444 elocultione
1068 3362 1198 3424 dicamus
1216 3370 1245 3424 et
1265 3382 1368 3443 posse·

52 3484 138 3529 antus
160 3467 278 3533 dicere;
307 3472 406 3525 umen
434 3463 578 3526 debemus
605 3469 697 3527 vitare
719 3475 843 3547 propter
866 3466 1057 3536 calumniam,
1087 3467 1218 3545 quamvis
1240 3484 1295 3527 nos
1317 3466 1367 3527 de-

81 3567 233 3629 fendimus.
265 3568 353 3628 etiam
369 3567 473 3629 Cicero
496 3568 595 3628 vitavit
614 3569 646 3629 in
668 3577 750 3629 sexta
772 3570 976 3638 verrinarum,
1001 3569 1099 3629 ‘cum
1122 3568 1203 3628 dico
1218 3569 1368 3630 Verrctu

898 3666 911 3689 a

141 3774 155 3823 1
177 3774 204 3821 in
219 3773 316 3822 femina
333 3774 449 3823 dicamus
467 3787 531 3821 anus
548 3773 574 3822 B
592 3773 617 3820 iu
632 3772 727 3822 lemine
745 3786 809 3822 auus
826 3772 898 3823 Ac:
916 3774 951 3835 cf.
971 3772 1073 3824 Clcdoa.
1092 3786 1118 3834 p.
1139 3772 1298 3827 1894.1895

81 3840 142 3891 {lau
159 3858 190 3893 ea
210 3846 330 3894 inlitora
349 3844 382 3893 A.
404 3845 520 3902 sortasse
536 3844 636 3903 plenior
651 3844 735 3894 Servii
753 3844 901 3893 vellicanti
918 3844 1027 3907 definitio
1046 3844 1149 3893 caecidit.
1169 3852 1196 3893 nt
1211 3844 1369 3895 scribendam

81 3913 120 3972 ait,
136 3915 171 3962 ait
189 3916 235 3965 ita.
253 3928 304 3962 non
324 3914 408 3961 omnia
426 3912 552 3977 recipiunt
570 3914 784 3976 conparationem.
805 3914 850 3962 sed
869 3928 898 3961 ca
918 3928 983 3975 qnae
1000 3922 1058 3963 sunt
1079 3914 1207 3974 qualitatis
1226 3924 1250 3963 et
1269 3916 1368 3977 quanti·

83 3985 142 4032 tatis.
161 3998 193 4033 ea
206 3990 291 4033 antem
304 3997 369 4045 quae
385 3990 443 4031 sttut
461 3982 590 4045 qualitatis
610 3993 634 4032 ct
652 3983 808 4046 quantitatis,
827 3990 854 4031 ut
867 3983 980 4033 diximus
993 3992 1040 4033 etc.
1092 3982 1108 4032 ‘d
1126 3984 1304 4049 pauperrimus
1317 3986 1342 4034 Α
1349 3984 1369 4033 C

82 4054 291 4117 pauperrissimus
309 4053 333 4102 B
350 4054 527 4120 pauperrimus
542 4052 582 4101 uel
597 4054 811 4118 pauperrissimns
827 4049 862 4101 a*
916 4054 988 4103 diues
1008 4052 1110 4102 dinitior
1127 4053 1298 4104 diuitissimos
1311 4053 1368 4103 AB

127 4122 157 4172 10
172 4123 235 4184 qnia
251 4123 317 4173 dixit
329 4122 435 4171 divitior
446 4123 544 4182 referri
552 4131 633 4182 potest
646 4123 683 4171 ad
692 4139 724 4172 ea
737 4138 803 4188 quoe
817 4129 876 4171 sacrat
886 4124 957 4185 oprtd
968 4123 1041 4188 Serp.
1055 4140 1085 4187 p,
1101 4123 1161 4185 492,
1177 4122 1188 4173 l
1203 4122 1275 4172 dives
1293 4123 1368 4171 ditior

84 4192 116 4241 vel
132 4192 246 4248 divitior,
264 4195 315 4242 nisi
330 4194 414 4255 potitn
426 4193 602 4255 prmamnticus
619 4194 721 4254 scripsit
734 4193 801 4256 quod
816 4192 869 4241 dixi
886 4193 988 4242 divitior
1042 4193 1071 4243 11
1088 4206 1136 4241 nott
1153 4202 1225 4257 putes
1238 4192 1322 4242 Aac

84 4264 175 4320 qnando
194 4261 304 4312 dicimus
321 4264 395 4313 dines
407 4258 497 4311 sca*
515 4262 616 4325 quando
635 4263 708 4311 diues
721 4264 746 4311 Α
757 4258 813 4326 (?):
830 4262 946 4324 fortasse
960 4264 1062 4325 quando
1081 4262 1287 4321 dicimtts‘dives‚
1308 4261 1369 4313 lacit

85 4331 146 4381 dives
163 4332 269 4382 divitior
339 4334 372 4383 12
387 4332 409 4382 si
427 4332 474 4380 erit
492 4332 517 4381 Α
536 4346 586 4380 nou
604 4332 650 4379 erit
668 4332 720 4382 BC
780 4334 806 4381 in
820 4330 948 4397 Terentio]
968 4332 1074 4395 Adelph.
1096 4334 1118 4380 V
1138 4332 1191 4393 1‚8
1207 4332 1246 4381 dis
1265 4332 1368 4395 quidem

85 4416 153 4459 esses,
172 4402 276 4464 Demea,
295 4417 325 4452 ac
339 4410 408 4451 tuant
427 4417 479 4450 retn
496 4400 687 4451 constabilisses
758 4401 791 4453 13
812 4402 852 4451 dis
872 4402 913 4467 pol
934 4416 1005 4453 esses
1022 4408 1104 4466 (corr.
1120 4404 1170 4451 esis
1191 4402 1217 4465 d)
1234 4402 1324 4451 demea
1344 4402 1368 4451 tt

85 4470 118 4518 dis
132 4473 238 4538 pollesis
255 4474 346 4523 demea
365 4472 439 4522 Cdis
457 4471 582 4536 polenses
601 4472 765 4521 demeacuam
783 4487 904 4535 quaerere
921 4472 946 4519 A
1000 4472 1032 4521 15
1051 4484 1100 4520 nou
1113 4480 1172 4522 suut
1185 4471 1311 4536 qualitatis
1326 4481 1368 4521 aut

86 4543 260 4602 quantitatisG
313 4540 567 4593 ldailranianaAG
619 4541 652 4592 19
669 4543 799 4605 qualitatis
817 4550 860 4589 aut
879 4542 1062 4605 quantitatisC
1115 4542 1150 4591 20
1169 4543 1195 4590 in
1210 4542 1368 4592 dubitatione

86 4610 133 4659 AB
199 4610 234 4662 23
252 4611 332 4661 altior
349 4608 562 4662 altissimusBG
629 4612 662 4661 25
680 4613 784 4677 respicit
800 4628 847 4661 ont.
865 4610 949 4661 ABG
1009 4610 1176 4661 addicamus
1195 4619 1367 4677 etposseotus

87 4679 352 4733 Bt'anondicamos
374 4692 398 4731 et
417 4681 594 4746 possumusA
647 4680 681 4732 30
699 4680 1112 4732 deiendimnsABdeleudantus
1131 4682 1172 4732 Cb
1225 4683 1369 4732 uisitauit

88 4748 250 4816 Hecviaperua
268 4754 294 4802 t'rt
318 4751 393 4805 Moli.
416 4750 509 4803 Theod.
526 4766 553 4813 p.
570 4750 605 4801 ds
628 4751 722 4801 notauit
740 4752 823 4802 ABG
893 4752 924 4804 31
944 4753 1103 4802 uarrinarum
1122 4752 1156 4804 0:
1172 4754 1197 4801 itt
1220 4754 1297 4802 Verr.
1316 4759 1365 4807 oct.

87 4833 129 4870 sec.
144 4821 189 4870 llll
209 4822 235 4883 1,
252 4824 270 4873 2
340 4838 439 4873 nomem
456 4822 477 4873 0
494 4836 584 4871 nerren
601 4822 626 4870 A
641 4832 743 4873 trement
760 4823 787 4872 B
