3350 5442
324 329 366 394 46
888 327 1050 392 coebum

367 467 373 479 .
387 440 487 482 reor-os
500 438 522 479 r.

326 453 409 580 tabes
431 526 528 599 potest
552 517 609 579 dici
631 533 728 595 neque
750 516 840 577 dicio.
867 518 934 596 quia
958 523 1057 597 aptota
1084 517 1204 576 uomina
1228 523 1257 576 et
1279 510 1468 597 monoptollta
1490 535 1507 576 a
1529 515 1610 576 decli-

144 681 146 684 .
225 631 313 695 378st
329 623 447 682 natione
470 621 648 700 discrepant.
673 619 897 682 -Necesse
925 625 980 678 est
1008 624 1128 679 autem
1152 613 1159 700 1
1183 624 1314 677 contra
1341 617 1434 679 banc
1456 617 1610 696 regulam

327 723 564 784 declinentur
587 741 627 784 ea
643 723 802 782 nomina:
827 719 900 781 baec
915 719 1028 799 regula,
1046 737 1121 799 quae
1135 726 1259 800 propter
1274 718 1486 781 discretionem
1501 722 1610 797 generis

326 824 482 886 ablativum
507 833 536 886 et
558 824 688 886 dativum
710 826 752 908 in
765 822 819 884 bus
842 823 945 892 mittit,
969 830 1002 883 ut
1024 821 1070 883 bis
1086 801 1123 882 ¹ct
1144 821 1181 882 ab
1203 821 1250 882 his
1265 820 1391 890 deabus,
1415 821 1463 882 bis
1478 828 1508 882 et
1522 821 1557 882 ab
1572 821 1611 882 bis

325 927 456 998 filiabus,
480 929 510 990 in
533 928 579 990 bis
602 935 715 989 tantum
738 924 883 988 servanda
905 932 958 994 est,
983 942 1059 1005 quae
1080 922 1157 985 lecta
1179 931 1258 984 sunt.
1295 929 1427 986 ceterum
1450 926 1476 986 si
1492 923 1630 984 volueris

324 1049 390 1092 mus
412 1031 443 1091 iu
466 1033 522 1092 ista
544 1031 642 1090 omnia
666 1028 816 1090 declinare
837 1028 956 1106 generis
977 1026 1127 1094 seminini,
1156 1027 1235 1106 perit
1256 1024 1398 1094 latinitas,
1421 1034 1455 1088 ut
1476 1025 1610 1096 llomaua,

325 1133 372 1193 bis
395 1139 425 1192 et
447 1131 484 1192 ab
507 1131 553 1194 bis
575 1129 778 1200 Romanabus,
803 1130 870 1207 quia
892 1128 950 1190 hoc
971 1129 1068 1208 ipsum
1084 1128 1165 1208 quod
1179 1129 1331 1190 inventum
1346 1137 1391 1190 est
1405 1136 1508 1189 contra
1524 1138 1611 1189 artem

325 1236 398 1310 iuris
421 1237 510 1314 periti
533 1236 682 1304 iecerunt,
711 1235 818 1313 nequis
840 1233 971 1292 moriens
998 1228 1194 1291 hereditatem
1220 1230 1287 1291 tiliis
1310 1230 1472 1292 dimitteret
1495 1239 1523 1291 et
1545 1229 1612 1290 filias

281 1347 312 1398 13
326 1337 474 1398 videretur
496 1337 665 1417 patrimonii
687 1338 734 1397 sui
755 1337 855 1397 iacere
878 1333 1014 1394 heredes.
1036 1366 1078 1375 —
1099 1330 1198 1392 llanc
1220 1332 1386 1411 regulam
1408 1333 1612 1392 invenimus

326 1438 369 1500 ab
398 1437 463 1500 boc
492 1457 576 1500 vase
604 1456 789 1500 vasorum:
814 1434 899 1498 aliter
922 1434 1080 1497 dicendum
1104 1442 1149 1495 est
1170 1453 1255 1505 vasa,
1280 1434 1367 1496 aliter
1389 1434 1550 1496 dicendum
1573 1443 1641 1494 esto

325 1543 418 1612 vasis,
448 1551 481 1602 ut
501 1542 579 1602 vasis
601 1540 767 1602 simulacris
794 1540 843 1599 bic
865 1539 970 1599 tertiae
993 1535 1198 1598 declinationis
1227 1545 1256 1597 et
1283 1537 1372 1598 iaciat
1398 1538 1473 1598 vasis
1501 1535 1541 1597 ab
1562 1536 1614 1598 boc

326 1645 386 1705 vasi
408 1644 454 1705 his
477 1642 602 1706 vasibus.
639 1643 697 1704 boc
725 1660 794 1703 vero
823 1659 874 1701 vas
901 1641 972 1700 lacit
994 1637 1031 1699 ab
1053 1639 1111 1700 boc
1134 1657 1202 1700 vase
1224 1657 1360 1700 vasorum
1382 1641 1468 1700 vasis.
1503 1643 1615 1716 lquere

326 1746 440 1823 antiqui
462 1746 573 1806 rectius
596 1745 735 1807 dicebaut
755 1763 871 1812 vasum,
894 1761 953 1823 quo
975 1741 1064 1804 modo
1086 1759 1249 1802 scamnum.
1287 1743 1446 1802 auctoritas
1467 1759 1518 1802 vas
1533 1760 1615 1821 prae·

326 1849 464 1928 sumpsit,
498 1849 566 1925 quia
600 1846 714 1910 nullum
749 1865 857 1908 nomen
890 1845 1009 1923 generis
1039 1845 1138 1904 neutri
1167 1861 1199 1903 as
1227 1843 1334 1904 litteris
1362 1845 1548 1905 terminatur.
1579 1877 1611 1887 -

281 1951 454 2011 tollativo
478 1957 513 2008 et
535 1948 697 2011 ablativo
720 1951 756 2010 in
778 1949 860 2017 bus,
876 1945 970 2009 utab
994 1945 1060 2007 bac
1084 1965 1123 2006 rc
1145 1945 1274 2008 barum
1295 1964 1416 2007 rerum
1437 1946 1495 2007 bis
1517 1956 1554 2006 et
1575 1945 1645 2006 abu

325 2054 383 2114 bis
405 2051 533 2120 rebus;
564 2059 599 2110 ct
621 2051 710 2114 baec
732 2049 861 2130 regula
888 2049 1044 2130 proprie
1070 2037 1244 2110 leminini
1271 2051 1422 2128 generis
1450 2055 1614 2129 putatur:

325 2155 400 2218 baec
421 2153 523 2233 regula
545 2154 665 2234 quintae
687 2152 894 2216 declinationis
917 2151 1051 2211 feminini
1072 2152 1192 2228 generis
1214 2159 1272 2221 est,
1297 2157 1329 2212 ut
1350 2151 1424 2212 baec
1446 2151 1510 2212 dies
1525 2152 1617 2230 magis

327 2257 469 2318 feminino
492 2275 602 2336 genere
625 2254 799 2318 declinanda
822 2256 875 2325 sit,
899 2270 986 2331 quam
1009 2251 1187 2322 masculino,
1209 2251 1278 2314 licet
1295 2252 1443 2330 Vergilius
1460 2260 1617 2333 utrumque

281 2371 315 2420 20
327 2359 443 2420 dixerit.
467 2393 510 2406 -
531 2357 565 2418 lu
587 2357 642 2420 bac
664 2357 765 2438 regula
789 2358 972 2417 accusativus
994 2354 1118 2434 pluralis
1139 2356 1269 2433 genetivi
1290 2352 1446 2433 singularis
1460 2355 1618 2418 formulam

326 2463 474 2540 sequitur,
499 2459 556 2521 boc
580 2467 624 2522 est
646 2459 699 2522 bas
721 2461 846 2539 puppis,
868 2460 945 2519 sicut
965 2456 1055 2519 buius
1075 2457 1197 2536 puppis,
1225 2465 1349 2536 propter
1376 2459 1548 2537 genetivum
1572 2459 1649 2536 quio

281 2565 355 2624 ttiu
377 2564 441 2624 ium
464 2563 551 2624 vadit.
578 2597 616 2608 -
640 2562 698 2623 lsta
725 2563 862 2630 nomina,
891 2561 1001 2640 puppis
1023 2559 1121 2637 Tigris
1142 2558 1258 2620 ‘liberis
1281 2561 1376 2631 navis,
1405 2563 1437 2622 in
1465 2562 1476 2620 i
1498 2562 1619 2622 mittunt

325 2664 500 2735 ablativum,
529 2666 605 2726 sicut
631 2662 681 2725 illa
705 2681 781 2742 quae
805 2682 821 2723 a
852 2663 1003 2724 communi
1031 2662 1153 2722 veniunt
1179 2663 1283 2724 tertiae
1312 2662 1533 2735 declinationis,
1560 2667 1565 2742 1
1589 2671 1620 2725 ut

324 2767 393 2846 agili
416 2765 494 2828 laeili
515 2765 640 2827 liberali.
681 2783 756 2843 quae
779 2767 948 2827 eommunia
970 2771 1000 2824 et
1021 2770 1128 2826 neutm
1150 2772 1234 2835 suot,
1262 2784 1381 2845 semper
1408 2767 1439 2827 in
1467 2767 1477 2826 i
1500 2768 1620 2827 mittunt

279 2885 311 2932 22
325 2868 482 2930 ablativum
506 2868 697 2947 singularem.
723 2903 759 2912 -
783 2867 866 2939 Quae
887 2868 918 2926 in
942 2868 1077 2945 genetivo
1099 2864 1207 2945 plurali
1229 2869 1401 2929 nominoio
1424 2887 1475 2930 um
1497 2868 1619 2941 vadunt,

326 2968 484 3032 ablativum
509 2968 690 3056 singularem
712 2973 742 3030 in
760 2970 926 3039 emittunt,
949 2975 983 3030 ut
997 2977 1126 3030 matrum
1142 2977 1250 3040 matre;
1274 2987 1351 3048 quae
1373 2973 1403 3032 in
1419 2973 1481 3032 ium
1496 2971 1618 3040 vadunt
1631 2989 1652 3027 u

326 3071 486 3134 ablativum
509 3071 690 3150 singularem
714 3073 744 3130 in
766 3073 777 3131 i
800 3078 829 3132 et
851 3073 882 3132 in
899 3072 1066 3141 emittunt,
1090 3079 1123 3131 ut
1138 3071 1246 3133 borum
1261 3071 1392 3134 felicium
1407 3073 1444 3134 ab
1460 3072 1519 3134 boc
1535 3073 1621 3135 lelice

326 3173 371 3234 vel
393 3172 481 3235 felici.
520 3192 588 3234 nam
606 3180 634 3234 et
649 3172 865 3235 lacrimantium
883 3172 1009 3235 dicimus
1025 3183 1055 3235 et
1069 3173 1274 3236 lacrimantum
1289 3194 1344 3254 per
1358 3194 1520 3256 syncopen.
1553 3195 1620 3238 nam

326 3273 498 3358 parllticipia
520 3294 639 3356 semper
665 3276 769 3338 inum
804 3275 914 3336 debent
942 3277 1038 3345 exire,
1069 3278 1188 3338 uomina
1216 3279 1344 3352 mium,
1376 3286 1409 3339 ut
1435 3281 1622 3355 gementium

281 3395 436 3442 eonomen
465 3379 517 3447 sit,
548 3385 719 3456 gementum
747 3378 937 3458 participium
960 3375 1042 3457 [lons
1064 3379 1130 3441 lons
1152 3377 1259 3460 irons].
1278 3414 1315 3424 -
1341 3381 1623 3442 Consuetudinc

325 3484 560 3541 commutata:
586 3487 619 3541 ut
632 3498 687 3560 per
703 3497 718 3540 e
735 3487 842 3542 exeant
861 3498 938 3558 quae
953 3498 1008 3560 per
1030 3483 1040 3541 i
1063 3481 1184 3542 exibant
1198 3481 1276 3563 apud
1292 3484 1435 3563 antiquos.
1460 3519 1504 3531 -
1525 3485 1622 3545 Con·
1635 3502 1657 3540 a

395 3668 551 3722 Godlierm.
572 3669 617 3717 Vll
636 3664 775 3718 v*-Vttt
795 3669 818 3722 1.
880 3658 991 3735 lpotesv
1038 3669 1137 3732 bquee
1155 3671 1236 3721 electe
1289 3670 1393 3736 lipsut
1448 3671 1625 3723 8bereditete

396 3739 428 3789 12
444 3739 474 3788 eb
487 3738 535 3787 boc
554 3753 617 3787 uase
632 3753 752 3788 nasorum
768 3741 837 3788 uasis
856 3753 916 3788 unae
931 3739 936 3803 1
952 3753 1072 3789 uasorum
1088 3741 1158 3789 uasis
1177 3755 1255 3805 quere
1309 3742 1341 3791 14
1357 3741 1440 3791 littere
1453 3743 1626 3792 terminentur

395 3808 427 3859 16
445 3807 688 3874 propriaetleminini
759 3807 792 3858 18
809 3805 852 3874 sit]
875 3816 913 3857 est
967 3808 999 3859 19
1017 3807 1133 3876 pluralis]
1152 3811 1290 3876 singularis
1360 3810 1395 3861 20
1412 3810 1462 3861 boe
1480 3813 1625 3862 esttrthes

393 3880 425 3929 21
445 3881 470 3928 in
486 3879 535 3927 iam
553 3877 629 3928 uadet
699 3880 794 3944 puppis
813 3879 876 3944 igrie
894 3877 1017 3942 thybris·
1064 3879 1098 3929 22
1111 3880 1271 3932 declinationi
1342 3881 1376 3934 23
1395 3885 1627 3947 queecommunia

325 3963 426 4069 eemppp
447 3957 470 3998 et
493 3957 660 4068 neultrffwm
677 3949 740 4069 in3i0
790 3949 833 4068 ’²³
851 3956 879 4068 qt
897 3957 977 4067 malm
996 3957 1105 4069 matrumt
1125 4020 1148 4070 d·
1174 3953 1207 4002 27
1226 3948 1412 4018 lacrimantum]
1434 3953 1626 4004 lacrimantium

393 4027 399 4040 ·
444 4033 564 4068 consue-u
587 4033 652 4067 mem
755 4035 811 4068 exre
831 4033 862 4068 en
885 4035 935 4085 epu
1000 4035 1209 4070 consuedinem

325 4143 384 4150 ..ο-..η
425 4141 576 4148 ....--.,-..-..

397 4193 408 4243 1
434 4195 493 4256 quie
513 4219 544 4228 -
564 4192 708 4258 discrepent
734 4193 770 4240 ad
785 4191 879 4242 Donat.
900 4190 1000 4252 378,4
1023 4192 1068 4241 sed
1094 4208 1123 4240 ea
1148 4193 1281 4242 dumtaxat
1298 4208 1365 4256 quae
1383 4208 1434 4242 non
1454 4203 1515 4244 suut
1534 4203 1628 4261 aptota

323 4267 459 4328 pertinent,
484 4263 516 4311 de
535 4264 566 4312 iis
583 4277 648 4328 quae
664 4263 823 4323 praecedunt
838 4277 886 4312 noo
908 4263 971 4311 eatis
989 4269 1089 4311 constet
1104 4272 1185 4312 utrum
1203 4264 1288 4312 eodem
1305 4263 1443 4324 reserenda
1457 4266 1517 4326 sint,
1534 4283 1573 4316 on
1593 4268 1630 4316 ad

325 4349 356 4383 ea
378 4348 443 4398 petae
459 4347 539 4396 suipra
559 4332 591 4381 de
609 4331 754 4396 differentia
775 4340 914 4395 aptotorum
931 4339 956 4381 ei
971 4340 1164 4395 monoptotorum
1179 4335 1311 4398 disputata
1328 4342 1386 4383 sunt
1405 4337 1557 4397 pertineant

325 4405 341 4454 5
360 4402 513 4453 voluerimus
531 4403 565 4452 ite
583 4402 633 4454 iste
650 4401 785 4452 Putseleius
854 4402 871 4452 6
889 4400 1012 4467 Romana]
1031 4403 1069 4464 ef.
1091 4402 1201 4467 Pompei.
1216 4419 1245 4468 p.
1264 4403 1314 4454 lto
1331 4411 1355 4453 et
1370 4401 1397 4467 p,
1416 4405 1468 4456 209
1486 4405 1528 4455 ed.
1547 4407 1628 4456 Lind.

396 4473 428 4523 10
445 4489 490 4522 ves
512 4475 654 4523 intremere
672 4473 796 4538 einpulnra‘
818 4475 909 4523 tertiae
929 4473 1103 4524 declinationis
1125 4489 1194 4534 esee,
1220 4476 1246 4523 in
1261 4489 1363 4524 nwrrero
1380 4476 1476 4539 plurali
1493 4480 1631 4528 secundae

326 4545 415 4593 docent
428 4543 532 4595 Seruius
546 4545 571 4592 in
587 4545 682 4594 Donat.
701 4543 759 4603 434,
780 4544 813 4594 12
831 4551 856 4593 et
872 4544 1005 4607 Pompeius
1019 4561 1048 4608 p·
1066 4543 1118 4594 213
1137 4544 1176 4594 ed.
1198 4543 1274 4594 Liud.
1291 4560 1393 4610 quorum
1409 4547 1523 4596 rationes
1542 4549 1570 4597 ei
1582 4548 1631 4596 boc

326 4628 422 4679 quoque
443 4617 497 4664 loeo
515 4614 647 4665 Gledoniue
669 4621 766 4664 secutus
787 4622 841 4671 est,
859 4621 886 4662 ut
903 4615 979 4668 solet,
1002 4617 1040 4664 sic
1053 4615 1113 4678 fere
1136 4615 1256 4680 seriptum
1274 4616 1406 4679 reliquisse
1421 4617 1558 4679 putandus
1580 4626 1630 4677 est,

326 4681 399 4732 aliter
423 4683 560 4738 dicendum
579 4693 617 4733 est
635 4698 705 4746 vasa,
726 4684 798 4732 aliter
815 4681 952 4732 dicendum
970 4693 1080 4744 estvm,
1101 4693 1127 4733 ut
1142 4698 1188 4732 vas
1208 4685 1233 4733 in
1250 4685 1375 4751 singulari
1393 4699 1499 4736 numero
1520 4689 1557 4737 sit
1577 4697 1632 4738 ter·

325 4753 377 4802 tiee
395 4753 570 4804 declinationis
590 4761 615 4803 et
632 4753 709 4803 iaciat
728 4753 803 4802 buius
818 4753 886 4803 vasis
903 4754 934 4802 ab
953 4753 1095 4816 irecense,
1114 4754 1178 4804 lmen
1193 4770 1254 4804 vero
1271 4771 1334 4805 vase
1349 4754 1477 4806 secundae
1497 4766 1524 4807 et
1545 4757 1633 4809 faciet

326 4837 444 4877 vesorum
460 4825 530 4874 vasis
600 4823 635 4875 29
652 4839 725 4874 neone
745 4823 802 4874 ioue
821 4822 892 4874 lroos
906 4825 1090 4876 consuetudine
1108 4833 1260 4875 commutata
1279 4824 1413 4877 Puteeltiue
