3350 5442
663 383 734 446 nus
1306 377 1349 443 43

1155 503 1177 544 p.
1191 491 1248 532 laea.
1261 491 1287 530 aa
1300 487 1323 528 l’.

80 593 150 654 quae
169 590 208 631 ex
232 573 319 632 Asia
341 570 525 633 facillime
548 574 852 651 conportantnr'.
871 605 909 616 -
927 573 969 631 vt
989 574 1071 632 vina
1094 569 1204 632 mella
1219 569 1464 640 ordea:3⁷6,31

79 675 228 740 Cornificius
251 673 354 736 Gallus
376 673 446 735 inde
468 673 661 754 reprehendit
682 674 858 754 Vergilium,

205 776 319 838 ordea
341 779 402 857 qui
424 775 535 846 dixit,
559 785 735 856 superest
756 783 795 838 ut
816 777 946 839 tritica
969 776 1079 837 dicat.

80 881 271 956 -Semper
299 877 461 960 pluralia
490 879 652 940 eiusdem
681 881 845 958 generis,
874 886 912 940 ut
938 897 1051 941 arma:
1081 882 1348 958 quotienscumque

59 988 119 1044 aista
142 982 258 1042 nomina
285 983 317 1041 iu
347 983 527 1043 nominativo
553 980 661 1062 plurali
688 989 757 1044 autc
787 979 920 1044 ultimam
948 980 1080 1042 vocalem
1103 984 1151 1042 ai
1178 981 1346 1050 habuerint,

76 1103 171 1165 semper
190 1085 362 1162 genetivum
390 1087 421 1144 in
449 1087 510 1146 ium
534 1085 668 1153 mittunt;
691 1087 715 1144 si
742 1093 969 1154 consonantem,
998 1087 1029 1144 in
1058 1101 1140 1156 rum,
1169 1093 1201 1145 ut
1230 1085 1347 1144 moenia

75 1189 216 1256 moenium,
242 1193 337 1248 castra
360 1196 540 1258 castrorum,
564 1188 635 1248 licet
656 1194 773 1248 veteres
788 1195 893 1248 contra
908 1196 1003 1249 artem
1018 1188 1203 1248 moeniorum
1219 1185 1350 1248 dixerint

76 1299 98 1350 ot
114 1288 294 1360 anciliorum,
320 1297 351 1350 ut

205 1391 434 1453 anciliorum
457 1391 599 1476 oblitus
621 1394 781 1454 nominis
805 1401 841 1454 et
861 1400 978 1471 togae.

48 1517 65 1555 n
76 1498 108 1554 l't
124 1493 294 1574 populus:
319 1493 389 1555 dum
411 1496 471 1555 sint
492 1493 650 1573 singularis
673 1497 789 1556 numeri
811 1494 939 1576 populus
954 1501 984 1555 et
998 1496 1112 1564 contio,
1136 1493 1245 1574 plurali
1260 1492 1348 1554 intel·
1362 1502 1449 1559 3721

74 1597 205 1674 leguntur,
231 1598 299 1676 quia
321 1595 448 1676 populus
470 1605 500 1659 et
522 1598 620 1658 contio
645 1615 680 1658 ex
702 1597 802 1658 multis
825 1605 884 1666 est,
910 1594 994 1678 lnon
1018 1617 1054 1658 ax
1075 1615 1145 1658 uno.

141 1697 391 1778 Nugigerulus
413 1707 694 1779 conponuntur:
729 1701 822 1779 figura
845 1701 999 1780 conposita
1020 1702 1139 1761 inventa
1162 1708 1207 1762 cst
1229 1706 1378 1760 ornatus?

73 1821 152 1862 musa.
183 1820 253 1863 nam
270 1803 378 1863 maxim
396 1819 430 1864 ea
445 1804 520 1864 iuris
535 1804 640 1883 peritis
654 1803 772 1863 inventa
788 1810 847 1874 est,
871 1805 922 1882 qui
938 1802 997 1863 duo
1011 1801 1102 1864 verba
1117 1807 1352 1882 composuerunt

74 1903 109 1964 rel
127 1905 256 1974 nomina,
279 1904 554 1976 fideicommissum,
577 1906 804 1986 iurequiritium.
828 1939 872 1949 —
893 1903 1218 1985 inexpugnabilis:
1244 1909 1378 1964 notan-8

46 2007 128 2067 ndum
148 2008 213 2084 quia
238 2024 441 2088 quaecumque
457 2009 567 2069 luerint
589 2009 709 2069 nomina
733 2009 909 2088 composita,
934 2009 960 2068 si
982 2005 1123 2087 aduplioi
1139 2007 1266 2086 conponi
1282 2024 1349 2085 pos·

71 2119 138 2178 sunt,
159 2109 307 2189 simplicia
330 2116 413 2179 sunt;
437 2111 504 2190 quia
528 2129 594 2171 cum
617 2109 684 2171 dico
701 2109 914 2190 expugnabilis,
936 2112 1132 2190 compositum
1148 2116 1193 2169 ast
1207 2113 1349 2169 ettamen

72 2211 179 2290 simplex
202 2220 263 2282 est,
293 2214 361 2292 quia
384 2213 454 2274 iacit
475 2213 722 2292 inexpugnabilis.
739 2208 753 2296 ΙΙ
768 2212 847 2274 aliud
871 2215 950 2274 enim
979 2214 1124 2292 significat
1145 2208 1350 2291 expugnabilis

71 2321 92 2372 et
110 2311 182 2374 aliud
203 2314 452 2394 inexpugnabilis.
491 2324 651 2396 propterea
673 2315 789 2377 videtur
811 2334 872 2376 non
894 2315 1056 2376 secundum
1085 2314 1280 2393 conpositum.
1308 2321 1378 2367 -a

72 2415 153 2486 Quae
175 2435 216 2476 ex
240 2416 386 2478 duolrus
408 2419 651 2479 nominativis
675 2419 884 2498 composita
905 2419 994 2478 sint:
1019 2417 1085 2494 quia
1101 2416 1161 2478 duo
1176 2415 1350 2476 nominativi

43 2535 113 2596 opor
126 2536 226 2579 omues
242 2536 331 2580 casus
344 2509 551 2589 inflectuntur;
573 2522 598 2581 si
614 2522 810 2582 nominativus
826 2539 893 2581 cum
910 2518 968 2580 alio
983 2537 1053 2580 casu
1068 2519 1173 2588 luerit,
1188 2518 1348 2579 nominati·
1398 2521 1403 2536 '

71 2639 111 2680 rus
124 2629 236 2682 tautum
251 2622 429 2692 inflectitur,
453 2621 526 2684 alius
541 2621 692 2684 inmobilis
708 2631 815 2684 manet.
840 2622 889 2683 hic
904 2620 1132 2703 paterfamilias:
1151 2621 1290 2695 familias
1303 2620 1348 2679 in-

70 2721 231 2785 declinabile
247 2729 303 2793 est,
324 2721 328 2806 Ι
348 2743 528 2805 quamquam
544 2723 628 2786 multi
648 2724 747 2788 dicant
768 2745 833 2788 esse
854 2728 1021 2804 genetivum
1037 2741 1161 2802 graecae
1176 2721 1349 2783 declinatio·

70 2824 113 2884 nis.
140 2824 190 2886 sed
213 2826 321 2888 melius
343 2826 458 2888 dicetur
472 2845 581 2888 nomen
597 2846 663 2890 esse
677 2827 896 2899 indeclinabile,
913 2829 1053 2907 quoniam
1069 2844 1128 2887 non
1145 2824 1214 2886 licet
1227 2824 1350 2886 latinum

70 2945 159 3004 graeca
180 2927 286 3008 regula
314 2927 467 2991 declinari.
492 2931 596 2991 -Vt
623 2931 846 3011 praelectus
874 2931 1054 3007 equitum:
1079 2947 1097 2983 a
1126 2935 1159 2989 ut
1180 2927 1350 3008 praelectus
1364 2934 1394 2982 ιι

42 3051 61 3087 s
71 3028 189 3106 vigilibus
203 3030 334 3092 elocutio
349 3039 403 3102 est,
426 3051 485 3098 non
501 3050 620 3102 nomen,
644 3032 700 3092 hoc
717 3035 825 3112 estqui
840 3040 959 3112 praeest
973 3030 1118 3111 vigilibus,
1143 3032 1211 3111 quia
1226 3047 1351 3091 necesse

70 3139 106 3190 est
123 3133 231 3212 aliquid
254 3135 422 3224 interponi,
447 3127 514 3212 quia
538 3137 632 3214 magis
654 3135 690 3195 ad
713 3137 902 3215 participium
924 3135 1068 3204 retertur,
1098 3135 1166 3213 quia
1193 3133 1351 3212 praeficior

69 3231 126 3292 lacit
144 3236 327 3313 praelectus,
350 3244 383 3298 ut
404 3236 597 3299 commcodor
619 3237 857 3308 commendatus,
881 3236 984 3298 trador
1003 3236 1128 3297 traditus
1151 3235 1205 3317 [ita
1221 3243 1251 3296 et
1264 3253 1351 3314 prae·

69 3334 147 3396 lutus
167 3337 262 3401 urbis.
302 3340 438 3417 genetivo
459 3341 607 3418 iungitur,
635 3347 668 3400 ut
698 3341 863 3400 ‘inmitIs
891 3336 1075 3420 Achilli’}
1098 3373 1141 3384 —-
1162 3336 1259 3408 Quae
1289 3343 1351 3397 aut
1365 3343 1396 3390 14

71 3442 259 3518 composita
287 3448 386 3502 sunt:
415 3459 452 3502 ne
475 3441 608 3503 videatur
637 3461 702 3504 esse
725 3443 906 3504 contrarium
934 3441 1012 3521 quod
1035 3440 1110 3502 dicit
1131 3441 1249 3502 nomina
1278 3456 1349 3500 eon·
1444 3427 1449 3432 ’

44 3542 148 3616 aposita
170 3560 230 3603 nou
255 3542 368 3608 debere
390 3545 543 3626 componi,
567 3545 679 3626 quippe
700 3563 767 3606 cum
790 3545 927 3625 superius
942 3543 1049 3605 dixerit
1065 3561 1100 3604 ex
1114 3541 1249 3624 pluribus
1263 3559 1351 3621 posse

71 3646 195 3723 conponi,
220 3645 294 3707 inde
315 3644 547 3724 intellegendum
571 3654 629 3717 est,
653 3647 731 3727 quod
754 3649 813 3708 iam
836 3648 1033 3726 compositum
1055 3655 1101 3708 est
1122 3648 1153 3706 in
1169 3644 1351 3705 contrarium

70 3761 171 3806 sensum
186 3766 250 3808 non
271 3765 361 3827 posse
383 3750 520 3829 conponi.
549 3756 582 3810 ut
603 3755 674 3828 puta
696 3749 766 3811 lelix
783 3767 905 3810 sensum
920 3767 1005 3810 suum
1019 3748 1123 3817 habet;
1144 3747 1149 3830 Ι
1168 3747 1351 3808 contrarium

125 3985 183 4038 θοαὶ.
203 3987 289 4039 Baro.
311 3986 356 4036 Vll
376 3983 476 4039 ³*-a.
547 3983 656 4052 lquae]
677 4003 726 4050 qua
786 3987 909 4038 facillimo
980 3985 1094 4056 3dicat]
1116 3987 1173 4038 dica
1221 3987 1351 4051 dgeuere

124 4054 221 4124 dium]
239 4067 295 4107 turn
309 4071 377 4106 corr.
396 4058 449 4106 ium
519 4055 552 4124 si]
573 4071 611 4108 .a.
684 4055 809 4124 iontem]
831 4073 890 4108 arce
958 4057 1019 4108 Bet
1035 4057 1202 4108 archiliorum
1218 4064 1245 4105 ut
1258 4053 1351 4104 ancho-

73 4121 144 4173 iorum
216 4128 250 4178 12
270 4135 373 4178 ornatos
445 4128 476 4178 14
496 4127 697 4190 iuroequiritium
717 4127 897 4195 expugnauilie
953 4128 985 4179 la
1004 4127 1027 4176 si
1044 4127 1173 4195 adduplici
1244 4123 1275 4176 17
1289 4124 1353 4173 aliut

126 4195 156 4246 18
170 4197 234 4248 aliut
307 4198 419 4248 secundo
436 4213 505 4250 corr.
524 4199 560 4250 al.
576 4213 641 4248 man.
659 4199 732 4249 dum
803 4199 835 4249 21
855 4197 967 4250 familias
984 4213 1031 4251 om,
1103 4192 1251 4263 anteguis]
1273 4194 1352 4244 multo

77 4267 157 4318 ⁸26
173 4269 234 4332 qula
254 4267 375 4334 praeficio
444 4267 477 4316 27
495 4275 522 4316 ut
539 4268 702 4318 commendos
772 4269 805 4320 28
822 4269 876 4338 aot]
896 4279 981 4320 eutem

125 4475 294 4526 icomelius
313 4473 399 4526 Gallus
422 4476 527 4525 wnieeit
544 4473 709 4540 Spaldiapiur
723 4476 749 4524 io
766 4473 894 4536 Quintili
914 4475 940 4534 5,
961 4474 1007 4526 lo:
1026 4475 1060 4537 cf.
1084 4475 1202 4540 Vnperca
1219 4474 1252 4524 de
1273 4474 1349 4538 Valp.

74 4555 132 4600 Μ.
148 4561 173 4608 p.
186 4543 249 4597 392.
270 4545 295 4596 Ι.
308 4543 441 4596 neceam
456 4543 549 4607 epieto.
569 4547 646 4610 antiq.
664 4543 775 4610 (Ztealrr.
787 4546 809 4608 s.
825 4543 949 4609 Altertlt.)
963 4561 989 4598 a.
1003 4543 1071 4595 1847
1083 4561 1113 4610 p.
1132 4543 1208 4596 1065,
1228 4543 1349 4594 Ribbeck.

74 4615 122 4671 ποι.
136 4616 160 4664 in
179 4616 263 4681 ἵστη.
302 4613 358 4666 ‚aa
410 4611 600 4681 ilanciliorum]
621 4613 689 4667 Hor.
707 4631 783 4666 curm
800 4617 833 4664 lll
852 4614 926 4675 o,10
978 4615 1011 4664 24
1029 4629 1120 4680 graeco
1138 4628 1208 4664 more
1224 4613 1352 4664 declinare

77 4681 198 4738 menas.-
214 4687 252 4751 os.
355 4687 386 4738 ei.
403 4701 431 4749 p.
449 4685 499 4736 190
516 4685 558 4738 ed.
575 4686 653 4741 Lind,
675 4685 743 4750 apud
760 4686 870 4735 maiores
893 4685 960 4734 enim
981 4696 1081 4734 nostros
1104 4684 1226 4751 pleraque
1248 4686 1351 4734 nomino

78 4753 176 4804 alritum
194 4771 319 4824 gnaeum
344 4755 535 4806 declinabantur
587 4755 620 4806 18
637 4757 734 4806 inmitis
749 4753 853 4822 Achilli]
874 4757 952 4820 Verp.
972 4755 1038 4806 Aen.
1057 4755 1128 4809 130.
1148 4754 1242 4805 11187.
1263 4755 1350 4814 cndu,

78 4825 111 4872 dai
122 4829 212 4879 miro
229 4827 265 4878 ac
279 4825 327 4877 doe
344 4827 399 4876 loco
414 4828 499 4876 alieno
514 4834 584 4880 eunt.
604 4841 634 4876 eo
652 4827 754 4877 acontio
772 4827 903 4890 adscripta
919 4840 976 4877 eoae
991 4825 1116 4890 videntur,
1134 4833 1163 4880 ct
1178 4825 1284 4882 ἀαιὶυιαιι
1301 4839 1350 4896 pro

76 4898 173 4962 μιιίυο,
189 4897 248 4947 urbi
258 4911 310 4961 pro
327 4896 409 4962 urbis,
421 4897 482 4961 poni
494 4910 572 4960 posse
589 4895 635 4954 doc
653 4898 767 4967 exenvplo
782 4895 946 4961 probaretur.
