3350 5442
311 341 373 406 616
867 344 1048 408 Mlcudttlt

336 465 357 505 p.
370 453 471 494 nae-ea
485 451 508 494 P.

311 531 395 593 vorbi
418 533 563 613 positione
586 534 685 593 luerat
707 535 772 594 eins
793 531 956 600 indicium,
979 531 1147 612 καλοῦμαι
1169 529 1329 610 καλεῖται,
1351 525 1404 593 ὅτι
1425 531 1522 592 καλοῖ
1544 551 1598 592 κα·
1663 529 1664 606 l

311 633 390 713 λείς,
413 635 541 696 secunda
564 636 596 694 in
617 654 639 694 α
660 642 783 716 propter
805 619 929 695 e'andem
951 651 1079 702 eausam,
1103 632 1246 714 τιμῶμαι
1260 633 1402 713 τιμᾶται,
1425 627 1479 694 ὅτι
1496 635 1596 715 τιμᾷς.
1663 617 1664 670 l

310 743 432 796 πιπτει
456 735 641 817 χρυσοῦται
662 737 731 797 ideo
753 739 863 798 retinet
885 756 944 814 ου,
971 737 1040 816 quia
1063 737 1230 814 propinqua
1257 737 1353 814 priori
1380 743 1442 796 est:
1477 745 1597 816 utraque

311 839 390 897 enim
414 836 614 917 diphthongus
635 857 667 900 οι
689 845 720 898 et
741 856 784 899 ον
805 856 900 919 pero
928 836 1056 898 litteram
1084 844 1302 916 conponuntur.
1346 839 1481 899 futurum
1504 846 1596 900 autem

311 929 576 1020 περισπωμένων
603 947 634 1002 et
659 941 689 1000 in
718 939 871 1019 barytonis
896 948 958 1000 tam
986 957 1128 1019 praesens
1149 957 1237 1020 qnam
1259 939 1393 1000 futurum
1415 959 1435 999 ο
1461 940 1618 1008 litterams

310 1059 385 1119 quae
408 1041 465 1101 luit
486 1041 666 1136 paenultima
689 1045 812 1121 primae,
835 1059 890 1121 per
906 1041 1024 1102 tertiam
1049 1042 1078 1102 in
1101 1060 1117 1102 ε
1138 1042 1289 1110 transfert,
1312 1048 1345 1102 ut
1371 1049 1476 1102 natura
1504 1041 1597 1102 breuis

308 1149 440 1203 mutetur
467 1144 497 1202 in
529 1152 634 1205 natura
667 1141 803 1215 brevem,
831 1137 1062 1223 φιληθήσομαι
1089 1137 1330 1224 φιληθήσεται,
1355 1137 1359 1223 l
1383 1137 1522 1223 λέγομαι
1546 1138 1596 1202 λέ-

265 1257 270 1268 ·
309 1261 419 1324 γεται,
449 1240 654 1325 λεχθήσομαι
677 1239 886 1325 λεχθήσεται.
931 1247 1143 1324 cuiuscumque
1166 1244 1250 1305 verbi
1278 1245 1387 1324 passivi
1415 1243 1461 1304 vel
1484 1247 1595 1323 passivo

309 1345 417 1407 similis
438 1347 534 1426 prima
556 1365 683 1426 persona
705 1346 828 1425 pluralis
850 1347 882 1406 in
902 1364 1087 1426 quocumque
1111 1355 1244 1426 tempore
1266 1349 1298 1406 in
1319 1347 1367 1406 θα
1382 1345 1526 1426 syllabam
1548 1346 1594 1406 de·

310 1449 395 1516 sinit,
436 1443 609 1529 νοούμεθα
644 1443 834 1529 ἐνοούμεθα
874 1443 1065 1528 νενοήμεθα
1103 1441 1311 1528 ἐνενοήμεθα
1342 1442 1594 1528 νοηθησύμεθα;
1607 1467 1626 1504 n
1664 1518 1665 1555 η

309 1541 468 1626 ύύριστον
490 1551 584 1619 enim,
612 1552 664 1629 qui
686 1550 767 1611 solus
788 1552 819 1611 in
841 1568 905 1630 μεν
932 1551 1006 1620 exit,
1030 1544 1237 1631 ένοήθημεν,
1261 1557 1386 1620 transeo,
1409 1551 1479 1629 quia
1503 1549 1594 1610 Latini

310 1652 457 1728 ignorant.
499 1667 554 1731 per
575 1653 674 1712 omnia
694 1660 830 1731 tempora
858 1653 983 1731 primam
1006 1669 1163 1731 personam
1190 1649 1334 1730 pluralem
1366 1652 1510 1712 maiorem
1532 1669 1595 1732 pro·

309 1753 410 1813 lerunt
424 1751 577 1830 singulari,
600 1751 877 1833 tarnuanense,
902 1749 1041 1814 ἐποίουν
1057 1749 1251 1833 ἐποιοῦμεν,
1267 1753 1434 1834 πεποίηκα
1457 1750 1594 1834 πεποιή-
1664 1765 1665 1828 ι

310 1873 429 1934 ταμεν,
454 1850 667 1936 ἐπεποιήκειν
683 1851 949 1936 ἐπεποιήκειμεν,
970 1849 1101 1935 ποιήσω
1117 1848 1314 1934 ποιήσομενι
1337 1857 1380 1915 sic
1395 1863 1425 1914 et
1440 1854 1596 1934 ποιοῦμαι

310 1952 511 2036 ποιούμεθα,
525 1952 710 2037 ἐποιούμην
722 1951 942 2037 ἐποιούμεθα,
957 1954 1139 2036 πεποίημαι
1150 1950 1372 2036 πεποιήμεθα,
1390 1953 1594 2037 ἐπεποιήμην
1606 1975 1625 2012 u
1664 1945 1665 1956 ’

310 2052 556 2138 ἐπεποιήμεθα,
579 2055 806 2140 ποιηθήσομαι
832 2053 1100 2138 ποιηθησύμεθα.
1145 2060 1188 2119 sie
1217 2065 1247 2118 et
1275 2058 1352 2137 apud
1381 2058 1504 2119 Latinos
1535 2077 1594 2119 amo
1664 2121 1665 2124 ,

309 2177 455 2230 amamus,
483 2158 618 2221 amabam
645 2160 825 2231 amabamus,
860 2161 954 2221 amavi
978 2161 1152 2230 amavimus,
1185 2177 1348 2221 amaveram
1387 2179 1593 2230 amaveramus,

309 2259 414 2321 amabo
441 2261 620 2332 amabimus;
643 2265 687 2323 sie
708 2271 738 2323 et
767 2281 850 2324 amor
879 2279 1022 2331 amamur,
1045 2261 1165 2324 amabar
1180 2261 1360 2332 amabamur‚
1384 2261 1507 2324 amabor
1522 2281 1593 2324 ama·

309 2361 418 2422 bimur.
463 2365 494 2423 in
520 2365 635 2442 graecis
661 2363 762 2424 verbis
783 2364 913 2426 secunda
936 2381 1063 2444 persona
1091 2363 1216 2444 pluralis
1242 2367 1335 2424 aotiva
1369 2381 1456 2424 uuam
1480 2365 1594 2426 ultimae

309 2463 441 2543 syllabae
462 2483 533 2526 snae
556 2464 686 2527 litteram
707 2485 726 2526 τ
748 2474 843 2527 [αιτιοι
863 2469 894 2526 in
911 2461 1003 2526 exat
1016 2466 1043 2525 θ
1057 2467 1130 2526 etllt
1145 2468 1270 2545 passiva,
1294 2469 1626 2544 autoramentum

309 2560 455 2645 γράφετε
476 2562 665 2648 γούφεσθει
688 2568 766 2646 quod
789 2586 848 2628 non
863 2569 983 2628 mireris
1001 2569 1033 2628 iu
1048 2570 1218 2648 praeteritis
1240 2569 1382 2648 perlectis
1397 2586 1456 2629 non
1472 2569 1594 2636 evenire,

309 2685 376 2728 eum
399 2662 602 2750 πεποιήκατε
623 2664 854 2752 πεποιήκασθε
869 2689 928 2731 non
950 2671 1049 2740 laoiat,
1066 2670 1118 2732 sed
1141 2669 1337 2750 πεποίησθε,
1360 2688 1416 2730 neo
1439 2665 1595 2732 λελύκατε

309 2763 513 2850 λελύκασθε,
535 2771 587 2831 sed
610 2768 767 2850 λέλνσθε,
790 2789 846 2831 neo
868 2767 1062 2852 reapparente
1084 2767 1324 2851 πεφοοίκασθε,
1347 2771 1398 2832 sed
1422 2766 1594 2852 πέφρασθε

310 2879 340 2930 et
362 2872 482 2933 similia.
527 2872 584 2934 alia
607 2875 686 2933 enim
709 2873 812 2952 regula
834 2873 882 2934 lris
904 2874 1090 2955 temporibus
1112 2874 1250 2943 obviavit,
1274 2875 1359 2934 cuius
1373 2874 1530 2954 imperium
1551 2879 1594 2932 est

309 2979 342 3032 ut
366 2976 466 3034 omnia
491 2973 582 3034 uerba
609 2993 734 3054 quornm
763 2977 860 3055 prima
883 2993 1010 3056 persona
1038 2978 1069 3036 in
1096 2977 1144 3036 θα
1172 2977 1234 3037 exit
1261 2975 1422 3037 secundam
1455 2977 1622 3037 minoroue

309 3072 423 3153 syllaba
450 3075 614 3154 proterant.
664 3077 691 3136 si
718 3093 791 3156 ergo
823 3079 945 3138 lecisset
971 3073 1222 3158 πεποιήκασθε,
1257 3096 1311 3158 par
1345 3079 1424 3139 loret
1459 3095 1590 3140 numerus

309 3174 489 3254 syllabarum
517 3195 585 3238 oum
612 3180 708 3258 prima
736 3174 963 3260 πεποιήμεθα,
990 3181 1016 3240 si
1039 3175 1247 3259 λελύκασθε,
1276 3197 1342 3239 eum
1365 3169 1545 3260 λελύμεθαζ
1567 3179 1587 3236 si

309 3273 542 3358 πεφράκασθε,
564 3298 631 3340 enm
654 3277 868 3360 πεφρύμεθα.
908 3282 976 3342 ideo
999 3283 1170 3342 necessario
1192 3279 1303 3360 syllaba
1332 3281 1428 3343 media
1450 3281 1588 3342 subtracta
1665 3285 1666 3346 l

309 3378 422 3440 resedit
443 3379 631 3460 πεποίησθε
653 3377 799 3443 λέλυσθε
821 3378 1010 3462 πέφρασθε.
1055 3391 1188 3444 ceterum
1216 3387 1343 3444 ποιεῖτε
1370 3385 1521 3444 ποιεῖσθε
1540 3375 1590 3441 λε’-

308 3500 383 3558 γετε
398 3476 538 3560 λέγεσθε
552 3485 647 3563 priori
663 3483 783 3562 regulae
795 3482 980 3563 obsequitur,
997 3488 1065 3564 quia
1081 3503 1139 3546 non
1153 3492 1299 3565 repugnat
1314 3487 1466 3565 sequenti:
1482 3477 1588 3544 ποιοῦ
1600 3503 1620 3540 ν

308 3584 397 3662 μεθα
419 3585 499 3644 enim
522 3587 687 3664 ποιεῖσθε,
709 3581 877 3666 λεγόμεθα
899 3581 1049 3664 λέγεσθε.
1093 3589 1123 3648 in
1148 3585 1247 3648 verbis
1270 3588 1403 3666 passivis,
1417 3585 1462 3646 val
1484 3586 1589 3666 passivo

309 3683 457 3746 similibus
478 3704 606 3766 persona
629 3689 717 3748 tertia
740 3688 900 3766 singularis
923 3687 1023 3749 addito
1044 3708 1066 3749 ν
1088 3698 1155 3750 ante
1178 3707 1196 3748 τ
1218 3707 1286 3750 cum
1313 3690 1428 3768 primae
1456 3703 1588 3768 personae

308 3786 490 3866 paenultima
512 3791 632 3850 tertiam
655 3788 800 3869 pluralem
817 3790 897 3860 lacit,
921 3785 1051 3869 λέγεται
1067 3786 1232 3869 λέγονται,
1255 3795 1399 3852 ποιεῖται
1413 3789 1588 3854 ποιοῦνται,

309 3887 485 3969 πεποίηται
506 3889 716 3971 πεποίηνται,
740 3891 851 3973 εἴρητο
875 3891 1019 3972 είηηντο,
1043 3887 1174 3971 ἐλέγετο
1197 3887 1365 3970 ἐλέγοντο,
1389 3883 1451 3953 ἐὰν
1468 3886 1589 3970 λέγηται

310 3982 372 4050 εὀὶν
399 3987 579 4071 λέγωνται,
609 3989 641 4074 εί
665 3988 795 4071 λέγοιτο
824 3991 856 4055 εί
881 3989 1041 4072 λέγοιντο.
1087 3994 1165 4054 unde
1194 3993 1243 4054 illa
1276 3996 1437 4073 praeterita
1471 3995 1620 4074 perlectae

308 4111 384 4173 quae
411 4092 459 4152 bis
487 4093 597 4156 litteris
624 4098 655 4155 in
683 4096 782 4157 medio
808 4103 945 4156 contexta
968 4102 1051 4166 sunt,
1075 4105 1108 4157 ut
1130 4097 1161 4156 iu
1183 4095 1269 4156 tertia
1292 4114 1419 4175 persona
1452 4093 1588 4176 pluralia

309 4213 367 4255 non
395 4197 491 4274 possit
518 4196 655 4275 adiungi,
680 4197 822 4258 advocant
845 4196 902 4258 sibi
925 4199 1096 4277 partieipia:
1121 4193 1125 4278 Ι
1149 4191 1307 4276 τέτιλται,
1336 4199 1405 4278 quia
1429 4195 1587 4258 interiet

307 4314 326 4357 τ
347 4315 369 4356 ν
391 4315 457 4358 esse
480 4315 539 4358 nou
562 4301 672 4378 potuit,
696 4301 745 4359 eui
768 4317 824 4359 nec
846 4299 926 4361 llnali
950 4318 1015 4360 esse
1047 4307 1113 4380 post
1141 4295 1273 4379 λάμβδα
1300 4317 1356 4359 neo
1378 4301 1508 4379 incipere
1529 4301 1586 4356 aute

307 4406 374 4460 ταύ
396 4399 440 4460 las
462 4406 535 4470 erat,
560 4401 671 4461 laetum
687 4408 733 4460 est
747 4397 931 4482 τετιλμένοι
947 4398 1050 4462 elatu:
1071 4397 1255 4482 γέγραπται
1270 4401 1417 4472 similiter,
1441 4402 1506 4481 quia
1519 4401 1587 4459 tntu

307 4517 332 4561 π
365 4497 421 4561 καλ
443 4521 460 4561 τ
482 4520 541 4562 non
573 4502 748 4563 admittebat
774 4523 813 4584 ν,
840 4499 1064 4584 γεγραμμένοι
1092 4498 1190 4583 εἰσίν,
1222 4498 1383 4564 τέτνπται
1404 4493 1617 4584 τετυμμένοιο

306 4633 610 4648 ..Ὀ-..ι--ι-

377 4688 394 4736 6
413 4698 442 4737 ut
459 4689 581 4740 nuttrrnlia
599 4691 684 4740 breuis
704 4691 728 4738 in
743 4699 832 4739 nutura
845 4690 947 4740 breuem
960 4690 985 4740 P
1052 4691 1084 4741 32
1096 4704 1208 4755 persona
1221 4691 1293 4750 tertia
1305 4691 1442 4754 singularis
1456 4690 1530 4740 Ιιιταε
1541 4701 1587 4753 prr·

260 4783 264 4788 -
308 4767 373 4803 sona
385 4758 498 4806 sentrude
511 4757 655 4823 pluralisP
719 4753 1092 4823 θθλέγωνταιΙλεγονταιΡ
1158 4759 1365 4809 dissertiva?
1433 4753 1588 4824 taciturum

307 4824 334 4874 P
398 4825 433 4874 40
450 4825 600 4878 admittebat
612 4843 629 4877 ν
639 4843 658 4892 p
670 4826 864 4877 admittebamns
876 4827 901 4876 P
967 4821 1114 4904 τέτακται]
1129 4841 1281 4878 neretum
1294 4827 1318 4876 Ρ
