3350 5442
320 327 361 394 78
879 329 1053 394 chunoni!

345 451 366 494 p.
380 439 437 481 1333
451 435 505 480 331)
1153 431 1158 461 t

318 519 361 580 les
389 537 444 580 nec
471 517 595 589 locales,
625 537 662 580 ex
688 539 775 581 sensu
805 518 997 598 colliguntur,
1029 519 1033 602 l
1065 537 1099 578 ex
1128 521 1222 598 spatio
1250 515 1301 579 aul
1322 537 1358 579 ex
1380 520 1446 599 ipso
1469 517 1545 580 loco.
1576 553 1614 562 -

201 621 639 701 ³91,11Praepositiones:
669 621 705 682 ad
733 622 915 702 praepositio
943 629 1060 682 acutum
1089 621 1192 691 habet:
1220 630 1313 682 mutat
1334 629 1486 682 accentum
1510 624 1615 682 iuncta

319 731 349 784 et
370 722 553 804 loquellaris,
577 731 610 784 ut
632 723 745 802 adegit,
769 731 799 784 et
821 723 983 802 penultima
1006 722 1095 784 hahet
1117 730 1281 784 accentum.
1326 741 1410 804 prae,
1434 725 1616 803 praevertit:

318 842 391 904 prae
412 807 502 887 babet
523 825 754 887 circumflexum.
792 827 831 886 ita
860 834 889 886 et
910 845 928 886 o
951 824 1175 887 circumflexum
1198 824 1300 895 habet,
1325 827 1427 887 omitto
1449 827 1479 886 in
1502 824 1613 904 penul·

317 928 388 987 uma
421 935 556 996 acutum:
592 926 733 988 Horatius
765 935 865 988 tamen
895 947 912 988 o
940 926 1059 989 brevem
1088 928 1201 1007 posuit,
1236 929 1277 988 ait
1303 931 1446 988 ‘certus
1479 929 1643 987 omittes

318 1030 444 1089 tueri’.
490 1028 542 1090 sed
570 1028 628 1090 boc
655 1023 743 1090 metri
769 1030 862 1106 gratia
890 1031 1074 1109 praesumsit.
1103 1063 1145 1073 —
1171 1029 1379 1090 Acuuntur:
1408 1035 1512 1090 acutae
1540 1037 1617 1090 sunt

318 1149 374 1191 con
397 1130 427 1190 di
448 1131 504 1192 dis.
551 1133 608 1192 vim
631 1149 715 1193 suam
737 1140 835 1192 autem
860 1138 1075 1191 commutantes
1097 1139 1165 1192 sunt
1187 1148 1306 1209 graves,
1336 1131 1361 1191 si
1384 1130 1516 1191 dicamus
1538 1149 1614 1191 con-

272 1303 276 1310 ,
318 1232 408 1294 duco:
432 1231 471 1293 du
493 1234 572 1294 enim
595 1251 673 1294 nunc
695 1232 878 1313 producitur.
919 1239 1152 1312 corrumpuntur
1174 1239 1272 1293 autem
1294 1234 1349 1301 ita,
1378 1233 1516 1294 condeio:
1542 1250 1614 1293 cor·

317 1337 398 1414 rupit
420 1333 560 1403 verbum;
585 1353 652 1396 nam
676 1342 740 1396 erat
760 1336 911 1413 integrum
934 1335 1009 1394 lacio
1034 1331 1158 1414 [sullero
1181 1335 1310 1414 suscipio
1332 1331 1497 1414 subcapio].
1538 1351 1615 1394 sane

317 1437 396 1496 iuxta
424 1436 663 1517 orthographiam
692 1437 784 1497 aliero
811 1436 966 1512 scribitur,
998 1454 1056 1498 non
1079 1436 1190 1498 adiero.
1235 1455 1302 1497 nam
1326 1445 1353 1496 et
1377 1437 1506 1515 suscipio
1529 1436 1614 1515 quod
1631 1455 1655 1493 ro

318 1537 442 1599 dicimus
474 1539 624 1618 integrum
656 1547 720 1600 erat
748 1536 752 1620 l
783 1538 935 1618 subcapio.
972 1571 1006 1582 -
1043 1539 1112 1600 ltut
1144 1537 1338 1619 loquellis:
1371 1538 1615 1618 praepositiones

317 1638 494 1720 loquellares
521 1646 656 1702 naturam
684 1658 767 1702 suam
789 1659 848 1702 non
872 1647 1003 1710 servant,
1034 1639 1192 1720 aliquando
1213 1639 1318 1718 longae
1340 1647 1425 1710 suut,
1450 1637 1614 1719 aliquando

274 1754 305 1801 14
316 1742 425 1802 breves.
449 1775 491 1787 -
512 1742 664 1821 Antiqui
685 1744 1009 1823 praepositiones:
1039 1743 1150 1822 antiqui
1176 1741 1244 1802 ideo
1266 1741 1420 1802 mutabant
1441 1743 1498 1802 vim
1521 1760 1613 1821 prae-

316 1845 512 1924 positionum,
542 1853 574 1905 ut
601 1843 782 1906 elocutiones
809 1853 1028 1925 conponerent,
1057 1852 1090 1904 ut
1117 1849 1285 1904 ‘crurum
1314 1833 1422 1905 lenus
1445 1862 1461 1905 a
1484 1853 1613 1905 mento

274 1945 484 2026 tepalearia
508 1946 680 2026 pendent.
706 1982 739 1992 -
766 1947 910 2009 Circum
933 1945 1133 2024 utriusque
1156 1963 1279 2006 casus:
1303 1946 1390 2006 etiam
1413 1954 1532 2025 praeter
1554 1965 1611 2006 an·
1627 1963 1651 2000 ιε

317 2049 390 2128 tiqui
412 2050 566 2128 utriusque
588 2066 674 2110 casus
696 2047 885 2129 appellabant
906 2049 1166 2128 praepositionem.
1210 2046 1280 2107 inde
1302 2045 1457 2108 Sallustius
1479 2049 1613 2128 ‘prae-

314 2158 372 2210 ter
400 2168 523 2211 rerum
553 2149 770 2230 capitalium
797 2149 1082 2210 condemnatis'.
1127 2155 1157 2210 et
1183 2157 1302 2228 praeter
1323 2149 1379 2208 vim
1409 2147 1485 2209 hanc
1506 2148 1611 2220 habet,

315 2259 349 2312 ut
369 2251 496 2313 ablativo
517 2253 670 2330 iungatur,
693 2253 762 2332 quia
784 2253 828 2313 sic
850 2249 1050 2330 intellegimus
1064 2259 1183 2329 praeter
1205 2267 1261 2328 pro
1282 2249 1360 2320 sine,
1384 2269 1442 2330 quo
1465 2251 1555 2311 modo
1579 2253 1611 2313 in

269 2367 371 2434 adpro
393 2349 505 2415 contra.
539 2387 574 2397 -
605 2355 642 2415 Si
668 2352 816 2433 quando
845 2351 930 2413 illas
953 2351 1303 2431 non‘sohsequatur
1326 2369 1446 2414 casus:
1470 2355 1612 2432 quotiens

315 2456 566 2535 praepositionem
594 2458 728 2534 sequitur
751 2453 889 2524 verbum,
919 2471 1039 2516 necesse
1069 2462 1115 2514 est
1137 2451 1150 2535 ll
1175 2461 1208 2513 ut
1228 2452 1276 2513 illa
1300 2455 1479 2534 praepositio
1502 2455 1531 2514 in
1555 2455 1610 2515 ad·
1625 2471 1650 2510 er

315 2556 449 2618 verbium
472 2566 619 2627 transcat,
647 2565 772 2638 utputa
794 2559 879 2616 ‘ante
901 2557 999 2625 lacit',
1029 2558 1169 2636 ‘propter
1190 2553 1301 2623 sedct',
1326 2559 1412 2616 ‘ante
1434 2557 1541 2617 venit'.
1569 2593 1608 2601 —

272 2660 621 2739 19Praepositiones
649 2659 654 2744 l
686 2660 872 2738 separatis
907 2655 1258 2738 praepositionibus
1286 2674 1355 2717 non
1388 2657 1610 2720 cohaerent:

269 2777 301 2824 er
316 2770 349 2822 ut
376 2762 454 2842 apud
482 2779 554 2843 prae
581 2762 669 2822 simul
696 2761 779 2839 iungi
808 2779 868 2820 non
896 2766 1025 2840 possunt.
1053 2791 1087 2802 -
1119 2757 1161 2818 Et
1181 2757 1341 2836 liguram
1365 2768 1400 2820 et
1422 2760 1611 2826 ordinem:

315 2864 389 2925 ordo
411 2863 518 2924 accidit
539 2862 760 2942 praepositioni,
782 2872 816 2923 ut
830 2863 966 2932 sciamus,
990 2859 1106 2940 quando
1121 2867 1330 2940 praeponatur.
1347 2860 1400 2922 sed
1422 2861 1479 2922 hoc
1502 2882 1611 2943 super·

269 2965 406 3029 saeuum
429 2972 483 3026 est.
529 2961 601 3024 nihil
630 2964 709 3023 enim
736 2963 844 3025 accidit
870 2963 1098 3042 praepositioni,
1127 2963 1183 3022 nisi
1204 2961 1285 3022 solus
1307 2981 1403 3024 casus
1436 2997 1479 3009 —
1511 2965 1608 3026 Sub·
1624 2983 1648 3020 en

314 3067 518 3134 iunctirae,
542 3072 580 3125 nt
603 3073 724 3126 tenus:
747 3074 780 3126 ut
801 3082 923 3125 crurum
946 3071 1044 3126 tenus.
1074 3065 1114 3123 ita
1131 3072 1160 3124 et
1175 3063 1251 3143 pube
1276 3071 1378 3133 tenus,
1395 3072 1463 3126 ante
1485 3066 1608 3146 pubem,

315 3175 345 3227 et
371 3169 414 3226 sic
441 3174 537 3227 tenus.
582 3165 756 3228 subiunctas
783 3168 974 3228 inveniuntur
1001 3167 1237 3246 praepositiones
1263 3185 1318 3246 per
1345 3169 1490 3246 poeticam
1513 3168 1608 3229 licen-

315 3269 394 3329 tiam.
424 3301 466 3313 -
493 3267 563 3329 Sed
590 3254 683 3329 haec
710 3287 790 3329 nos:
822 3285 897 3348 quae
926 3285 985 3328 non
1013 3275 1083 3328 sunt
1104 3273 1184 3328 recta
1207 3269 1321 3328 ratione
1343 3270 1508 3349 conposita,
1531 3289 1611 3349 quae

315 3389 374 3431 non
397 3372 540 3431 rationem
562 3389 645 3432 suam
667 3379 820 3432 secuntur.

774 3541 824 3603 DE
845 3539 1137 3604 INTERIECTlONE
1621 3573 1645 3612 ω

269 3695 302 3744 ec
399 3675 623 3760 luterilectio
651 3686 708 3739 est
740 3695 826 3757 pars
859 3679 1044 3738 orationis
1075 3677 1277 3739 interiecta
1310 3674 1397 3738 aliis
1429 3679 1606 3757 partibus

314 3780 499 3840 orationis
526 3777 567 3839 ad
598 3780 862 3858 exprimendos
891 3781 1005 3840 animi
1032 3781 1208 3848 allectus:
1237 3785 1300 3839 aut
1327 3783 1543 3850 metuentis,
1567 3791 1606 3841 ut

315 3883 361 3957 ei,
390 3890 453 3942 aut
481 3883 664 3962 optantis,
695 3879 761 3961 lut
788 3901 821 3950 o;
851 3890 912 3943 aut
933 3881 1112 3952 dolentiS,
1136 3891 1173 3942 ut
1195 3899 1248 3941 eu:
1274 3901 1292 3941 o
1314 3880 1421 3942 multas
1443 3882 1605 3961 particulas

382 4121 444 4175 eod.
464 4121 543 4171 Beria.
564 4119 622 4169 Xlll
642 4119 766 4170 8—er
784 4121 810 4172 2.
898 4120 1059 4170 2adceutum
1130 4119 1299 4169 dadoentum
1370 4122 1603 4172 hncutusoratius

381 4192 399 4244 3
415 4194 540 4258 integrum
559 4190 655 4241 sulloro
670 4191 784 4255 suscipto
801 4190 906 4253 (icorr.
925 4191 959 4238 ol.
979 4206 1042 4239 ιιιιιιι.
1063 4187 1157 4252 cipio)
1180 4189 1302 4253 subrepto
1375 4189 1407 4240 10
1426 4191 1603 4256 hortogrcllnm

382 4259 482 4326 adiero]
503 4260 581 4310 allero
659 4258 691 4310 13
710 4261 860 4310 brevescm.
932 4259 964 4310 14
985 4267 1174 4308 cruramtenus
1261 4259 1293 4310 16
1311 4257 1382 4327 inde]
1400 4262 1464 4312 i.de
1480 4277 1549 4312 corr.
1569 4267 1604 4314 al.

313 4347 377 4384 ιιιαιι.
394 4332 460 4380 idem
517 4331 548 4381 17
563 4329 638 4380 habet
656 4330 766 4380 ablntiuo
784 4331 923 4394 irrugantur
976 4329 1007 4379 19
1026 4326 1093 4392 illas]
1114 4329 1157 4378 illu
1207 4331 1238 4381 21
1260 4339 1362 4394 propter
1379 4333 1440 4380 sede
1492 4333 1526 4382 23
1542 4345 1604 4400 aput

364 4403 397 4451 21
412 4402 566 4467 praepositio
582 4401 631 4450 nisi
685 4399 719 4450 aa
737 4408 923 4448 crurnnrtenus
977 4399 1041 4464 pude
1061 4407 1209 4450 tenuseute
1229 4401 1294 4464 pube
1346 4399 1380 4452 32
1399 4404 1604 4466 exprnemeudos

363 4471 397 4522 33
413 4482 457 4521 mu
472 4472 584 4536 optantis
602 4479 629 4520 ut
647 4485 662 4519 ο
680 4481 723 4520 ortt
741 4470 850 4519 dolentis
869 4479 896 4518 ut
914 4483 944 4516 ru
963 4478 1005 4518 aut
1022 4471 1133 4534 optentis
1156 4478 1182 4518 ut
1199 4485 1228 4520 o.
1247 4467 1361 4519 Omnltas

382 4696 399 4744 b
416 4691 543 4760 Horatius]
563 4695 634 4758 epist.
655 4695 663 4743 l
681 4693 721 4755 18,
740 4692 774 4744 79
791 4694 913 4755 deceptus
927 4693 1013 4742 onritte
1030 4693 1108 4741 tueri:
1125 4691 1159 4754 cs.
1178 4693 1287 4754 Pompei.
1300 4709 1330 4756 p.
1349 4693 1400 4744 410
1412 4693 1452 4746 erl.
1475 4695 1549 4745 Lind.

315 4761 475 4830 locrorum]
497 4767 573 4831 Verq.
591 4779 678 4828 proras.
698 4766 730 4814 lll
749 4761 783 4811 53
855 4763 888 4813 16
906 4760 1050 4828 Sallustius]
1073 4763 1146 4814 Cutil.
1166 4761 1214 4826 311,
1235 4765 1250 4812 2
1305 4763 1336 4812 17
1355 4762 1430 4812 habet
1448 4765 1469 4812 si
1489 4764 1605 4816 oblutiuo

314 4836 433 4900 iungatur
447 4836 580 4885 Patrobios
1544 4829 1551 4856 Γ
