3350 5442
326 377 389 443 508
871 378 1072 440 AVGVSTlNl

353 501 374 540 p.
389 489 492 528 issa-aa
506 485 530 526 n.

411 567 574 628 Dicendum
605 565 641 626 de
671 565 812 626 infinitis:
841 582 951 643 genere
971 566 1133 627 masculino
1155 569 1206 645 qui
1228 568 1313 628 cuius
1335 569 1385 627 cui
1413 585 1502 648 quem
1524 587 1542 626 o
1562 571 1603 647 qui

327 671 432 732 aquo
466 653 517 732 qui
550 669 676 731 quorum
710 652 778 730 quis
810 651 856 710 vel
889 649 1013 729 quibus,
1051 659 1084 711 ut
1120 651 1307 730 Virgilius
1314 655 1399 743 quis
1432 661 1520 713 ante
1553 673 1605 712 ora

325 741 497 817 patrum',
537 755 610 816 quos
644 737 739 815 oqui
772 753 788 795 a
822 734 932 815 quibus
968 731 973 816 Ι
1006 737 1150 797 feminino
1186 755 1296 814 genere
1331 755 1408 818 quae
1445 740 1532 798 cuius
1566 740 1604 796 rui

326 841 413 902 quam
442 841 459 881 o
486 839 561 902 quae
588 841 604 882 a
632 839 688 900 qua
715 837 790 920 quae
819 838 943 900 quarum
971 823 1038 901 quis
1066 840 1139 903 quas
1168 840 1185 881 o
1212 840 1287 903 qnae
1310 841 1325 882 a
1348 821 1475 922 quibus,
1505 840 1604 920 gcqere

326 915 432 968 neutro
458 907 537 987 quod
565 908 650 967 cuius
676 908 724 965 cui
752 905 830 985 quod
858 924 875 964 ο
903 905 981 984 qnod
1004 925 1019 966 a
1041 925 1100 986 quo
1122 925 1198 986 quae
1218 925 1343 987 quorum
1365 909 1434 987 quis
1464 907 1563 984 (sed'
1556 927 1619 967 ram·

325 992 487 1053 secundum
516 1010 601 1052 usum
634 990 744 1071 quibus
771 988 906 1068 dicimus)
935 1009 1011 1070 quae
1038 1009 1057 1051 o
1084 1010 1159 1072 quae
1187 1011 1203 1052 a
1231 992 1350 1072 quibus
1406 994 1524 1072 antiqui
1550 995 1605 1090 quis

326 1095 435 1155 genere
469 1078 616 1137 communi
654 1075 806 1145 diverunt,
845 1075 893 1134 bic
930 1084 959 1136 et
996 1075 1069 1136 baec
1099 1079 1181 1157 quis,
1218 1078 1307 1138 buius
1337 1078 1415 1156 quis,
1450 1077 1522 1136 huic
1553 1080 1603 1155 qui

325 1163 404 1222 lrunc
433 1169 463 1222 ct
488 1162 565 1222 lianc
592 1180 694 1240 quem,
728 1162 854 1260 equis,
889 1158 926 1220 ab
953 1160 1009 1220 boo
1036 1169 1067 1221 et
1095 1162 1132 1221 ab
1161 1161 1215 1223 bac
1237 1163 1299 1242 qui.
1353 1161 1424 1222 inde
1455 1164 1538 1222 veuit
1564 1161 1604 1220 ab

325 1235 432 1308 lativus
453 1248 556 1306 exiens
584 1247 616 1306 in
645 1244 713 1314 bus,
743 1247 850 1344 aquis
872 1252 969 1306 autem
992 1245 1137 1307 ablativus
1164 1247 1289 1326 pluralis
1316 1245 1353 1307 ab
1380 1245 1512 1307 ablativo
1539 1249 1604 1305 venit

327 1334 377 1412 qui
401 1333 461 1392 enit
484 1333 515 1390 in
538 1349 571 1401 o,
600 1349 658 1411 quo
688 1329 804 1390 modo
796 1347 826 1390 m
849 1329 951 1408 regula
973 1332 1126 1391 nominum
1148 1331 1292 1392 ablativus
1314 1350 1380 1391 cum
1403 1333 1516 1391 exierit
1538 1349 1629 1392 ιιι

327 1417 457 1477 dativum
484 1415 665 1496 pluralem
657 1433 689 1475 m
712 1417 737 1474 is
760 1416 865 1483 mittit,
893 1422 965 1477 ιιι
987 1417 1066 1476 iusto
1088 1417 1190 1484 iustis,
1219 1435 1235 1476 a
1258 1414 1344 1477 docto
1368 1416 1482 1486 doctis,
1512 1435 1528 1475 a
1550 1435 1605 1494 per·

326 1503 404 1562 lecto
425 1502 583 1580 perlectis,
608 1518 624 1559 a
646 1499 795 1561 fortunato
817 1500 986 1560 fortunatis.
1024 1518 1111 1578 ergo,
1135 1509 1168 1560 nt
1182 1503 1320 1580 superius
1334 1500 1413 1571 dini,
1436 1502 1553 1579 antiqui
1567 1501 1605 1558 bic

326 1595 355 1646 ct
378 1586 451 1646 haec
466 1587 534 1666 quis
546 1585 699 1654 dixerunt,
724 1593 753 1644 et
775 1603 833 1664 quo
856 1585 942 1645 modo
964 1587 996 1645 in
1017 1585 1188 1647 nominibus
1210 1586 1259 1646 bic
1281 1585 1406 1646 ethaeo
1428 1586 1546 1655 similis,
1567 1586 1605 1644 un

326 1679 356 1732 et
378 1671 451 1731 baec
474 1671 575 1748 agilis,
597 1669 648 1730 bic
670 1669 794 1730 ethaeo
817 1669 929 1740 facilis,
953 1672 998 1731 sic
1020 1673 1051 1731 in
1073 1670 1300 1750 pronominibus
1320 1671 1370 1731 bic
1391 1679 1422 1731 et
1444 1671 1519 1732 baec
1540 1673 1604 1748 quis

326 1755 362 1817 ab
390 1756 446 1816 lvoc
474 1762 505 1815 ct
532 1755 569 1816 ab
597 1755 653 1814 bac
679 1757 741 1834 qui.
791 1755 860 1815 inde
882 1755 1039 1832 Virgilius,
1068 1773 1136 1816 cum
1164 1755 1200 1815 de
1226 1757 1307 1816 socia
1329 1754 1471 1817 Camillae
1493 1756 1629 1818 diceretc

326 1843 368 1902 ait
390 1842 554 1920 ‘quicum
577 1841 717 1918 partiri
741 1843 876 1910 curas’,
900 1840 930 1900 id
953 1848 998 1900 est
1020 1859 1087 1900 cum
1110 1859 1168 1920 qua
1189 1841 1298 1920 partiri
1317 1859 1416 1900 curas.
1463 1842 1535 1900 item
1549 1850 1604 1899 suat

326 1927 384 1987 alia
414 1927 545 1986 infinita:
574 1931 655 1993 uter,
686 1931 715 1984 et
744 1924 910 1985 declinatur
936 1931 1004 1985 uter
1026 1928 1124 1986 utrius
1150 1927 1211 1986 utri
1232 1933 1331 1986 utrvrm
1353 1944 1370 1985 o
1392 1932 1463 1985 uter
1491 1925 1528 1986 ab
1550 1934 1605 1985 utru

325 2012 384 2070 utri
413 2018 547 2070 utrorum
575 2012 652 2070 utris
680 2016 762 2070 utros
789 2029 806 2069 o
834 2012 894 2070 utri
922 2008 959 2070 ab
984 2013 1071 2071 utris.
1120 2011 1190 2071 inde
1217 2010 1315 2071 addita
1343 2011 1374 2069 in
1410 2012 1604 2090 conpositione

324 2114 380 2176 que
409 2094 517 2174 syllaba
545 2095 618 2154 lacit
644 2101 769 2174 uterque
798 2101 827 2154 et
855 2096 1002 2172 signiticat
1031 2094 1150 2166 ambos;
1185 2103 1216 2155 ct
1244 2102 1341 2155 tamen
1370 2094 1517 2172 singulari
1544 2113 1606 2154 sono

324 2188 383 2250 est,
407 2180 458 2240 sed
482 2181 697 2258 significatione
721 2179 809 2240 duali.
855 2198 922 2240 nani
945 2199 1011 2240 cum
1034 2181 1110 2241 dixit
1130 2179 1272 2257 Virgilius
1614 2199 1630 2234 u

476 2267 651 2326 constitit
672 2267 707 2325 in
730 2265 872 2342 digitos
895 2265 1079 2345 extemplo
1101 2273 1275 2326 arrectus
1296 2273 1472 2344 uterque,

324 2350 382 2410 duo
410 2350 568 2427 significati
594 2357 677 2420 sunt,
706 2367 772 2410 cum
802 2350 912 2410 dixerit
943 2358 1085 2431 uterque;
1121 2369 1189 2411 cum
1216 2359 1314 2411 autern
1342 2358 1494 2420 arrectus,
1522 2349 1606 2410 noluit

324 2443 462 2514 spectare¹
486 2434 699 2514 pluralitatem,
727 2441 760 2494 ut
788 2436 826 2495 sit
848 2437 879 2494 in
901 2435 1008 2514 plurali
1037 2439 1166 2516 utrique.
1216 2436 1268 2496 sed
1295 2436 1351 2496 boc
1371 2437 1516 2506 interest,
1545 2437 1605 2513 quia

324 2526 463 2599 uterque,
491 2520 562 2580 licet
583 2519 640 2580 duo
662 2520 824 2598 significet,
852 2526 950 2580 tamen
973 2520 1051 2580 solos
1073 2521 1147 2591 duo;
1175 2523 1294 2599 utrique
1316 2528 1416 2581 autem
1441 2520 1502 2580 duo
1524 2521 1605 2597 signi·

323 2606 406 2675 sicat,
430 2605 480 2665 sed
504 2607 547 2665 sic
569 2613 601 2664 ut
623 2607 654 2664 in
676 2604 801 2681 singulis
822 2604 909 2665 multi
931 2607 1006 2665 sint:
1033 2607 1060 2664 si
1082 2606 1179 2666 dicam
1202 2607 1337 2684 ‘utrique
1359 2608 1535 2674 exercitus’,
1556 2605 1631 2663 duee

324 2691 472 2768 significo,
497 2689 547 2750 sed
571 2691 613 2751 sic
636 2692 666 2749 in
690 2689 815 2767 singulis
837 2688 955 2750 turbam
976 2689 1108 2768 intellegi
1131 2690 1205 2750 volo.
1243 2690 1315 2751 baec
1336 2689 1460 2769 quidem
1477 2690 1605 2751 distincta

324 2783 405 2845 sunt,
429 2775 481 2835 sed
504 2777 612 2835 iterum
635 2776 810 2836 auctoritate
833 2773 954 2835 contusa
977 2783 1054 2836 sunt.
1091 2793 1158 2835 narn
1182 2793 1249 2836 cum
1271 2777 1312 2836 ait
1327 2775 1469 2852 Virgilius
1490 2774 1606 2853 ‘super

323 2869 482 2939 utraque
499 2868 649 2939 quassat
664 2864 859 2938 tempora',
874 2859 1020 2919 confudit:
1037 2860 1138 2920 dicere
1156 2861 1235 2920 enim
1251 2859 1355 2921 debuit
1374 2863 1480 2939 ‘super
1498 2869 1605 2920 utrum·

323 2963 380 3025 que
396 2948 534 3024 tempus'.
558 2943 734 3024 loquebatur
749 2946 829 3003 enim
845 2943 881 3003 de
897 2943 1013 3004 duobus
1026 2943 1211 3025 temporibus
1227 2952 1351 3014 tantum,
1368 2947 1417 3005 cni
1432 2953 1603 3023 utrumqueq

323 3037 440 3108 tempus
462 3027 642 3098 sufficiebat,
667 3037 697 3090 ut
720 3029 834 3089 diceret
857 3030 960 3109 ‘super
982 3037 1140 3110 utrumque
1162 3037 1282 3109 quassat
1303 3033 1443 3109 tempus'.
1488 3047 1559 3106 ergo
1580 3039 1627 3087 ut·

324 3113 535 3174 declinavimus
564 3115 758 3175 masculinum
793 3131 971 3193 pronomen,
1005 3115 1049 3174 sic
1075 3116 1253 3176 femininum
1280 3114 1513 3185 declinabimus,
1548 3123 1604 3174 utra

324 3199 446 3268 mulier,
477 3200 573 3259 utrius
603 3199 751 3268 mulieris,
782 3201 841 3260 utri
869 3199 1004 3270 mulieri,
1034 3207 1131 3260 utram
1159 3200 1329 3270 mulierem,
1357 3219 1375 3260 o
1403 3207 1470 3262 utra
1493 3199 1603 3265 mulier,

324 3282 360 3344 ab
389 3291 453 3344 utra
482 3282 621 3354 muliere,
651 3293 734 3345 utrae
762 3284 918 3354 mulieres,
950 3292 1083 3346 utrarum
1111 3283 1284 3354 mulierum,
1320 3287 1396 3346 utris
1422 3283 1602 3351 mulieribus,

323 3375 406 3429 utras
428 3368 583 3437 mulieres,
607 3389 625 3428 o
646 3377 730 3430 utrae
753 3369 911 3452 mulieres,
936 3368 972 3429 ab
996 3371 1073 3431 utris
1094 3368 1287 3440 mulieribus;
1316 3371 1360 3430 sic
1382 3377 1491 3431 neutro
1514 3377 1603 3431 utrum

323 3455 518 3532 mancipium,
543 3455 640 3515 utrius
662 3456 817 3533 mancipii,
846 3456 906 3515 utri
929 3455 1091 3534 mancipio,
1121 3463 1220 3516 ιιιιιιιι
1243 3457 1444 3535 mancipium,
1474 3463 1628 3516 outrumu

323 3540 519 3617 mancipium,
551 3537 588 3598 ab
618 3546 685 3600 utro
719 3541 883 3619 mancipio,
916 3548 984 3600 utra
1019 3541 1182 3619 mancipia,
1216 3548 1353 3601 utrorum
1381 3542 1601 3620 mancipiorum.

323 3626 400 3684 utris
423 3625 594 3703 mancipiis,
618 3631 684 3685 utra
707 3626 871 3703 mancipia,
894 3643 912 3683 o
934 3632 1001 3684 utra
1024 3626 1188 3704 mancipia,
1211 3623 1248 3684 ab
1270 3627 1347 3686 utris
1369 3628 1540 3705 mancipiis.
1566 3625 1602 3684 sir

323 3709 506 3769 declinamus
522 3711 587 3769 eius
602 3711 799 3779 contrarium,
823 3710 901 3789 quod
924 3717 971 3770 est
992 3717 1112 3770 neuter:
1137 3710 1300 3771 masculino
1322 3717 1444 3780 neuter,
1468 3712 1601 3771 leminiao

324 3800 442 3862 neutra,
465 3803 571 3855 neutro
592 3811 702 3871 genere
725 3794 780 3855 huc
804 3802 943 3855 neutrum
964 3795 1155 3874 mancipium.
1199 3795 1278 3855 unde
1307 3814 1379 3856 usus
1402 3798 1463 3856 iam
1484 3796 1600 3875 arripuit

324 3886 355 3939 ut
377 3878 510 3940 dieamus
532 3877 668 3957 ‘generis
691 3881 821 3950 neutri',
843 3897 911 3940 curn
933 3879 1035 3940 dicere
1057 3878 1220 3942 debeamus
1240 3882 1360 3958 generis
1382 3883 1530 3951 ιιιιιιιι,
1550 3897 1626 3959 queo

393 4169 405 4220 l
423 4169 556 4219 dicendum
576 4170 608 4218 dc
626 4169 732 4220 induitis
750 4183 855 4219 numero
873 4168 997 4237 singulari
1013 4169 1167 4220 nominatiuo
1186 4170 1231 4234 qui
1248 4169 1275 4219 F
1290 4168 1324 4218 de
1339 4169 1508 4223 declinatione
1526 4169 1598 4220 infiat·

322 4247 404 4289 torum
419 4239 573 4289 nominatiuo
588 4239 679 4303 quise
748 4241 841 4304 2quis
859 4249 918 4288 aute
933 4249 1117 4305 omnipatrem
1131 4241 1170 4290 F:
1194 4240 1273 4304 Vevg.
1289 4238 1380 4294 Aeni
1397 4241 1432 4292 95
1504 4239 1536 4292 lb
1551 4241 1597 4303 qai·

322 4307 388 4375 cum]
413 4311 490 4374 Verg.
511 4309 577 4362 Aen.
597 4307 633 4358 Xl
651 4309 702 4360 822
772 4310 805 4361 17
825 4309 922 4360 induite
941 4325 1004 4372 quas
1023 4320 1078 4360 uter
1095 4309 1182 4363 adeer.
1199 4312 1225 4360 ιι
1242 4325 1320 4373 marg.
1339 4311 1455 4376 interrog
1469 4311 1495 4360 F
1512 4310 1597 4360 iuliniu

322 4394 386 4441 quae
402 4379 585 4445 iuterrogatiua
600 4391 617 4433 ς
706 4379 738 4430 18
757 4379 816 4428 iude
831 4380 900 4430 dictu
917 4379 1057 4445 conpositio
1077 4395 1142 4443 quae
1159 4379 1256 4442 syllaba
1273 4379 1299 4429 F
1385 4379 1418 4430 19
1438 4390 1463 4430 et
1482 4379 1596 4430 tamenin

322 4447 487 4515 singulariF
553 4449 585 4499 21
605 4447 728 4516 ιιιιιιῑιῑ]
754 4449 833 4514 Verg
853 4450 918 4498 Aen.
938 4449 1029 4498 Vtib
1098 4449 1257 4532 extinapqu
1323 4457 1430 4512 uterque
1453 4460 1534 4499 roetus
1554 4449 1595 4497 duo

321 4519 346 4567 F
396 4519 430 4569 ab
448 4516 695 4595 ιιιιιιι(ιοιιιι)
657 4517 695 4580 F)
713 4519 900 4584 expectariFs
957 4517 990 4567 23
1008 4527 1035 4567 ut
1052 4519 1085 4567 sit
1102 4518 1218 4584 plurali
1212 4533 1238 4568 in
1256 4519 1399 4582 utriqueF
1447 4521 1482 4570 24
1499 4515 1598 4570 ιιιιιιι

321 4587 440 4644 ιοΙιιιις
492 4591 526 4638 25
543 4583 676 4652 mathF
743 4589 854 4638 sidicas
872 4587 916 4644 in,-
985 4587 1220 4639 26sedsicinF
1280 4589 1314 4640 27
1329 4587 1418 4655 super]
1440 4591 1519 4656 ἴση.
1540 4588 1594 4638 Aa

320 4659 344 4706 V
362 4657 413 4708 855
465 4657 500 4707 28
519 4673 612 4721 quassu
630 4657 655 4706 F
720 4659 754 4710 29
773 4661 813 4708 ιιι
832 4666 939 4722 rvtraque
959 4659 1116 4724 temporibus
1138 4657 1283 4709 sufficiebat
1300 4661 1350 4708 abc
1368 4667 1397 4708 ut
1413 4660 1508 4711 diceret
1525 4669 1593 4707 utmn

321 4737 425 4790 quassat
441 4729 598 4792 temporibus
618 4727 696 4790 (corr
715 4731 826 4794 tempus}
844 4729 870 4776 F
893 4727 933 4776 cui
957 4735 1091 4792 nitrumque
1115 4735 1216 4793 ternpus
1235 4727 1376 4779 sufficiebat
1401 4731 1558 4779 aecusatiuas
1573 4737 1594 4773 ut

320 4797 416 4845 diceret
438 4804 570 4860 utrumque
588 4812 658 4846 ιιιιιι
675 4806 811 4863 ιιιιριιις
880 4797 915 4847 33
940 4796 1065 4862 utrarum]
1087 4806 1169 4847 atrvrm
1188 4799 1213 4847 F
1277 4796 1313 4848 40
1334 4799 1473 4849 debeam
1491 4798 1592 4850 uenulas

320 4881 370 4928 quo
390 4867 464 4915 modo
479 4867 653 4920 §.debeamus
671 4881 827 4933 genereque
850 4868 924 4918 modo
944 4869 969 4916 F
