3350 5442
301 355 366 421 474
852 356 1037 420 uv‘rlcffls

323 477 344 518 p.
358 467 402 508 ree.
416 465 441 506 sa
455 464 477 505 t.
778 479 781 484 ·
1397 461 1561 513 perante.

301 547 344 606 sic
377 546 466 606 etiam
499 544 587 604 credo
620 545 714 605 vendo
743 563 760 605 a
786 551 902 604 cretum
930 544 968 604 do
996 551 1026 604 et
1053 562 1161 604 venum
1188 544 1240 613 do,
1269 551 1302 605 ut
1323 543 1446 623 quidam
1474 551 1580 622 putant

301 649 472 726 composita.
518 645 570 706 sed
597 648 730 724 quamvis
757 654 878 725 praeter
900 645 1147 706 consuetudinem
1169 648 1209 705 sit
1236 646 1398 706 latinorum
1419 644 1580 712 verborum,

301 757 334 810 ut
356 749 459 810 eadem
481 754 618 808 manente
639 747 781 809 finalitate
804 749 981 828 compositio
1000 747 1061 808 sola
1083 754 1178 808 mutet
1199 750 1448 826 coniugationem,
1472 746 1583 806 videtur

300 859 401 912 tamen
428 850 484 910 boc
512 851 676 910 imitatione
705 848 887 910 Graecorum
914 855 1073 919 mutatum,
1103 850 1181 929 apud
1207 868 1281 929 quos
1308 849 1435 930 simplex
1468 848 1582 928 quidem

299 951 424 1012 verbum
452 950 674 1012 circumflexum
702 943 793 1032 ὁρκοό
821 945 937 1032 ὁρκοῑς
964 953 1087 1020 tertiae,
1116 954 1312 1030 compositum
1333 959 1434 1012 autem
1457 944 1604 1027 εὐορκῶ

301 1046 452 1135 adoperto
473 1049 619 1134 ἐπιορκῶ
643 1048 810 1132 ἐπιορκεῖς
831 1055 944 1132 primae
966 1060 1029 1122 est,
1052 1053 1178 1133 simplex
1198 1071 1339 1131 graecum
1361 1052 1458 1113 aulai
1484 1052 1582 1132 συλᾷς

300 1155 465 1225 secundae,
488 1158 686 1234 compositum
708 1173 778 1214 vero
801 1150 967 1233 lepoovtci
991 1150 1176 1235 ἱεροσυλεῖς
1196 1156 1312 1236 primae
1328 1154 1582 1215 circumflexomm

301 1265 346 1318 est
372 1259 598 1335 coniugationis.
643 1257 721 1336 quod
749 1258 985 1336 perspicaciores
1017 1257 1197 1318 Graecorum
1232 1258 1398 1318 refutantes
1417 1256 1582 1317 adfirmant

300 1359 389 1420 buius
416 1359 495 1420 modi
522 1358 681 1418 verborum
708 1358 923 1420 declinationes
952 1377 1011 1419 non
1040 1377 1057 1419 a
1084 1358 1185 1419 verbis
1212 1358 1399 1439 simplicibus
1425 1375 1508 1427 esse,
1535 1355 1584 1416 sed

300 1463 395 1539 magis
417 1480 433 1521 a
456 1460 627 1522 nominibus
649 1463 821 1539 compositis
844 1452 985 1539 εὕορκος
1008 1455 1165 1540 ἐπίορκος
1193 1456 1381 1539 ἱερόσυλος,
1405 1459 1485 1520 unde
1507 1478 1582 1518 com·
1599 1477 1623 1510 a·

300 1565 397 1644 posita
424 1561 514 1624 verba
542 1563 619 1623 lacta
648 1561 748 1622 verbis
769 1564 801 1622 in
829 1561 1027 1622 declinatione
1049 1579 1109 1622 non
1130 1561 1312 1641 respondere
1333 1563 1508 1641 primitivis.
1552 1580 1585 1621 ex

295 1683 359 1752 ¹quo
381 1665 454 1726 milri
476 1682 592 1745 quoque
615 1664 732 1725 videtur
760 1662 797 1723 do
824 1663 948 1724 verbum
976 1665 1006 1724 in
1029 1662 1217 1742 simplicitate
1239 1671 1360 1743 praeter
1381 1663 1516 1741 regulam
1537 1662 1587 1722 de·

300 1767 442 1828 clinatum
468 1785 552 1828 suam
579 1768 612 1826 in
639 1767 853 1844 compositione
881 1767 996 1844 cepisse
1025 1767 1249 1844 proprietatem.
1294 1767 1480 1845 primitivum
1507 1767 1589 1825 enim

300 1871 431 1929 existens
459 1871 564 1928 tertiae
596 1866 699 1929 debuit
725 1885 791 1928 esse
820 1869 1052 1945 coniugationis,
1081 1869 1152 1946 quia
1179 1869 1211 1928 in
1239 1867 1277 1927 do
1304 1867 1472 1928 desinentia
1492 1865 1589 1926 'rerba

300 1977 371 2030 tunc
393 1976 507 2031 tantum
528 1969 615 2029 modo
636 1971 749 2048 primae
772 1976 842 2028 sunt
863 1970 1096 2046 coniugationis,
1126 1987 1233 2029 cuma
1255 1967 1427 2030 nominibus
1449 1967 1589 2028 derivan-
1602 1982 1626 2021 ¹⁵

301 2079 364 2142 tur,
397 2072 548 2150 primitiva
578 2089 649 2132 vero
682 2073 786 2131 tertiae
820 2069 924 2140 soliuS,
958 2077 992 2130 ut
1019 2078 1087 2131 ante
1115 2071 1174 2131 lata
1206 2070 1410 2131 demonstrant
1441 2070 1591 2150 exempla.

300 2173 377 2254 quod
399 2175 504 2251 igitur,
529 2191 597 2234 cum
619 2165 967 2251 esset'monosyllabum,
991 2172 1132 2252 perdidit,
1155 2179 1268 2233 utnon
1291 2180 1371 2234 esset
1393 2175 1512 2241 tertiae,
1537 2173 1593 2232 sed

299 2279 413 2355 primae
436 2276 666 2352 coniugationis,
689 2291 771 2334 more
788 2272 905 2334 scilicet
925 2273 1051 2334 aliorum
1065 2272 1349 2353 monosyllaborum,
1373 2277 1451 2334 sicut
1473 2293 1515 2334 no
1536 2293 1595 2334 nas

300 2386 363 2448 nat,
387 2376 440 2446 llo,
464 2384 523 2446 sto,
546 2377 594 2437 lor
616 2369 620 2450 Ι
644 2377 717 2437 laris
739 2377 834 2445 latur,
864 2375 897 2436 id
918 2378 950 2434 in
972 2377 1185 2454 compositione
1207 2377 1329 2455 recipit,
1352 2383 1385 2436 ut
1406 2377 1444 2436 ad
1466 2379 1594 2436 tertiam

299 2479 391 2542 solam
413 2481 561 2558 pertineat
582 2480 834 2555 coniugationem,
858 2476 971 2557 absque
986 2477 1100 2538 duabus
1115 2476 1396 2556 compositionibus,
1420 2478 1451 2538 id
1466 2487 1516 2538 eet
1530 2482 1595 2538 cir·
1607 2492 1631 2530 a)

300 2580 406 2643 cumdo
428 2580 610 2648 circumdas,
633 2579 793 2658 pessumdc
815 2579 1004 2658 pessumdaS,
1028 2582 1059 2641 in
1081 2579 1191 2660 quibus
1212 2579 1330 2641 videtur
1351 2582 1504 2657 integrum
1528 2599 1596 2641 ser-

299 2686 376 2753 vari,
400 2701 468 2744 cum
490 2679 666 2744 naturaliter
687 2680 735 2741 his
757 2683 789 2742 in
811 2683 955 2741 unitatem
976 2700 1035 2741 non
1057 2683 1102 2742 sic
1123 2682 1272 2743 cohaeret.
1316 2684 1349 2743 in
1370 2682 1425 2743 dor
1447 2681 1596 2743 desinen-

299 2788 339 2848 tia
362 2787 475 2865 primae
498 2790 567 2844 sunt
590 2778 604 2864 ΙΙ
627 2785 858 2860 coniugationiS‚
882 2789 916 2843 ut
937 2783 1027 2844 vador
1048 2784 1176 2863 praedor
1197 2784 1392 2845 verecundor.

384 2884 418 2947 ln
447 2901 484 2964 go
511 2883 558 2944 vel
587 2886 618 2944 in
645 2901 699 2961 gor
721 2884 889 2946 desinentia
916 2883 1006 2946 rerba
1028 2905 1066 2946 ex
1086 2885 1332 2947 antecedentibus
1353 2886 1464 2947 litteris
1485 2885 1597 2947 dinos-

300 2996 418 3050 cuntur.
462 3006 479 3048 a
501 2988 592 3064 igitur
614 2993 682 3047 ante
704 2985 821 3047 finalem
843 2985 983 3046 babentia
1009 2985 1151 3065 syllabam
1173 2991 1287 3067 primae
1309 2995 1378 3048 sunt
1400 2990 1631 3064 coniugatioas

299 3092 362 3160 nis,
385 3095 418 3149 ut
439 3105 569 3167 propago
591 3105 751 3167 propagaS,
775 3105 865 3165 vagor
888 3090 1018 3165 vagaris,
1041 3088 1167 3166 indagor
1188 3089 1355 3166 indagaris,
1378 3091 1520 3167 refragor
1546 3109 1596 3150 re·

298 3193 436 3269 tragaris.
480 3195 620 3250 notantur
648 3192 754 3250 tertiae
784 3207 838 3267 ago
860 3192 940 3266 agis,
968 3197 1001 3250 ut
1022 3191 1220 3268 primitivum,
1243 3199 1274 3251 et
1295 3191 1332 3251 ab
1355 3208 1391 3251 eo
1413 3195 1596 3270 composita,

300 3295 362 3354 sive
391 3298 511 3354 servent
537 3310 553 3352 a
581 3293 613 3351 in
641 3292 869 3370 compositione,
897 3298 931 3351 ut
952 3307 1062 3370 perago
1084 3294 1268 3370 circumage,
1298 3310 1352 3354 seu
1373 3299 1489 3353 mutent
1514 3312 1596 3362 eam,

299 3401 333 3456 ut
355 3395 441 3470 exigo
463 3392 588 3470 subigo,
617 3411 669 3454 seu
692 3395 811 3473 penitus
834 3391 1005 3462 excludant,
1034 3401 1067 3453 ut
1088 3393 1163 3469 dego
1184 3411 1268 3472 cogo.
1312 3412 1329 3454 e
1352 3399 1420 3454 ante
1441 3411 1478 3471 go
1500 3413 1597 3474 prae-

300 3496 424 3557 cedente
447 3496 554 3555 tertiae
577 3501 660 3564 sunt,
684 3501 717 3554 ut
737 3493 803 3570 lego
825 3493 915 3571 legis,
939 3494 1014 3572 dego
1037 3493 1121 3571 degis
1141 3497 1230 3555 etiam
1246 3494 1283 3556 ab
1299 3513 1354 3573 ago
1375 3499 1628 3576 composituma·

299 3599 490 3677 excipiuntur
512 3613 588 3673 nego
610 3613 709 3673 negas,
733 3594 799 3673 lego
821 3595 903 3673 legas
925 3615 942 3656 e
969 3596 1085 3672 longam
1108 3595 1221 3656 babens
1242 3597 1278 3656 ad
1301 3597 1503 3658 differentiam
1529 3603 1596 3678 pri·

369 3781 564 3848 dGraeeorum]
576 3797 669 3848 graeca
678 3783 728 3832 BP
761 3781 972 3844 beescaths
1006 3781 1201 3833 ldlnerocraoc
1211 3783 1269 3832 inde
1283 3785 1415 3850 conposita
1426 3785 1510 3834 uerba
1524 3785 1596 3835 taeta

301 3855 386 3906 uerbis
400 3855 425 3906 B
442 3867 580 3904 rerocraoc
602 3853 643 3902 ide
663 3853 729 3902 unde
747 3853 880 3918 conposita
895 3853 973 3902 uerba
992 3852 1058 3902 iacta
1074 3861 1132 3901 sunt
1150 3852 1234 3902 uerbis
1252 3853 1278 3902 P
1293 3867 1431 3904 rerocmwe
1444 3855 1597 3906 immolator

300 3924 368 3977 uude
386 3925 505 3974 uidentur
521 3924 661 3987 composita
670 3937 761 3988 graeca
771 3923 849 3972 uerba
867 3921 935 3971 iacta
949 3922 1063 3971 uerbist
1112 3923 1145 3973 12
1163 3937 1320 3986 quoqueom.
1335 3923 1361 3973 B
1414 3922 1447 3974 13
1460 3924 1536 3973 euim
1546 3942 1594 3978 αι.

299 3994 326 4045 Β
380 3993 412 4046 15
426 3993 566 4044 diriuentur
582 3993 607 4042 P
656 3993 689 4043 17
706 3991 773 4053 quod
791 3992 871 4057 igitur
884 4007 942 4042 eum
957 4000 1025 4043 esset
1041 3991 1244 4058 mononpllabum
1264 3999 1274 4041 t
1291 3995 1359 4055 quod
1378 3993 1457 4060 igitur
1470 3994 1506 4043 do
1526 4007 1596 4045 eset

301 4063 502 4128 monosyllabum
520 4063 546 4113 P
562 4063 630 4127 quod
649 4063 727 4128 igitur
738 4076 794 4110 cum
811 4062 1001 4112 circumflexum
1021 4071 1090 4111 esset
1108 4070 1133 4112 et
1151 4061 1352 4126 monosyllabum
1368 4063 1394 4113 B
1463 4063 1499 4113 20
1515 4066 1593 4129 perti-

301 4143 344 4184 net
360 4133 386 4183 P
453 4134 485 4184 21
504 4132 622 4182 uidentur
640 4133 739 4198 integra
756 4133 855 4180 seruari
872 4131 946 4181 BPt
962 4130 1063 4180 uidetur
1080 4133 1180 4197 integra
1198 4133 1344 4197 coniugatio
1361 4132 1492 4183 obseruari
1511 4137 1535 4198 f

299 4205 333 4254 22
351 4204 377 4252 in
394 4204 550 4253 uuanltatem
568 4201 593 4249 P
643 4201 681 4252 sic
698 4204 733 4254 al.
748 4217 780 4250 m.
797 4201 859 4254 add.
875 4202 901 4251 B
957 4200 991 4251 26
1011 4214 1093 4265 ungor
1109 4202 1213 4267 ungaris
1225 4201 1335 4267 indagor
1352 4200 1470 4268 refragor
1487 4215 1594 4254 nomme

300 4275 326 4324 P
342 4287 422 4340 ungor
443 4271 547 4338 nugaris
564 4271 706 4338 (cuperacr.
727 4273 762 4321 al.
779 4288 810 4321 m.
829 4271 937 4336 indagor
956 4269 1020 4335 aris)
1039 4269 1155 4337 refragor
1175 4273 1243 4336 garis
1261 4279 1362 4322 notatur
1378 4269 1405 4320 B
1416 4287 1502 4338 nagor
1522 4277 1593 4340 garis

298 4342 413 4410 refragor
429 4343 499 4408 garis
517 4341 623 4406 indagor
638 4341 708 4407 garis
726 4341 849 4390 Notantur
862 4348 886 4391 t.-
903 4340 939 4403 ef.
954 4357 983 4405 p.
993 4340 1053 4404 aab,
1065 4341 1101 4390 32
1147 4340 1182 4392 28
1198 4355 1293 4407 perago
1311 4339 1468 4407 circumage]
1490 4357 1592 4409 perago

297 4427 367 4468 corr,
386 4414 531 4477 circumage
549 4411 575 4461 B
588 4411 733 4476 clrcumago
751 4410 777 4460 P
795 4445 796 4450 =
845 4409 879 4460 29
891 4419 919 4460 ut
933 4426 998 4476 cogo
1015 4416 1155 4476 (ceperam.
1170 4411 1207 4461 al.
1222 4427 1254 4460 aa.
1272 4411 1351 4476 dego)
1371 4411 1395 4460 B
1463 4409 1496 4462 al
1521 4414 1592 4464 exci-

300 4483 403 4549 piuntur
420 4497 487 4548 nego
506 4496 534 4530 as
554 4481 613 4549 lego
632 4496 661 4531 as
681 4481 738 4547 lego
757 4480 823 4530 euim
841 4480 938 4545 primae
960 4489 999 4530 est
1015 4495 1031 4529 e
1050 4479 1155 4547 longam
1172 4478 1270 4530 habens
1286 4481 1321 4530 ad
1343 4480 1520 4532 didereuciam
1539 4484 1590 4550 pri·

299 4553 380 4603 mltiul
399 4561 424 4602 et
441 4567 457 4601 a
472 4552 572 4602 uomina
591 4551 659 4616 quod
671 4559 710 4600 est
724 4551 765 4600 lex
782 4549 920 4598 diriuatum
938 4549 994 4614 lego
1009 4550 1075 4599 enim
1093 4565 1108 4598 e
1124 4550 1238 4617 legitime
1255 4557 1281 4599 et
1304 4551 1360 4599 iure
1376 4565 1484 4602 serimus
1501 4567 1521 4601 e
1538 4553 1590 4602 lon·

298 4621 680 4756 tlittttttdlttt
691 4619 913 4752 tltttttttt
928 4619 1061 4740 {Silili
1078 4619 1351 4756 tuttelstet
1367 4619 1589 4742 ltcdttit

298 4761 429 4827 elongem
448 4760 559 4810 nominis
578 4763 675 4827 primae
692 4759 880 4825 coniugatione
898 4759 967 4822 ests
1010 4760 1068 4826 lego
1085 4761 1153 4809 enim
1171 4759 1243 4825 legas
1253 4760 1366 4825 (primae
1381 4767 1421 4810 est
1432 4765 1514 4814 atne
1525 4761 1586 4814 add.

298 4831 335 4891 P)
354 4847 367 4880 e
386 4831 441 4880 PB
