3350 5442
323 346 383 412 192
888 348 1042 411 romeu

346 456 506 513 perv-191„

321 540 437 617 querulo
461 538 542 606 dico,
573 544 654 597 certe
678 554 693 595 e
717 543 886 616 correptum
910 544 956 597 est
984 544 1013 597 et
1040 555 1134 613 genus
1156 537 1329 597 femininum
1352 546 1410 606 est;
1436 546 1465 598 et
1487 535 1626 596 diximus

322 641 460 718 quomam
484 624 626 699 ablativus
648 637 805 715 singularis
828 658 845 699 c
867 648 1006 719 correpto
1030 640 1202 699 terminatus
1224 657 1335 718 genere
1356 640 1500 700 feminino
1525 657 1625 717 gene-

321 744 410 803 tivum
440 741 584 821 pluralem
612 742 642 800 in
671 741 732 801 ium
762 741 866 809 mittit,
897 749 928 801 ut
955 740 1038 801 clade
1067 740 1203 801 cladium.
1243 760 1313 819 ergo
1340 740 1441 802 dicere
1469 739 1634 802 debemus

321 850 417 905 matre
445 845 600 911 malvium;
631 842 681 903 sed
711 861 770 903 nou
800 850 847 903 est
873 841 944 913 hoc,
974 862 1062 904 nemo
1092 843 1173 905 dicit.
1216 844 1295 904 unde
1323 851 1447 923 apparet
1474 845 1626 924 quoniam

321 948 395 1007 istae
419 954 479 1007 tres
501 944 623 1024 regulae
645 964 705 1006 non
727 948 769 1005 sic
793 947 931 1006 emittunt
945 948 1128 1023 genetivum,
1153 946 1203 1007 sed
1219 945 1269 1007 ille
1283 948 1451 1024 genetivus,
1477 946 1649 1025 quotiensa

204 1050 364 1119 496,14sic
388 1050 505 1117 exierit,
534 1048 570 1109 ab
599 1049 663 1109 istis
693 1046 787 1107 tribus
817 1045 928 1125 regulis
957 1050 1045 1108 venit.
1090 1048 1160 1108 inde
1183 1055 1228 1109 est
1249 1047 1319 1108 illud
1354 1047 1431 1126 quod
1465 1049 1626 1108 iuvenitur

322 1150 400 1231 apud
424 1158 573 1221 auctores,
598 1151 757 1212 amantium
781 1157 810 1209 et
832 1156 981 1209 amantum
1004 1157 1033 1209 et
1055 1152 1245 1211 morientium
1267 1158 1297 1211 ct
1319 1152 1514 1224 morientum,
1541 1154 1624 1207 ‘mo-

322 1255 510 1331 rientumque
533 1272 584 1313 ora
606 1257 790 1332 parentnm'.
836 1269 926 1331 quare
955 1270 1015 1312 uon
1043 1252 1251 1313 morientium?
1285 1254 1366 1333 quia,
1390 1271 1458 1313 cum
1480 1252 1624 1312 nomina·

321 1357 382 1415 tivo
404 1374 423 1415 n
447 1364 476 1416 et
498 1374 512 1414 s
534 1354 642 1415 litteris
670 1356 826 1415 terminato
856 1354 1020 1415 dixerimus
1046 1356 1213 1432 genetivum
1243 1353 1386 1435 pluralem
1409 1356 1439 1415 in
1462 1356 1524 1414 inm
1547 1356 1626 1412 mit-

322 1466 398 1535 tere,
427 1474 485 1517 noa
513 1458 568 1517 boc
595 1458 736 1533 diximus,
760 1458 841 1531 quod
865 1473 983 1534 semper
1005 1460 1035 1515 in
1057 1460 1117 1517 ium
1140 1460 1250 1526 mittat;
1274 1457 1325 1517 sed
1349 1459 1623 1537 quotienscumque
1638 1475 1659 1512 ro

321 1562 361 1620 ita
376 1566 429 1633 ,est
451 1561 613 1637 genetivus,
638 1558 707 1619 inde
723 1559 818 1629 venit,
843 1575 966 1619 necesse
990 1565 1034 1619 cst
1056 1567 1088 1619 ut
1110 1558 1149 1619 ab
1170 1561 1233 1620 istis
1255 1559 1351 1621 tribus
1374 1558 1485 1637 regulis
1507 1560 1624 1619 veniat.
1661 1559 1662 1564 ’

203 1662 379 1733 434,19boc
408 1680 468 1722 noa
491 1659 606 1722 habetis
627 1659 780 1740 scriptum,
804 1659 883 1740 quod
905 1668 1009 1721 tenere
1031 1660 1154 1722 debetis.
1199 1661 1272 1722 haec
1294 1661 1394 1740 regula
1417 1663 1505 1722 etiam
1529 1679 1625 1721 acerr-

322 1765 447 1824 sativnm
470 1762 651 1842 singularem
674 1764 704 1823 in
726 1764 768 1822 im'
790 1760 927 1823 mittebat
949 1762 1025 1842 apud
1048 1765 1177 1824 maiores
1199 1772 1325 1835 nostros,
1347 1772 1417 1843 pnta
1440 1764 1516 1823 banc
1540 1781 1623 1842 pup-

322 1868 398 1945 pim;
429 1865 518 1927 bodie
541 1884 628 1927 nemo
653 1866 658 1942 l
684 1864 769 1934 dicit,
799 1864 852 1925 sed
881 1865 911 1924 in
941 1866 1004 1925 istis
1026 1872 1141 1927 tantum
1163 1866 1252 1927 modo
1273 1865 1403 1945 regulam
1427 1873 1564 1933 servant,
1590 1872 1626 1923 ut

323 1970 505 2029 accusativus
527 1969 557 2028 in
580 1970 621 2028 im
644 1974 742 2036 exeat,
768 1965 816 2028 ubi
840 1964 983 2028 ablativus
1004 1969 1014 2028 i
1043 1970 1217 2029 terminatur
1239 1987 1293 2028 nec
1316 1967 1401 2029 aliter
1424 1975 1527 2047 potest.
1576 1966 1624 2025 ibi
1637 1986 1660 2025 15

324 2086 394 2147 ergo
422 2072 462 2130 ita
492 2072 564 2139 exit,
598 2069 649 2130 ubi
676 2071 686 2128 i
715 2070 891 2129 terminatur
925 2067 1069 2130 ablativus
1102 2089 1158 2130 nec
1191 2069 1285 2131 aliter.
1329 2088 1420 2149 quare
1447 2069 1514 2129 dico
1544 2070 1625 2128 ‘nec

323 2171 442 2232 aliter'i
483 2181 551 2233 sunt
580 2174 657 2232 enim
689 2170 744 2231 alia
772 2173 906 2242 uomina,
936 2189 1011 2249 quae
1040 2180 1069 2232 et
1096 2173 1106 2231 i
1133 2174 1345 2241 terminantur,
1370 2181 1398 2234 et
1420 2171 1506 2231 aliter
1528 2172 1623 2230 etiam

324 2281 442 2335 exeunt.
489 2281 557 2353 puta
579 2293 701 2354 possum
724 2273 824 2335 dicere
847 2273 884 2335 ab
906 2272 963 2333 hoc
984 2276 1060 2353 igni,
1083 2292 1204 2353 possum
1227 2273 1326 2335 dicere
1349 2282 1378 2335 et
1399 2273 1436 2334 ab
1458 2274 1516 2334 boc
1539 2274 1623 2351 igne.

324 2394 396 2454 crgo
425 2393 485 2436 non
512 2384 612 2456 potest
639 2378 823 2437 accusativus
850 2375 1010 2454 singularis
1037 2377 1067 2436 in
1095 2378 1136 2437 im
1164 2379 1259 2447 exire,
1290 2395 1349 2437 non
1371 2394 1493 2455 possum
1515 2376 1622 2435 dicere

323 2476 402 2538 hunc
430 2478 533 2555 ignim.
580 2478 690 2558 quarel
724 2480 791 2555 quia
819 2477 964 2540 ablativus
990 2498 1051 2539 non
1080 2486 1192 2539 tantum
1220 2480 1380 2548 iniexit,
1409 2478 1461 2539 sed
1484 2485 1515 2538 et
1537 2480 1568 2538 in
1595 2492 1657 2538 en

322 2582 348 2640 si
370 2587 467 2640 autem
489 2582 519 2641 in
549 2581 558 2639 i
587 2587 671 2641 excat
706 2599 760 2641 nec
790 2579 875 2641 aliter
897 2582 1005 2660 possit,
1034 2598 1156 2642 necesse
1180 2589 1225 2643 est
1245 2588 1279 2642 ut
1301 2582 1499 2642 accusativum
1521 2583 1553 2640 in
1578 2582 1621 2640 im

323 2682 432 2750 mittat,
456 2690 581 2762 utputa
605 2682 642 2743 ab
666 2682 720 2743 bac
743 2684 780 2742 vi.
826 2671 969 2764 numquid
992 2702 1112 2763 possum
1136 2684 1236 2745 dicere
1257 2683 1293 2744 ab
1316 2684 1372 2743 bac
1393 2683 1445 2742 vel
1474 2700 1546 2761 ergo
1569 2702 1621 2743 ac·

323 2785 482 2844 cusativum
508 2783 573 2845 dico
596 2784 673 2844 banc
694 2787 763 2845 vim.
798 2784 893 2854 vides,
917 2784 1035 2865 quando
1058 2804 1180 2846 necesse
1202 2784 1345 2847 babemus
1367 2786 1565 2845 accusativum
1591 2787 1622 2844 in

323 2887 363 2945 im
387 2886 521 2945 mittere:
545 2886 663 2965 quando
686 2885 829 2948 ablativus
851 2888 882 2946 in
904 2889 914 2946 i
937 2889 1060 2948 miserit.
1106 2888 1143 2949 ab
1165 2888 1222 2947 boc
1244 2886 1359 2948 Tiberi:
1382 2886 1525 2964 numquid
1550 2906 1621 2966 pos·

325 3005 390 3047 sum
419 2987 517 3049 dicere
547 2987 583 3049 ab
611 2989 669 3049 hoc
696 2987 824 3049 Tibere‘l
853 3007 924 3068 ergo
952 2990 1033 3050 bunc
1054 2989 1187 3051 Tiberim
1216 2989 1296 3059 dico,
1326 2992 1465 3069 quoniam
1494 2990 1566 3050 lacit
1590 2992 1654 3049 ina

324 3087 450 3149 ablativo
474 3087 511 3149 ab
534 3090 590 3150 boc
612 3089 714 3150 Tiberi
737 3099 861 3151 tantum.

411 3191 543 3253 Diximus
570 3210 586 3252 a
610 3210 626 3251 e
648 3193 673 3259 i;
704 3195 811 3253 transit
837 3195 914 3253 in‘o
942 3192 1080 3255 litteram.
1125 3193 1268 3255 ablativus
1295 3192 1451 3272 singularis
1478 3214 1497 3254 o
1519 3194 1619 3255 littera

324 3294 499 3355 terminatus
527 3296 695 3372 genetivum
723 3296 753 3355 in
784 3314 851 3355 rum
881 3297 985 3364 mittit,
1017 3295 1147 3356 dativum
1175 3303 1204 3356 et
1226 3294 1384 3357 ablativum
1406 3298 1435 3355 in
1458 3297 1501 3364 is,
1526 3305 1560 3356 ut
1583 3296 1620 3357 ab

325 3396 381 3456 boc
405 3395 492 3456 docto
515 3396 620 3457 borum
644 3396 799 3457 doctorum
822 3397 869 3457 his
892 3404 921 3457 et
943 3396 980 3458 ab
1002 3397 1049 3458 bis
1072 3398 1182 3466 doctis,
1213 3400 1343 3478 exceptis
1364 3397 1481 3458 duobus
1503 3406 1619 3459 tantum

207 3498 511 3573 434,22nominibus,
541 3498 628 3559 domo
657 3508 686 3559 et
712 3500 825 3577 iugero.
862 3501 916 3560 ista
944 3500 1003 3560 duo
1031 3506 1153 3579 excepta
1175 3507 1256 3559 sunt:
1286 3502 1367 3560 etin
1390 3500 1478 3561 domo
1508 3502 1651 3563 variam-to

326 3600 469 3661 babemus
499 3600 726 3662 declinationem
756 3609 785 3661 et
810 3603 841 3662 in
869 3603 972 3681 iugero
1005 3603 1135 3682 vajriam.
1179 3604 1209 3662 in
1239 3601 1328 3664 domo
1355 3601 1431 3663 hanc
1459 3601 1619 3663 babuimus

325 3704 476 3781 antiquam
498 3702 740 3764 declinationem:
766 3704 894 3764 maiores
915 3706 1008 3766 nostri
1031 3704 1088 3765 boc
1110 3723 1233 3775 nomen,
1256 3703 1285 3764 id
1310 3713 1354 3765 cst
1376 3704 1490 3773 domus,
1515 3713 1618 3783 quarta

326 3804 522 3865 declinatione
545 3803 733 3866 declinabant
754 3813 848 3865 totum
866 3804 1014 3887 [nomen],
1040 3806 1112 3867 liaeo
1135 3806 1239 3867 domus
1261 3805 1298 3866 ab
1320 3806 1375 3866 hac
1398 3805 1488 3866 domu
1510 3805 1617 3867 barum

326 3906 466 3968 domuum
489 3906 535 3967 bis
559 3914 587 3967 et
610 3906 646 3967 ab
670 3906 715 3966 bis
738 3905 889 3977 domibus;
913 3910 1029 3987 integra
1052 3917 1116 3969 erat
1138 3908 1215 3988 apud
1232 3910 1358 3969 maiores
1373 3916 1491 3969 nostros
1514 3916 1618 3989 quarta

326 4008 494 4070 declinatio.
525 4008 582 4070 hoc
604 4026 706 4069 verum
730 4027 795 4069 csse
824 4012 912 4070 etiam
933 4010 1079 4072 luvenalis
1100 4012 1269 4072 testimonio
1290 4012 1399 4092 poterit
1420 4009 1648 4090 conprobari;³⁵

327 4114 366 4172 ait
388 4113 549 4175 ‘viscera
572 4128 782 4188 magnarum
807 4111 1001 4173 domunm'.
1031 4114 1109 4174 unde
1125 4112 1267 4174 venitille
1282 4114 1448 4191 genetivus,
1465 4112 1616 4182 domuum,

395 4350 411 4402 8
434 4352 593 4419 morientium
613 4350 693 4414 (tum
713 4348 743 4414 Β)
764 4366 829 4419 quae
849 4366 905 4400 cum
924 4352 1081 4403 nominatiuo
1102 4367 1117 4401 n
1136 4362 1161 4403 et
1180 4368 1193 4403 s
1215 4353 1304 4402 litteris
1323 4354 1456 4404 terminato
1477 4353 1616 4403 dixerimus

326 4421 473 4486 genetinnm
491 4422 616 4485 pluralem
635 4420 661 4469 iu
680 4421 732 4471 ium
748 4422 830 4470 mittat
848 4422 892 4471 sed
912 4423 995 4473 ABG
1011 4424 1175 4473 moriencium
1190 4424 1251 4488 quia
1267 4438 1323 4472 curn
1342 4424 1513 4474 nominatione
1530 4434 1587 4472 net
1604 4440 1615 4468 s

328 4492 416 4539 litteris
434 4493 582 4541 terminatur
605 4490 744 4540 dixerimus
763 4492 832 4553 quod
851 4494 999 4557 genetiuum
1019 4494 1143 4559 pluralem
1163 4494 1190 4543 in
1208 4495 1261 4543 inm
1280 4496 1363 4543 mittat
1377 4495 1452 4543 sede
1524 4494 1556 4544 15
1575 4494 1614 4542 rabi

326 4560 453 4610 ablaticus
476 4561 483 4609 i
503 4562 650 4610 terminatur
670 4560 711 4610 Oa
730 4561 772 4610 ubi
792 4570 830 4610 est
849 4562 975 4613 ablatiuus
998 4564 1007 4612 i
1024 4565 1173 4614 terminatus
1191 4563 1216 4614 Α
1234 4564 1278 4614 ubi
1296 4565 1422 4613 ablaticus
1441 4565 1448 4610 i
1468 4565 1614 4612 terminatas

326 4627 371 4678 Bc
443 4629 475 4681 ld
493 4631 728 4681 ubiiterminatua
753 4631 801 4680 BC
869 4632 901 4681 17
923 4634 989 4682 enim
1008 4650 1053 4683 om.
1071 4634 1136 4697 Bu,
1161 4634 1252 4684 addo
1322 4642 1347 4684 et
1367 4630 1450 4699 aliter]
1476 4635 1524 4683 sed
1546 4634 1616 4682 aliter

327 4699 414 4749 ABG
481 4703 514 4750 22
534 4701 655 4763 numquid
674 4727 707 4736 -
724 4699 790 4750 hanc
809 4702 858 4751 vim
876 4716 922 4751 ova.
941 4703 983 4763 A,
1000 4704 1062 4757 add.
1082 4720 1098 4753 a
1167 4704 1201 4754 35
1219 4704 1344 4754 iuuenalis
1362 4704 1454 4769 poterit
1471 4704 1614 4752 testimonio

326 4770 419 4833 poterit
437 4770 593 4835 conprobare
605 4770 644 4820 A:
662 4769 747 4820 lamen.
765 4776 814 4820 sal.
830 4770 855 4833 3,
872 4772 905 4822 73
965 4774 1122 4839 conprobare
1140 4774 1193 4825 Bc
1258 4773 1293 4825 36
1309 4775 1377 4825 unde
1396 4776 1465 4823 venit
1479 4773 1523 4822 ille
1540 4786 1623 4841 gene-¹

328 4840 396 4889 tinus
416 4840 534 4890 domuum
556 4858 602 4893 ora.
622 4840 657 4904 A,
675 4841 738 4891 add.
757 4838 788 4890 a*
