3350 5442
287 363 359 429 254
863 363 1018 427 conruit

321 474 480 530 paee-561.
525 445 533 468 '

295 554 404 616 lacere.
449 573 514 615 nam
538 573 613 634 quae
636 554 711 614 ratio
735 560 779 613 est
801 553 831 612 in
854 553 975 622 metris,
999 551 1102 614 eadem
1127 559 1171 643 est
1193 562 1223 613 et
1244 554 1275 613 in
1297 572 1386 632 prosa
1409 551 1487 632 apud
1511 551 1587 613 bene

295 657 468 718 scribentes.
514 673 586 734 ergo
608 656 633 715 si
656 654 691 715 ad
715 654 813 716 locum
837 655 997 734 signifleas,
1027 654 1191 716 secundum
1215 659 1429 728 accusativum,
1459 655 1497 715 de
1523 653 1588 715 loco

295 759 459 820 secundum
482 759 655 838 septimum,
679 766 712 819 ut
734 757 858 818 Romam
880 757 969 826 vado,
993 755 1087 817 Roma
1108 757 1203 818 venio.
1240 758 1265 817 si
1287 758 1317 817 in
1340 756 1406 820 loco
1429 757 1586 835 significas,

294 869 365 922 tunc
394 860 558 922 secundum
586 860 771 937 genetivum,
801 877 869 921 cum
897 858 1094 920 nominativus
1120 857 1279 937 singularis
1306 877 1340 920 us
1362 858 1407 919 vel
1428 878 1480 920 um
1501 857 1589 919 luerit

293 965 486 1032 terminatus,
510 969 543 1022 ut
564 961 742 1022 Adrumetus
765 960 966 1021 beneventum
989 960 1084 1022 llium.
1117 959 1288 1022 adverbium
1312 959 1368 1021 loci
1389 961 1421 1021 in
1443 960 1510 1021 loeo
1532 978 1613 1039 quos

294 1065 382 1126 modo
405 1064 493 1125 lacit?
516 1063 676 1125 Beneventi
700 1064 757 1132 lui,
786 1062 941 1125 Adrumeti
963 1063 1020 1133 lui,
1049 1061 1095 1123 llii
1117 1063 1168 1123 lui.
1214 1065 1239 1123 si
1269 1070 1366 1124 autem
1389 1063 1589 1124 nominativus

295 1186 392 1247 neque
414 1169 445 1228 in
468 1185 504 1227 us
528 1183 623 1245 neque
646 1167 674 1226 in
699 1183 749 1250 um
772 1166 886 1234 exierit,
910 1167 968 1225 iam
991 1164 1155 1226 secundum
1178 1163 1308 1226 dativum
1332 1165 1415 1226 dicis.
1459 1163 1513 1225 sed
1536 1162 1589 1224 bas

293 1265 553 1351 praepositiolnes,
578 1285 650 1347 quas
672 1265 857 1328 detrahimus
880 1266 1049 1327 nominibus
1071 1267 1236 1336 civitatum,
1261 1266 1398 1328 addimus
1420 1265 1589 1327 nominibus

294 1373 523 1451 provinciarum.
568 1387 626 1430 non
656 1367 749 1428 debeo
779 1367 879 1429 dicere
901 1367 1047 1429 ‘Africam
1069 1373 1193 1448 pergo’:
1223 1368 1454 1447 ‘Karthaginem
1476 1372 1588 1447 pergo’

294 1472 371 1533 bene
399 1473 482 1543 dico,
512 1471 580 1552 quia
610 1489 718 1531 nomen
746 1478 791 1530 est
818 1471 958 1538 civitatis;
992 1469 1045 1530 ‘ad
1073 1472 1202 1532 dlricam
1226 1475 1346 1551 pergo’,
1381 1479 1411 1532 et
1431 1471 1488 1532 hoe
1512 1472 1589 1531 bene
1602 1485 1625 1524 1⁰

295 1575 377 1644 dico,
406 1575 473 1652 quia
503 1591 611 1634 nomen
641 1581 686 1633 est
715 1573 894 1651 provinciae.
939 1574 965 1632 si
993 1571 1072 1633 dicas
1101 1573 1277 1653 ‘Campania
1304 1576 1390 1634 venio
1399 1579 1418 1645 ²,
1454 1575 1590 1634 vitiosum

295 1685 348 1738 est.
380 1678 430 1737 ‘in
453 1674 558 1738 Sicilia
574 1678 655 1736 sum'
679 1674 756 1734 bene
778 1673 860 1742 dico:
883 1674 907 1733 si
930 1682 960 1733 tu
985 1672 1055 1735 velis
1077 1673 1177 1736 dicere
1206 1673 1341 1735 ‘Siciliae
1362 1679 1457 1744 sum’,
1482 1684 1512 1735 et
1533 1675 1589 1734 boc

295 1781 429 1840 vitiosum
454 1787 506 1839 est.
552 1795 623 1856 ergo
652 1775 823 1837 nominibus
852 1777 1070 1855 provinciarum
1096 1775 1239 1837 debemus
1261 1776 1372 1839 addere
1393 1778 1590 1856 praepositio-

295 1900 357 1943 nes.
395 1898 433 1942 ne
457 1886 486 1941 te
509 1877 590 1940 fallat
611 1877 660 1939 illa
682 1894 745 1938 res:
770 1876 995 1956 legimus‘apud
1019 1877 1195 1957 Vergilium,
1220 1886 1250 1940 et
1271 1881 1302 1939 in
1325 1881 1444 1957 antiqua
1467 1879 1590 1938 historia

295 1983 351 2043 lroe
383 1984 543 2052 invenitur,
578 1999 632 2042 nec
663 1981 796 2040 invenies
829 1958 899 2045 alibi
932 1981 1016 2040 istam
1050 1981 1310 2059 significationem,
1346 1984 1425 2041 ‘aut
1457 1981 1626 2041 Cretaele

294 2086 409 2147 iussit
437 2083 639 2144 considere
666 2065 823 2161 Apottp’ss
871 2090 900 2140 et
928 2079 1072 2142 debuerat
1104 2081 1205 2143 dicere
1232 2081 1328 2163 ‘apud
1356 2083 1474 2145 Cretam
1503 2084 1591 2144 iussit

295 2185 398 2266 Apollo
422 2184 604 2254 considere',
628 2176 954 2317 cumymepositione,
979 2190 1008 2244 et
1031 2191 1128 2245 tamen
1150 2187 1193 2245 sic
1216 2203 1287 2246 usus
1304 2194 1349 2246 est
1363 2185 1482 2252 Cretae,
1506 2203 1541 2245 ac
1565 2187 1591 2245 si

295 2289 408 2350 diceret
430 2289 561 2367 Capuae,
593 2286 622 2347 id
646 2305 677 2346 es
722 2287 805 2365 quasi
827 2303 937 2345 nomen
961 2292 1039 2346 esset
1060 2279 1194 2347 civitatis.
1241 2286 1361 2364 etquid
1385 2288 1537 2348 invenitur
1559 2289 1590 2346 in

296 2385 415 2470 antiqua
437 2388 579 2451 historia?
594 2293 730 2492 fies
754 2389 848 2448 nostri
865 2406 901 2447 ex
916 2386 1088 2448 nominibus
1111 2406 1210 2449 rernm
1227 2387 1336 2449 dabant
1357 2389 1445 2449 etiam
1469 2388 1591 2447 nomina

294 2493 364 2572 ipsis
386 2492 517 2572 oppidis:
1603 2505 1627 2543 so

445 2595 683 2673 inmanisque
705 2590 792 2654 Gela
815 2591 923 2651 lluiii
945 2593 1166 2670 cognomine
1189 2592 1299 2653 dicta.

295 2697 320 2758 si
343 2697 380 2756 de
403 2697 519 2757 civitate
547 2695 667 2774 loquor,
700 2693 794 2754 debeo
823 2692 877 2753 tibi
899 2692 999 2754 dicere
1021 2692 1128 2755 ‘Gelae
1150 2695 1228 2764 lui’;
1251 2697 1276 2755 si
1299 2693 1336 2756 de
1358 2694 1447 2756 lluvio
1469 2693 1589 2772 loquor,

294 2817 353 2859 non
387 2815 506 2878 possum
542 2798 641 2858 dicere
673 2794 780 2858 ‘Gelae
812 2795 881 2864 lui’,
916 2794 967 2855 sed
998 2795 1093 2874 ‘apud
1121 2795 1223 2857 Gelam
1251 2798 1321 2858 lui’.
1368 2796 1404 2857 da
1437 2797 1592 2858 bominem

293 2901 490 2971 nescientem,
515 2907 545 2960 et
566 2906 650 2980 putat
671 2899 765 2958 mein
781 2896 923 2958 alterutra
940 2895 1107 2958 elocutione
1130 2898 1235 2960 iecisse
1258 2898 1476 2961 soloecismum.
1511 2900 1591 2976 siqui

293 3000 347 3061 tibi
371 2999 449 3062 dicat
471 2999 579 3064 ‘Gelae
601 3001 670 3071 lui’,
695 3000 761 3059 dico
784 2998 841 3068 illi,
872 3001 1009 3060 vitiosum
1032 3008 1085 3060 est.
1131 3019 1186 3080 qua
1209 3002 1342 3061 ratione?
1371 3003 1511 3081 quoniam
1533 2999 1590 3060 llu-
1604 3015 1628 3054 u

294 3104 357 3162 vius
380 3111 425 3162 est
447 3101 532 3173 Gela,
563 3111 592 3163 et
615 3101 704 3162 debet
726 3100 837 3162 habere
859 3102 1126 3180 praepositionem,
1157 3111 1187 3162 et
1208 3109 1241 3161 tu
1264 3101 1415 3164 exclusisti
1437 3103 1592 3183 praeposi-

292 3202 422 3287 tiolnem.
455 3205 555 3266 nescio
579 3223 616 3264 an
639 3202 688 3264 ille
703 3212 734 3264 se
749 3203 861 3264 relerat
877 3211 904 3264 et
928 3202 1021 3272 dicat,
1045 3201 1097 3264 sed
1121 3211 1166 3264 est
1188 3205 1303 3275 civitas,
1327 3204 1356 3264 id
1380 3213 1426 3266 est
1447 3202 1592 3265 babuisse

294 3286 403 3366 nomen
426 3305 484 3367 tale
507 3308 669 3374 civitatem,
694 3312 723 3365 et
744 3303 858 3366 ideirco
881 3305 924 3365 sic
938 3323 1024 3365 usim
1041 3323 1120 3375 esse,
1145 3305 1182 3366 de
1195 3309 1316 3367 nomine
1330 3307 1455 3367 civitatis
1470 3305 1591 3376 dixisse,

294 3427 353 3468 non
382 3407 418 3469 de
447 3409 565 3470 nomine
594 3406 737 3477 lluminis,
766 3407 846 3468 unde
874 3407 937 3486 ipsa
965 3407 1069 3468 civitas
1099 3406 1281 3469 vocabulum
1303 3408 1476 3488 adsumpsit.
1521 3406 1591 3468 ideo

294 3526 365 3587 ergo
393 3512 418 3570 si
446 3510 523 3572 dicat
550 3511 589 3570 ita
617 3508 741 3580 dixisse,
770 3512 812 3570 sic
840 3527 873 3570 se
900 3510 1016 3588 integre
1044 3509 1134 3570 luisse
1162 3508 1291 3572 locutum
1323 3509 1470 3590 probabit.
1516 3511 1629 3570 iterna

292 3613 418 3690 legimus
440 3612 518 3692 apud
541 3613 717 3674 Ciceronem
740 3611 931 3692 ‘Olympus
952 3613 991 3671 in
1014 3612 1223 3673 inmensum
1247 3612 1398 3673 editus'.
1445 3610 1591 3693 Olympus

293 3733 379 3776 mons
409 3721 452 3775 est
479 3722 509 3775 et
529 3699 649 3776 'civitas
696 3731 755 3792 quo
784 3713 872 3774 modo
896 3711 987 3773 babes
1010 3711 1129 3773 dicere?
1160 3714 1186 3773 si
1206 3713 1336 3775 volueris
1359 3712 1494 3795 ‘Olympi
1517 3713 1561 3774 lui
1570 3720 1590 3782 ³,

292 3816 349 3878 tale
378 3825 423 3878 est
456 3835 491 3878 ac
518 3818 542 3877 si
571 3815 653 3876 dicas
685 3816 776 3877 ‘Naxi
804 3815 880 3884 lui’;
915 3815 1080 3893 significare
1111 3813 1202 3876 habes
1232 3817 1387 3877 civitatem.
1433 3817 1460 3878 si
1488 3824 1591 3876 autem

292 3919 372 3980 dicas
401 3918 497 3998 ‘apud
520 3918 676 3998 Olympum
700 3917 767 3992 lui',
797 3917 963 3995 significare
990 3917 1083 3978 babes
1111 3925 1251 3978 montem.
1298 3935 1369 3996 ergo
1395 3921 1475 3980 scire
1501 3919 1593 3979 debes

292 4024 431 4101 quoniam
454 4027 523 4082 sunt
545 4019 641 4100 aliqua
663 4017 799 4097 ambigua
822 4021 853 4079 in
875 4019 1011 4088 nomine,
1043 4025 1073 4079 et
1094 4037 1187 4080 unum
1210 4028 1256 4080 est
1276 4021 1443 4098 significare
1466 4028 1496 4080 et
1518 4039 1590 4101 pro·
1605 4034 1630 4072 ῦὸ

293 4125 418 4186 vinciam
446 4125 540 4204 ipsam
570 4130 599 4182 et
627 4124 773 4183 civitatem
801 4121 972 4200 provinciae
1004 4122 1106 4200 ipsius.
1153 4139 1224 4200 ergo
1251 4123 1419 4200 significare
1445 4122 1592 4183 babemus

362 4359 893 4426 151111οι111]νενρ.Αεη.111162
965 4359 998 4410 ld
1020 4360 1158 4410 consedere
1176 4359 1260 4410 ABG
1328 4362 1360 4412 17
1378 4362 1519 4413 consedere
1537 4362 1594 4412 Ac

361 4432 393 4481 21
410 4428 581 4498 infrenisque]
607 4433 686 4497 Verg.
705 4431 771 4481 Aen.
792 4431 822 4479 ΙΙΙ
843 4431 894 4481 702
957 4431 990 4480 27
1009 4430 1051 4479 ille
1067 4445 1096 4481 se
1108 4446 1156 4484 om.
1176 4430 1214 4491 A,
1233 4431 1294 4484 add.
1314 4447 1346 4482 a:
1361 4433 1477 4497 sortasse
1493 4431 1538 4481 ille
1557 4431 1592 4482 ad

291 4501 407 4568 regulam
425 4517 453 4552 se
471 4501 565 4551 relerat
616 4499 650 4551 29
669 4499 821 4552 uocabulum
840 4501 984 4567 adsumpsit
995 4501 1021 4549 A
1040 4501 1192 4550 uocabulum
1210 4502 1307 4567 aceepit
1320 4502 1363 4553 Ca
1380 4516 1473 4552 nomen
1491 4503 1593 4568 aceepit

291 4573 316 4622 B
378 4570 413 4622 30
431 4572 540 4622 locutum
557 4571 675 4638 probabit
687 4587 704 4620 α
721 4571 846 4621 elocutum
865 4571 982 4635 probauit
998 4571 1050 4620 AB
1066 4570 1178 4621 locutum
1191 4571 1344 4635 probauitG
1398 4572 1440 4624 *31
1461 4573 1592 4624 &cerense

297 4657 383 4692 nomen
401 4643 438 4692 od
450 4644 587 4706 exemplum
605 4657 622 4690 a
640 4641 758 4692 Oledonio
773 4656 801 4704 p.
819 4640 886 4692 1922
904 4642 1058 4705 adscriptum
1075 4642 1125 4692 ‘ad
1139 4642 1294 4691 Messanam’
1309 4657 1356 4707 pro
1369 4642 1513 4692 Messanam
1526 4657 1592 4706 per·

291 4713 370 4762 tinere
382 4714 490 4766 uidebar.
506 4727 572 4778 quae
588 4719 734 4776 sequuntur,
753 4711 877 4778 Olympus
894 4713 920 4760 in
937 4713 1080 4762 inmensum
1100 4713 1199 4775 editus,
1216 4712 1326 4763 inlibris
1340 4711 1468 4763 Cicer-onis
1485 4715 1529 4779 qui
1546 4728 1594 4762 aa·

288 4789 396 4847 pereunt
409 4798 459 4833 non
476 4785 601 4847 leguntur.
618 4779 716 4848 Olympi
727 4781 798 4832 zerbis
807 4783 950 4832 mentionem
961 4783 1025 4846 fecit
1037 4783 1126 4834 cicero
1144 4783 1169 4832 in
1191 4783 1267 4833 Verr.
1280 4790 1330 4835 art.
1344 4797 1395 4835 ser.
1414 4785 1424 4832 l
1442 4783 1485 4838 at.
1499 4783 1534 4836 56

291 4853 324 4906 34
343 4853 409 4902 scire
428 4851 506 4903 debes
520 4867 566 4903 orn.
583 4851 668 4902 ABG
736 4851 769 4904 36
787 4851 911 4902 hebemus
928 4855 950 4901 si
969 4855 1034 4902 inter
1053 4851 1137 4902 ABG
