3350 5442
643 369 880 434 conuentus
1348 373 1412 437 293

1226 483 1385 534 μ.11111-«1111ἡ

585 575 634 636 DE
657 575 814 637 catanis
838 575 949 638 VlTllS

198 693 372 774 acyrologia
409 695 612 776 cacenphaton
648 693 835 775 pleonasmos
871 695 1067 776 perissologia
1101 698 1283 778 macrologia
1316 708 1411 761 tauto·

116 794 191 874 logia
215 795 333 876 eclipsis
355 798 497 878 tapinosis
527 797 758 878 cacosyntheton
787 798 982 878 amphibolia:
1028 799 1155 860 diximus
1183 799 1411 874 barbarismum,

117 897 243 959 diximus
266 898 489 971 soloecismum;
512 902 664 961 veniamus
689 897 693 982 Ι
717 900 754 961 ad
781 899 832 960 illa
861 901 964 962 decem
988 903 1065 962 vitia.
1111 903 1279 983 acyrologia
1302 913 1347 965 est
1367 905 1411 966 in·

93 1031 104 1070 5
116 1001 236 1080 propria
260 1001 364 1073 dictio,
393 1003 471 1083 siqui
493 1003 647 1082 inproprie
670 1001 751 1083 loqui
774 1001 934 1073 voluerint,
963 1011 998 1064 ut
1018 1005 1043 1063 si
1065 1003 1147 1065 dicas
1176 1004 1298 1066 ‘dentes
1328 1026 1412 1068 meos

115 1121 214 1182 pugno
236 1102 343 1174 ludit',
368 1122 427 1164 non
457 1111 503 1165 est
525 1105 693 1186 proprium,
716 1103 769 1164 sed
792 1104 915 1164 ‘dentes
942 1124 1026 1167 meos
1052 1124 1153 1186 pugno
1182 1107 1297 1185 lregit':
1342 1128 1411 1170 nam

115 1224 179 1266 ossa
202 1205 299 1285 frangi
320 1213 459 1287 possunt,
483 1225 544 1268 non
566 1206 665 1276 lundi;
703 1208 760 1266 ista
788 1206 954 1285 acyrologia
977 1214 1030 1270 est.
1076 1218 1105 1269 et
1133 1217 1165 1269 ut
1191 1216 1262 1289 puta
1284 1212 1311 1270 si
1332 1210 1413 1272 dicas

113 1307 208 1369 ‘inste
237 1327 326 1370 crura
349 1311 411 1370 eius
439 1308 570 1389 pertudit
579 1313 597 1378 ’,
622 1327 679 1370 nec
700 1308 758 1369 hoc
779 1309 1013 1388 propriumest,
1037 1311 1089 1371 sed
1117 1309 1212 1371 ‘insta
1237 1330 1326 1375 crura
1348 1315 1410 1374 eins
1512 1307 1517 1316 ’

114 1411 230 1489 lregit'.
275 1412 331 1472 ista
354 1418 399 1472 est
420 1412 621 1491 inproprietas
643 1410 818 1471 dictionum.
862 1409 956 1472 babes
977 1415 1009 1472 in
1032 1411 1160 1490 Vergilio

80 1541 103 1582 ω
266 1513 362 1574 hunc
385 1530 451 1592 ego
473 1515 504 1574 si
527 1514 631 1592 potui
653 1520 797 1573 tantum
819 1531 980 1592 sperare
1002 1512 1182 1577 dolorem.

114 1633 269 1694 speramus
291 1614 378 1688 bona,
403 1617 541 1676 timemus
563 1614 649 1676 mala.
681 1633 752 1694 ergo
774 1617 831 1677 ista
854 1633 914 1674 non
937 1619 1059 1696 proprie
1081 1616 1197 1678 locutus
1220 1625 1266 1678 est
1284 1617 1410 1680 dicendo

115 1716 248 1778 dolorem
271 1736 402 1798 sperare,
426 1735 494 1777 cnm
517 1715 669 1778 debuisset
683 1716 784 1778 dicere
806 1716 941 1778 dolorem
957 1720 1074 1788 timere,
1098 1718 1197 1781 ‘hunc
1218 1738 1273 1798 ego
1288 1721 1314 1780 si
1328 1723 1412 1800 potui

115 1827 228 1881 tantum
251 1824 391 1900 sperare'
412 1838 468 1898 pro
491 1837 526 1880 eo
549 1819 629 1900 quod
652 1827 697 1881 est
718 1822 833 1881 timere.

196 1921 406 2001 Cacenphaton
429 1921 536 1983 dicitur
559 1920 689 1984 obscena
711 1923 886 1983 enuntiatio.
931 1924 1083 1984 litantem
1112 1930 1162 1983 aut
1189 1924 1220 1984 in
1242 1942 1301 1984 una
1323 1935 1409 2004 parte
1421 1937 1480 1998 411,
1498 1938 1529 1985 15
1554 1921 1557 1924 ’

81 2051 102 2090 a
115 2026 256 2086 orationis
278 2026 379 2085 autin
402 2031 544 2084 contextu
565 2025 694 2104 partium
718 2025 860 2084 orationis
882 2025 978 2084 autin
996 2043 1097 2094 sensu,
1121 2024 1201 2103 quod
1223 2035 1269 2086 est
1290 2045 1325 2087 re
1340 2045 1409 2088 rera

115 2125 274 2189 vitandum.
312 2127 344 2186 fit
366 2134 464 2188 autem
486 2127 517 2186 in
540 2145 597 2186 una
619 2134 706 2205 parte
729 2128 881 2196 orationis,
906 2134 939 2187 ut
961 2134 1006 2186 est
1027 2125 1101 2188 illud
1123 2127 1201 2207 apud
1224 2128 1408 2200 Terentium,

113 2231 258 2307 ‘arrige
285 2246 395 2290 aures
422 2226 645 2308 Pamphilc’;
679 2235 777 2306 potest
805 2237 834 2288 et
861 2227 1022 2289 obscenam
1050 2247 1116 2290 rem
1144 2249 1266 2292 sonare:
1298 2239 1349 2292 ant
1377 2234 1408 2292 in

112 2337 253 2392 contextu
274 2333 402 2410 partium
425 2331 577 2399 orationis,
602 2331 811 2391 ‘numerum
840 2349 919 2391 cnm
946 2329 1103 2392 naribus
1125 2336 1292 2412 aequet’3
1319 2329 1324 2410 Ι
1348 2332 1408 2393 col-

112 2433 205 2496 lidunt
234 2434 316 2512 ipsae
343 2439 443 2513 partes
473 2440 502 2492 et
529 2431 693 2493 obscenum
721 2431 831 2511 aliquid
860 2439 976 2492 sonant.
1025 2435 1080 2493 ista
1110 2434 1142 2492 in
1172 2452 1262 2494 sensu
1289 2435 1408 2496 vitanda

79 2543 181 2612 sursunt
202 2554 238 2597 re
259 2553 340 2595 vara.
370 2534 419 2595 illa
442 2535 522 2594 enim
544 2535 634 2594 etiam
655 2535 743 2613 pueri
764 2541 891 2612 possunt
913 2535 999 2603 scire,
1022 2536 1053 2594 in
1076 2552 1136 2595 una
1157 2543 1243 2614 parte
1266 2538 1409 2597 orationis

112 2638 186 2717 quod
218 2639 252 2698 srt
278 2646 330 2714 aut
352 2639 382 2698 in
410 2643 548 2698 contextu
575 2637 705 2716 partium
734 2637 886 2696 orationis.
936 2635 1141 2716 cacenphaton
1170 2654 1290 2717 quoque
1317 2639 1350 2700 nt
1376 2640 1407 2700 in

111 2759 206 2810 sensu,
233 2739 313 2820 quod
335 2757 368 2800 re
390 2756 459 2799 vera
482 2737 631 2798 vitandum
655 2743 708 2806 est,
732 2747 764 2798 ut
786 2745 832 2798 est
853 2736 927 2798 illud
949 2738 1028 2818 apud
1052 2738 1233 2811 Sallustium,
1257 2741 1337 2820 qnod
1353 2760 1406 2802 no·

112 2851 250 2905 taverunt
270 2860 382 2911 omnes,
406 2841 618 2920 ‘proiectus
641 2838 787 2917 quidam
809 2839 923 2920 Ligus
946 2841 987 2902 ad
1009 2843 1196 2919 requisita
1220 2846 1405 2904 naturae'.

112 2945 201 3006 voluit
225 2945 325 3006 dicere
348 2942 507 3005 obscenam
529 2961 604 3004 rem.
649 2961 725 3023 quae
748 2944 912 3004 necessitas
935 2944 1041 3012 luerat,
1065 2950 1099 3004 nt
1120 2943 1157 3004 ad
1181 2953 1239 3004 tarn
1263 2943 1407 3006 humilem

78 3055 139 3110 sset
162 3047 252 3109 rilem
276 3046 506 3125 descriptionem
530 3042 787 3124 historiographus
810 3043 1023 3106 descenderet?
1051 3063 1121 3106 ecce
1144 3046 1346 3126 cacenphaton
1362 3056 1408 3108 est

111 3149 207 3219 modo,
231 3149 337 3210 sedin
360 3166 460 3208 sensu.
504 3165 573 3208 nam
596 3152 738 3226 qnantum
767 3145 803 3206 ad
826 3145 916 3207 rerba
939 3149 1083 3228 pertinet,
1113 3146 1238 3208 honesta
1267 3147 1403 3209 elocutio.

112 3269 181 3330 ergo
204 3253 263 3313 ista
284 3248 401 3310 vitanda
424 3256 501 3319 sunt,
524 3267 600 3326 tynae
623 3249 720 3328 turpia
743 3247 880 3309 ridentur
903 3269 969 3310 esse
991 3251 1021 3310 in
1045 3268 1142 3310 sensu.
1177 3248 1294 3310 habetis
1317 3253 1404 3311 etiam

111 3352 186 3432 apud
209 3352 365 3413 Horatium
389 3353 443 3411 ‘et
464 3357 547 3412 tuos
569 3348 704 3411 rubros
727 3349 917 3412 obstetrix
939 3369 1077 3429 pannos
1099 3351 1221 3414 larit'.
1256 3370 1320 3413 rem
1342 3359 1405 3414 tur·

110 3457 262 3534 pissimam
285 3454 371 3522 dixit,
401 3451 490 3513 rerba
512 3455 627 3536 integra
650 3460 720 3514 sunt
741 3459 770 3512 et
792 3471 876 3522 sana,
907 3471 1011 3514 sensus
1038 3455 1104 3532 ipse
1126 3457 1276 3532 pessimus
1299 3462 1329 3515 et
1350 3455 1403 3514 ob·

77 3576 226 3620 roscenus.
273 3573 344 3634 ergo
371 3556 427 3615 ista
449 3554 567 3615 vitanda
588 3561 657 3615 sunt
685 3555 827 3632 graviter,
860 3573 921 3615 non
943 3573 1083 3616 concessa
1113 3562 1182 3616 sunt
1207 3557 1264 3617 ista
1286 3557 1404 3635 penitus

111 3661 165 3720 nisi
186 3659 324 3720 satiricis.

177 3881 211 3932 10
229 3875 309 3945 hunc]
335 3881 415 3944 Verp.
435 3877 500 3931 Aen.
521 3878 635 3929 1111419
689 3878 721 3928 14
736 3887 780 3926 aut
795 3880 876 3942 primo
891 3879 946 3928 ioco
964 3893 1010 3927 orn.
1026 3877 1105 3927 BOS
1174 3876 1405 3943 1611111111-

111 3948 181 4018 tium]
201 3951 289 4003 Andr.
305 3951 329 3998 V
348 3953 374 4015 4,
393 3947 427 3999 39
497 3949 530 4000 17
549 3949 618 3998 auris
637 3947 783 4014 phamphile
801 3947 826 3997 B
915 3947 948 3998 18
968 3944 1111 4012 numerum]
1137 3947 1217 4014 Verp.
1239 3947 1303 3998 Aea.
1323 3950 1334 3997 l
1354 3947 1404 3999 193

176 4029 273 4084 aequat
289 4019 315 4068 P
383 4018 514 4068 corrlidunt
536 4017 639 4083 ipsaeb
663 4018 783 4068 callidum
799 4020 872 4082 ipsae
891 4018 916 4066 B
934 4018 1026 4067 callide
1044 4017 1115 4081 ipsas
1133 4017 1155 4067 0
1170 4018 1264 4067 calidas
1282 4020 1352 4084 ipsas
1371 4016 1404 4066 S:

10 4135 11 4138 ,
110 4091 215 4141 callidae
236 4091 310 4156 ipsae
328 4097 414 4154 partes
430 4089 566 4139 obscenum
585 4089 683 4152 aliquid
699 4099 791 4138 sonant
807 4105 899 4138 reuera
917 4090 942 4138 P
1012 4086 1044 4138 19
1058 4098 1148 4136 sonant
1165 4097 1209 4138 aut
1226 4090 1275 4138 ista
1290 4089 1316 4137 B
1331 4097 1405 4138 sonat

111 4169 151 4210 aut
169 4163 218 4212 ista
233 4161 255 4212 0
271 4169 344 4210 sonet
361 4170 404 4209 aut
424 4159 474 4209 ista
489 4160 510 4211 S
579 4159 611 4210 21
631 4156 743 4226 quoque]
761 4158 828 4224 qnod
845 4156 922 4209 Bos
929 4160 952 4208 P
1020 4157 1054 4209 '23
1067 4157 1196 4223 perlectus
1214 4158 1318 4221 quidam
1335 4157 1403 4224 ligus

110 4231 139 4280 ed
157 4231 308 4295 requisitam
332 4239 448 4280 naturam
473 4229 504 4280 P.
523 4229 638 4280 Sallustii
654 4229 820 4296 fragmentum
836 4229 915 4280 edidit
933 4229 1077 4279 Ladosicus
1092 4227 1183 4279 Carrio
1204 4244 1240 4276 ex
1257 4227 1406 4292 Hodeparii

110 4301 282 4353 eormsmtario
299 4303 324 4351 irs
343 4301 474 4362 donatura,
492 4302 524 4352 de
544 4315 592 4365 quo
610 4301 645 4350 ita
663 4303 766 4366 scripsit
783 4298 860 4351 actu.
879 4301 905 4347 iu
917 4299 1022 4350 Sallust.
1038 4298 1124 4348 tristor.
1136 4314 1163 4360 p.
1184 4297 1234 4348 234
1254 4297 1307 4361 (sd.
1326 4299 1403 4348 Auta.

111 4388 134 4420 a.
147 4371 228 4434 1579)
247 4371 441 4435 ‘flodegarius
455 4370 487 4420 de
504 4387 552 4436 pua
567 4369 629 4419 alibi
645 4369 705 4420 utta
723 4373 806 4436 tepere
823 4371 926 4434 rnerrrinr',
943 4371 969 4417 irr
986 4369 1163 4419 &mentone
1177 4369 1214 4418 stt
1223 4367 1405 4419 Barbaricum

112 4443 211 4506 Donad,
230 4441 276 4506 qui
295 4443 321 4491 r'rr
338 4439 487 4492 bibliotheca
503 4441 643 4491 Etrrorreust
659 4443 755 4490 casanae
774 4447 900 4490 exarsura
916 4446 1018 4501 exstat,
1040 4437 1081 4502 rit,
1100 4440 1180 4502 iuquit
1201 4437 1358 4503 cacophaton
1376 4441 1404 4488 in

111 4527 200 4571 seusu,
226 4525 286 4561 cnm
305 4510 402 4574 aliquid
419 4511 600 4576 turpitudinis,
618 4511 686 4573 quod
706 4525 756 4560 non
771 4510 891 4559 conuenit
908 4510 959 4557 nisi
977 4507 1145 4557 histrionibus
1160 4507 1201 4556 vel
1220 4507 1352 4573 Satyricis,
1371 4511 1403 4558 ab

111 4579 317 4648 historiographo
340 4581 378 4630 rel
399 4581 517 4644 prudenti
536 4589 660 4629 narratur.
689 4581 757 4630 unde
776 4578 924 4629 Sallustius:
944 4577 1072 4644 proiectus
1090 4578 1193 4642 quidam
1212 4577 1293 4643 Ligus
1312 4579 1345 4628 ad
1364 4594 1404 4628 re·

10 4685 12 4692 .
113 4653 200 4713 quisita
222 4661 340 4702 naturae.
364 4651 424 4700 item
445 4651 577 4713 Horatius,
597 4658 621 4700 et
637 4659 693 4700 tuos
713 4651 801 4699 rubros
821 4649 942 4700 obstetrix
963 4662 1060 4714 pannos
1076 4648 1146 4701 lauit,
1179 4649 1205 4696 in
1223 4648 1317 4710 quibus
1335 4649 1404 4712 qnod
1485 4667 1495 4680 ν

10 4749 11 4752 =
113 4721 143 4769 ad
160 4723 237 4772 rerba
256 4721 355 4784 attinet,
374 4719 481 4770 honesta
499 4729 538 4772 est
556 4720 673 4784 elocutio,
694 4721 725 4770 de
742 4735 770 4769 re
789 4731 875 4769 tamen
894 4719 1059 4782 turpissima’
1130 4719 1164 4767 24
1180 4733 1245 4782 quae
1264 4720 1404 4768 necessitas

10 4837 11 4842 ,
114 4791 136 4839 B
143 4790 191 4840 SP
208 4791 256 4842 sed
275 4805 342 4853 quae
357 4792 494 4842 necessitas
514 4789 554 4842 Ob
607 4791 641 4840 28
656 4791 724 4856 apud
743 4787 885 4856 Horatium]
906 4789 980 4853 epod.
1000 4787 1293 4850 submurmurare
1312 4789 1402 4840 rubros

10 4853 11 4872 l
115 4860 230 4911 obstetrix
250 4873 350 4929 pannos
370 4861 430 4909 lavit
