3350 5442
268 328 333 394 ave
703 419 706 427 Ι
841 330 994 395 romeu

296 439 454 493 ptos-oti,

271 523 316 591 dt,
340 521 482 600 suscipio:
507 519 562 581 sub
585 521 683 600 capio,
707 519 767 582 duo
789 527 858 580 sont
879 521 936 580 ista
956 521 1085 597 integra,
1109 518 1161 580 sed
1177 525 1335 596 utrumque
1349 519 1562 598 corrumpitur,

225 659 227 664 .
271 623 389 703 quando
417 640 507 684 unum
535 623 655 683 iaciunt.
701 623 725 682 si
753 621 833 682 dicas
854 621 909 682 sulr
931 623 1032 701 capio,
1059 621 1106 682 lac
1127 620 1197 682 inde
1217 639 1326 689 unum,
1354 622 1498 700 suscipio:
1532 629 1564 680 et

270 725 344 787 illud
367 733 541 805 corruptum
565 731 624 795 est,
649 734 678 784 et
699 723 773 785 illud
795 730 970 803 corruptum
993 731 1045 784 est.
1091 740 1163 802 ergo
1190 723 1287 784 omnis
1307 724 1489 803 praepositio
1511 731 1564 783 aut

270 829 334 907 ipsa
356 829 521 908 corrumpit
542 826 681 896 verbum,
711 834 762 887 aut
788 827 853 905 ipsa
881 846 897 886 a
920 824 1011 908 verbo
1033 827 1250 904 corrumpitur,
1272 833 1323 885 aut
1344 831 1427 886 certe
1449 827 1563 904 etipsa

271 930 433 1009 corrumpit
455 931 570 1008 etipsa
593 929 801 1007 corrumpitur.
1577 944 1593 983 s

355 1031 480 1092 Maiores
504 1032 597 1092 nostri
620 1031 855 1111 praepositiones
877 1030 966 1090 ctiam
986 1031 1132 1108 genetivis
1154 1028 1272 1089 casibus
1294 1028 1466 1107 iungebant.
1511 1028 1564 1088 sed

272 1133 360 1193 hodie
383 1151 452 1193 non.
492 1131 596 1193 ubiubi
618 1132 722 1202 luerit,
747 1134 871 1210 ligurata
893 1130 1020 1192 elocutio
1042 1138 1097 1191 cst.
1143 1130 1237 1192 lrabes
1258 1131 1336 1212 apud
1359 1130 1523 1210 Vergilium

424 1243 458 1295 et
479 1252 626 1295 crurum
650 1240 757 1294 tenus
779 1253 794 1294 a
819 1240 944 1295 mento
966 1233 1132 1313 palearia
1155 1232 1327 1313 pendent.

272 1356 390 1399 crurum
414 1338 568 1414 genetivus
590 1334 711 1414 pluralis
734 1342 791 1402 est;
814 1343 915 1404 tenus,
938 1343 972 1395 ut
992 1338 1115 1406 scimus,
1138 1337 1319 1416 praepositio
1335 1342 1389 1394 est.
1419 1335 1472 1395 sed
1486 1335 1568 1396 scire

272 1439 363 1501 debes
386 1440 525 1519 quoniam
549 1437 741 1499 haecomnia
769 1438 892 1514 figurata
914 1445 991 1499 sunt
1038 1447 1169 1498 ceterum
1193 1437 1336 1498 dehemus
1356 1435 1458 1498 dicere
1480 1440 1567 1497 ‘cru
1583 1460 1609 1497 ro

272 1541 356 1602 ribus
378 1546 493 1610 tenus',
518 1559 604 1620 quem
628 1539 664 1600 ad
687 1538 806 1599 modurn
830 1543 841 1572 ³
848 1537 928 1618 pube
951 1543 1054 1599 tenus'
1078 1547 1108 1599 et
1129 1543 1234 1601 ‘tenus
1255 1539 1360 1616 pube'.
1406 1538 1464 1600 hoc
1486 1541 1566 1599 enirn

183 1684 186 1690 ,
272 1644 493 1722 significationis
515 1642 606 1703 habet
625 1640 674 1702 illa
701 1639 703 1724 l
728 1642 925 1720 praepositio,
948 1649 980 1702 ut
996 1639 1039 1699 vel
1062 1643 1206 1721 praeponi
1227 1642 1322 1720 possit
1344 1640 1390 1700 vel
1410 1643 1567 1721 postponi:

273 1753 358 1825 potes
381 1745 480 1805 dicere
503 1749 607 1806 ‘tonus
629 1742 736 1823 pubc',
766 1751 850 1822 potes
879 1742 979 1804 dicere
1002 1742 1099 1822 ‘pube
1127 1745 1240 1821 tenus’.
1284 1752 1318 1803 ut
1340 1750 1438 1804 autem
1459 1739 1568 1821 iungas

272 1847 353 1909 illam
376 1849 512 1925 genetivo
536 1864 595 1906 non
617 1852 715 1926 potes,
740 1846 796 1905 nisi
820 1845 896 1905 torte
919 1843 1045 1905 volueris
1068 1863 1214 1925 usurpare
1236 1853 1267 1905 et
1288 1845 1412 1922 liguram
1434 1846 1543 1908 iacere.

248 2013 251 2020 ,
358 1948 515 2010 Praeterea
545 1955 613 2010 anic
641 1953 671 2006 et
698 1954 767 2026 post
793 1957 822 2008 et
850 1954 973 2026 propter
1001 1956 1030 2008 et
1051 1956 1184 2028 praeter,
1213 1964 1280 2007 cum
1302 1949 1362 2006 sint
1383 1951 1568 2009 accusativae
1582 1967 1609 2006 rs

273 2053 510 2132 praepositiones
540 2049 617 2129 (ante
644 2048 789 2128 templum
816 2048 940 2109 dicimus
969 2057 998 2110 et
1024 2058 1093 2130 post
1118 2049 1261 2128 templum
1290 2056 1321 2109 et
1347 2058 1470 2128 propter
1492 2057 1570 2110 tern-

185 2175 187 2182 '
274 2153 354 2235 plum
385 2162 415 2213 et
440 2161 559 2232 praeter
587 2151 754 2231 templum),
787 2169 855 2211 conr
883 2152 942 2211 sint
969 2153 1150 2213 accusativae
1181 2153 1431 2230 praepositiones,
1465 2160 1568 2212 tamen

198 2293 202 2309 ι
274 2256 352 2337 apud
374 2257 502 2316 maiores
525 2262 644 2314 nostros
665 2254 858 2314 inveniuntur
881 2254 969 2314 etiarn
993 2273 1060 2315 cum
1084 2252 1227 2315 ablativis.
1263 2261 1332 2314 ante
1353 2261 1423 2332 post
1443 2261 1570 2334 propter

274 2366 392 2439 practer
415 2375 482 2417 cum
506 2357 565 2416 sint
594 2357 776 2416 accusativae
797 2356 1047 2434 praepositiones,
1071 2373 1127 2415 nec
1149 2354 1271 2416 dubium
1293 2357 1331 2416 sit
1353 2357 1425 2435 quin
1447 2374 1570 2417 accusa-

275 2462 349 2521 tivae
370 2461 443 2529 sint,
467 2467 566 2520 tamen
589 2457 665 2538 apud
688 2460 818 2518 maiores
839 2466 958 2518 nostros
979 2459 1170 2520 inveniuntur
1192 2461 1282 2518 etiam
1304 2456 1458 2519 ablativae.
1496 2466 1567 2538 puta
1582 2481 1609 2520 so

275 2581 333 2624 non
368 2561 481 2623 dubitat
514 2559 658 2621 Pacuvius
687 2560 787 2622 dicere
817 2563 903 2622 ‘ante
930 2559 1071 2641 templo',
1100 2577 1162 2621 non
1188 2560 1303 2622 dubitat
1330 2559 1431 2621 dicere
1459 2563 1569 2641 ‘prop-

274 2673 320 2726 ter
349 2665 499 2738 homine',
529 2681 589 2724 non
623 2661 736 2723 dubitat
763 2662 877 2733 dicere,
912 2662 991 2742 quod
1025 2661 1099 2722 dixit
1133 2664 1221 2723 etianr
1248 2661 1419 2737 Sallustius,
1446 2671 1570 2741 praeter

276 2767 495 2829 condemnatis:
524 2765 582 2825 iste
609 2765 689 2825 enim
711 2763 786 2824 dixit
813 2764 982 2845 ‘praeter
1009 2782 1130 2825 rerum
1154 2764 1369 2845 capitalium
1391 2764 1569 2826 condem·

277 2871 405 2932 natis'.
450 2867 617 2927 invenimus
639 2867 694 2926 ista
718 2869 825 2928 omnia.
871 2866 941 2948 quid
965 2867 1054 2944 ergo?
1087 2866 1219 2927 dicemus
1240 2865 1308 2927 illos
1329 2866 1448 2928 licentia
1472 2866 1569 2946 aliqua

275 2989 345 3032 usos
374 2987 440 3032 esse
467 2975 518 3029 aut
544 2969 675 3030 nescisse
704 2970 816 3030 artem?
851 2970 892 3030 ait
912 2968 1058 3038 lionatus,
1087 2987 1161 3037 non;
1191 2969 1243 3029 sed
1269 2969 1346 3029 scire
1373 2967 1467 3029 debes
1489 2968 1610 3048 quodrs

278 3073 350 3132 hacc
379 3089 453 3151 quac
481 3071 575 3149 posita
604 3077 675 3131 sunt
701 3071 741 3132 ita
769 3078 818 3130 aut
845 3071 1089 3148 significationem
1117 3069 1228 3130 habent
1249 3068 1337 3130 aliam
1359 3078 1410 3130 aut
1431 3069 1571 3130 ordinem

277 3173 374 3235 alium.
418 3174 584 3234 invenlrnus
613 3191 684 3250 ergo
712 3180 781 3232 ante
809 3181 877 3251 post
904 3180 1027 3251 propter
1055 3180 1085 3232 et
1111 3182 1244 3252 praeter,
1273 3191 1348 3252 quae
1373 3179 1443 3233 sunt
1465 3174 1569 3249 utique

277 3276 457 3336 accusativae
479 3277 714 3356 praepositiones
729 3275 794 3334 sine
809 3273 915 3344 dnbio,
938 3282 1036 3336 tamen
1059 3273 1112 3334 has
1134 3275 1368 3353 praepositiones
1389 3275 1455 3334 sine
1478 3272 1570 3334 dubio

277 3381 393 3438 iunctas
416 3375 561 3446 ablativis,
586 3383 615 3436 et
637 3394 696 3437 non
720 3375 797 3455 apud
820 3395 927 3446 unum,
949 3375 1001 3436 sed
1024 3375 1101 3454 apud
1124 3375 1366 3437 innumerabiles.
1404 3375 1473 3455 quid
1497 3393 1569 3453 crgo

279 3476 448 3560 iacielmusi
472 3477 602 3539 dicemus
624 3477 690 3539 illos
712 3486 763 3538 aut
784 3484 878 3538 artem
901 3479 1032 3538 nescisse
1054 3485 1105 3538 aut
1126 3478 1244 3538 licentia
1268 3478 1389 3538 lecisset
1411 3477 1491 3548 dicit,
1514 3477 1568 3539 lal-
1581 3501 1611 3540 ao

277 3599 342 3642 sum
366 3589 424 3648 cst;
454 3579 505 3640 sed
534 3598 658 3640 necesse
685 3587 731 3640 est
760 3585 790 3639 ut
819 3580 994 3656 significatio
1016 3578 1072 3640 alia
1095 3581 1186 3640 sitin
1208 3578 1268 3640 illis
1289 3580 1437 3659 partibus,
1460 3587 1511 3640 aut
1531 3583 1572 3642 sit

278 3683 352 3744 alius
375 3681 457 3743 ordo.
503 3681 576 3742 ordo
598 3679 671 3741 alter
694 3688 738 3742 cst
760 3689 789 3741 et
811 3679 925 3742 ordinis
947 3682 1121 3760 significatio
1143 3680 1208 3743 alia.
1240 3699 1311 3759 crgo
1333 3681 1440 3742 madito
1463 3680 1569 3743 ordine

280 3783 356 3846 tollit
376 3784 440 3845 illas
467 3803 482 3844 a
506 3784 629 3844 crimine
658 3781 777 3844 alterius
805 3801 906 3851 casus,
935 3801 974 3842 ne
1001 3768 1156 3844 videantur
1184 3782 1317 3845 ablativis
1344 3802 1409 3846 esse
1442 3786 1570 3846 iunctae,

278 3889 356 3967 siqui
381 3887 420 3947 ita
448 3884 540 3953 dicut,
570 3889 707 3964 ‘praeter
734 3903 837 3946 verum
869 3884 1038 3965 capitalium
1061 3885 1293 3955 condemnatis',
1321 3884 1391 3966 quid
1413 3894 1460 3946 est
1480 3886 1570 3947 ruodo

349 4059 365 4107 2
386 4055 486 4120 quando
511 4071 588 4104 unum
613 4055 708 4106 iaciunt
726 4055 911 4107 Lindemunuus
934 4056 1034 4121 quando
1053 4065 1187 4119 utrumque
1205 4054 1301 4105 iaciunt
1318 4055 1401 4106 ABG
1486 4056 1572 4106 dsed

281 4127 355 4178 hodie
380 4127 442 4190 (noo
467 4126 528 4178 add.
548 4128 577 4184 u)
599 4127 686 4176 ubiubi
712 4125 788 4176 luerit
811 4125 921 4193 figurata
938 4127 1045 4176 elocutio
1064 4126 1114 4192 (est
1132 4126 1193 4179 add.
1212 4126 1240 4190 α)
1264 4125 1342 4176 hebes
1360 4125 1442 4190 (apud
1461 4125 1522 4176 add.
1539 4125 1571 4190 α)

281 4198 408 4262 uirgilium
427 4197 452 4246 Α
538 4195 595 4244 Bet
615 4193 727 4260 crurum]
753 4197 831 4262 Verp.
850 4211 936 4262 peorp.
956 4196 1039 4247 11193
1122 4196 1156 4248 16
1168 4203 1227 4245 unte
1245 4195 1368 4260 ternplum
1385 4195 1496 4246 dicimos
1513 4207 1573 4262 post

280 4269 401 4332 ternplum
421 4267 528 4316 dicimus
546 4277 650 4330 propter
668 4266 787 4331 templum
807 4267 915 4318 dicimus
932 4276 1031 4331 praeter
1049 4265 1170 4332 templum
1191 4266 1363 4316 dicimusBG
1412 4269 1444 4319 21
1463 4268 1572 4331 pacuius

281 4340 304 4386 A
358 4339 391 4386 2⁶2
409 4337 547 4386 etismom.
567 4335 628 4401 Ac,
647 4337 709 4386 odd.
730 4353 747 4386 a
799 4337 832 4388 23
852 4339 899 4388 iste
916 4337 1139 4386 —ccndemnntis
1156 4353 1203 4387 om.
1222 4336 1286 4398 AO,
1305 4337 1367 4386 add.
1384 4352 1402 4385 u
1457 4335 1568 4403 practer]

280 4410 345 4460 Sall.
364 4405 491 4457 Gatitnstt
560 4407 594 4458 ‘zo
612 4409 709 4471 positae
730 4417 789 4459 sunt
805 4409 829 4456 Α
900 4407 934 4458 27
955 4407 1098 4456 inuenimus
1117 4406 1184 4455 enim
1200 4406 1296 4457 antec
1364 4405 1399 4457 ‘28
1416 4407 1472 4456 sine
1492 4407 1570 4456 dubio

279 4479 421 4540 posteriore
435 4480 490 4527 loco
508 4489 555 4530 om.
572 4477 640 4541 AB,
658 4477 718 4530 add.
735 4477 772 4526 ad
864 4475 897 4526 29
918 4478 978 4540 qnid
1001 4492 1062 4542 ergo
1086 4475 1210 4527 sociemus
1232 4476 1347 4526 dicemus
1364 4476 1404 4526 Ob
1427 4477 1489 4541 quid
1509 4492 1570 4541 ergo

281 4548 387 4597 iacimus
406 4546 589 4598 dicimusAB
676 4547 709 4598 32
728 4545 817 4613 estet]
842 4557 866 4598 ct
887 4547 1026 4598 estABC
1110 4545 1143 4598 33
1162 4547 1219 4596 tulit
1238 4546 1296 4596 illas
1314 4545 1402 4597 ABG
1469 4548 1571 4596 necui·

282 4617 388 4668 deantur
404 4617 429 4666 A
500 4616 533 4668 34
557 4627 656 4682 praeter
680 4633 707 4666 re
731 4617 876 4684 capitalium
892 4614 918 4665 B
937 4627 1037 4682 praeter
1055 4617 1089 4666 rei
1108 4617 1257 4681 capitulium
1276 4617 1358 4682 Gpro
1377 4632 1404 4666 re
1422 4616 1571 4682 capitalium

281 4689 305 4736 Α
376 4687 549 4738 condemnatis
563 4703 621 4738 ecce
636 4687 668 4736 de
688 4687 735 4737 iste
749 4689 806 4753 ipsu
824 4703 852 4737 re
868 4687 981 4751 quidest
998 4686 1072 4737 modo
1090 4696 1190 4753 praeter
1206 4687 1267 4737 BC:
1287 4687 1468 4737 condemnatus
1486 4686 1570 4753 (corr.

283 4755 330 4819 ·is)
348 4773 406 4806 ecce
425 4757 456 4806 de
473 4759 522 4806 istu
536 4761 591 4823 ipsa
606 4771 632 4807 re
650 4758 723 4822 (quid
741 4767 780 4808 est
797 4757 872 4807 modo
891 4768 991 4823 praeter
1003 4787 1038 4796 -
1052 4758 1226 4807 condemnatis
1244 4759 1269 4806 in
1286 4772 1367 4822 uturp.
1387 4757 1451 4811 add.
1465 4760 1495 4822 a)
1510 4758 1572 4820 quid

282 4836 320 4876 est
338 4828 412 4876 ruodo
431 4835 530 4892 praeter
549 4827 616 4889 (sine
632 4827 694 4877 odd.
712 4828 740 4892 a)
759 4829 813 4879 sine
832 4828 910 4878 dubio
929 4827 990 4891 qnid
1009 4827 1121 4878 diximus
1141 4827 1218 4892 paulo
1236 4836 1294 4892 post
1314 4827 1340 4877 Α
