3350 5442
319 322 384 387 364
860 326 1062 390 CONSENTII

343 446 365 486 p.
378 435 434 477 20⁴8.
448 435 473 475 49
487 430 509 474 P.

317 524 373 596 qut
408 535 473 576 esse
501 518 597 585 etiam,
623 520 742 579 nomina
769 534 845 596 quae
873 524 955 578 extra
983 517 1117 595 regulam
1139 526 1223 588 sunt,
1251 518 1283 577 in
1311 515 1477 593 analogiam
1493 523 1598 577 ,tamen

316 621 435 687 venire,
463 621 541 679 scire
569 618 713 681 debemus
739 619 980 698 esselquaedam
1007 622 1127 681 nomina
1149 622 1189 681 ita
1211 622 1333 698 propria
1356 637 1389 679 ac
1411 618 1489 687 sola,
1512 626 1598 679 utne
1658 656 1659 747 p

316 724 347 780 in
375 721 539 798 analogiam
567 722 688 802 quidem
717 722 839 791 cadant,
874 728 906 781 ut
933 728 978 781 ost
1005 740 1074 783 caro
1102 724 1216 791 caruis,
1245 722 1319 781 huin
1349 722 1480 781 Anienis.
1524 720 1597 781 nulla
1658 752 1659 809 ι

316 826 395 883 enim
418 824 474 884 alia
502 826 622 884 nomina
650 827 843 886 inveniuntur
865 842 940 903 quae
970 843 986 883 o
1009 826 1091 885 linita
1113 832 1164 885 aut
1186 824 1313 904 perdant
1334 842 1400 883 eam
1422 822 1550 883 vocalem
1571 825 1597 881 in
1658 812 1659 821 ¹

315 925 444 1004 obliquis
467 925 585 986 casibus
607 929 687 987 aut
679 946 710 987 m
733 946 749 987 e
772 923 971 1005 transiierunt.

399 1028 484 1089 Nunc
507 1030 647 1108 quoniam
669 1030 706 1089 de
728 1030 830 1090 latinis
846 1026 984 1091 omuibus
999 1027 1248 1089 declinationibus
1271 1027 1388 1089 abunde
1413 1027 1596 1089 dictumest
1658 1004 1659 1075 1

314 1150 403 1210 quem
432 1130 469 1191 ad
497 1131 616 1191 modum
644 1131 773 1191 debeant
799 1132 960 1210 peregrina
990 1130 1148 1199 declinari,
1178 1129 1262 1191 brevi
1285 1132 1402 1191 ratione
1425 1128 1595 1191 monstrabi·
1658 1084 1659 1177 l

314 1252 390 1293 inus.
438 1231 604 1311 [nominum
631 1235 859 1314 peregrinorum
887 1231 1047 1294 declinatio
1070 1231 1129 1311 cst]
1160 1251 1246 1293 omne
1269 1234 1463 1311 peregrinum
1485 1249 1594 1303 nomeu,

316 1336 463 1414 siquidem
485 1336 516 1395 id
538 1338 598 1395 iam
619 1343 774 1415 receptum
789 1341 849 1405 est,
873 1342 906 1395 ut
920 1333 1069 1397 Gallorum
1091 1336 1207 1403 manui,
1231 1334 1386 1395 bladorum
1409 1335 1536 1393 acinacis
1557 1333 1594 1391 sal
1658 1378 1659 1403 ᾗ

314 1456 401 1513 gaza,
425 1438 590 1515 Poenorum
614 1436 718 1507 tubur,
743 1437 832 1515 dirigi
849 1437 885 1497 ad
901 1438 966 1497 eius
980 1437 1066 1497 latini
1088 1438 1236 1499 sermonis
1257 1436 1482 1497 similitudinem
1504 1433 1594 1501 debet,
1607 1456 1625 1488 u
1658 1438 1659 1499 ἶ

315 1542 362 1599 cui
386 1541 552 1619 proximum
575 1546 630 1600 est.
674 1546 708 1600 ut
734 1546 804 1618 puta
834 1541 1016 1601 nominativo
1043 1540 1092 1601 hic
1121 1540 1266 1609 acinacis,
1297 1538 1394 1599 simile
1424 1537 1493 1598 huic
1519 1536 1596 1597 rideo
1658 1538 1659 1559 ¹

227 1655 231 1664 ·
257 1638 265 1649 ‘
314 1660 379 1701 esse
409 1642 458 1701 hic
487 1640 622 1712 Tiberis;
652 1644 724 1701 item
752 1643 934 1702 nominativo
963 1641 1012 1702 hic
1040 1659 1179 1707 mannus,
1208 1639 1306 1703 siutile
1335 1640 1405 1700 huic
1433 1639 1517 1699 video
1538 1656 1596 1699 csse

314 1743 364 1803 hic
386 1743 516 1812 Marcus;
540 1745 613 1803 item
634 1744 815 1804 nominativo
837 1742 887 1803 hic
909 1743 1015 1814 tubur,
1039 1744 1134 1805 simile
1149 1743 1218 1803 huic
1234 1742 1320 1803 video
1339 1760 1406 1801 osse
1428 1741 1476 1801 hie
1498 1759 1597 1818 augur.
1658 1746 1659 1811 l

315 1847 415 1925 itaqua
443 1847 522 1905 siout
549 1844 670 1905 Tiberis
698 1847 739 1904 ita
767 1847 913 1915 acinaciS,
942 1848 1019 1905 sicut
1039 1846 1156 1907 Marcus
1185 1847 1225 1905 ita
1248 1861 1388 1911 mutnus,
1411 1846 1488 1903 sieut
1510 1861 1598 1919 augur

315 1949 355 2007 ita
382 1947 473 2007 tuhur
501 1945 739 2006 declinabantur.
785 1947 837 2006 sed
865 1948 897 2007 in
924 1947 972 2007 his
1000 1950 1095 2009 maior
1122 1946 1289 2007 observatio
1316 1952 1363 2006 est
1390 1948 1471 2007 circa
1498 1963 1598 2023 graeca
1612 1964 1632 2001 ιι
1658 2008 1659 2011 ¹

243 2121 247 2128 ι
314 2052 450 2119 nonaina,
474 2046 583 2127 quihus
605 2048 792 2127 frequentius
806 2051 928 2109 utimur.
961 2068 1036 2129 quae
1059 2051 1152 2127 igitur
1175 2048 1341 2109 observatio
1362 2047 1600 2109 declinandorum

314 2169 490 2227 graecorum
518 2148 728 2210 vocabulorum
762 2154 860 2212 tenori
893 2149 1014 2220 debeat,
1049 2170 1137 2230 quam
1165 2150 1340 2211 brevissime
1370 2150 1436 2210 fieri
1463 2151 1601 2228 potuerit,
1658 2192 1659 2199 ι

315 2252 469 2331 explicabo
494 2249 683 2331 [graecorum
706 2254 858 2313 nominum
881 2252 1034 2313 inclinatio
1057 2260 1116 2321 cst,
1140 2270 1215 2332 quae
1237 2248 1443 2330 usurpamus].
1471 2253 1601 2311 nomina·

315 2357 393 2415 tivus
415 2354 574 2431 singularis
603 2353 787 2414 considerari
817 2353 919 2423 dehet,
949 2356 1000 2434 qui
1030 2356 1054 2413 si
1083 2356 1115 2415 in
1143 2372 1195 2413 suo
1218 2361 1296 2414 statu
1317 2360 1418 2415 manet
1445 2371 1540 2431 neque
1574 2355 1602 2412 iu

315 2456 437 2517 latinam
469 2458 594 2517 sormam
626 2463 772 2524 mutatur,
806 2474 913 2533 graeca
946 2456 1105 2517 declinatio
1136 2455 1286 2535 sequenda
1316 2462 1376 2525 est,
1411 2461 1445 2515 ut
1471 2462 1518 2514 est
1543 2455 1659 2547 Pana}

315 2578 410 2637 paean
433 2558 555 2637 delphin
578 2559 710 2619 hutouoe
733 2559 830 2635 ligare
859 2557 891 2618 lo
919 2557 971 2618 luo
1000 2557 1135 2617 Proteus.
1180 2558 1285 2637 quodsi
1308 2560 1339 2618 in
1369 2576 1423 2617 suo
1446 2563 1524 2617 statu
1546 2575 1603 2617 uon
1658 2560 1659 2627 1

315 2660 449 2721 manebit
481 2666 570 2739 atque
604 2662 635 2720 in
664 2666 797 2721 nostram
828 2661 954 2721 formam
987 2661 1186 2719 transferetur
1207 2646 1422 2729 nominativus,
1451 2659 1605 2719 inclinatio
1658 2710 1659 2715 ,

315 2769 416 2821 nostro
439 2780 521 2821 more
545 2760 743 2840 conplehitur.
789 2761 819 2821 id
843 2761 916 2821 adeo
937 2763 1002 2822 iere
1025 2762 1071 2821 his
1092 2761 1188 2821 modis
1210 2764 1320 2822 evenit.
1364 2763 1478 2841 primus
1500 2761 1605 2821 arodus
1658 2824 1659 2833 χ

315 2871 373 2931 est,
397 2882 466 2923 eum
487 2863 592 2923 ultima
613 2862 711 2923 littera
734 2866 766 2923 in
787 2880 895 2940 graeco
922 2865 1040 2925 nomine
1064 2871 1275 2935 commutatur,
1305 2870 1339 2923 ut
1365 2882 1433 2924 cum
1454 2881 1509 2923 nos
1530 2863 1605 2921 dici·

314 2983 381 3025 auus
397 2964 524 3035 Helena,
548 2983 615 3023 cum
632 2964 675 3024 illi
690 2965 790 3024 dicant
801 2955 925 3044 Ἑλένη.
956 2966 1104 3027 sccundus
1126 2966 1231 3027 modus
1253 2973 1311 3036 est,
1335 2984 1403 3027 cum
1424 2965 1604 3045 paenultima
1618 2984 1659 3043 a}

315 3066 423 3126 vocalis
445 3073 582 3127 manente
610 3046 918 3144 temperamentum
948 3068 1075 3129 dicimus
1103 3070 1184 3129 euim
1206 3086 1260 3129 nos
1281 3066 1448 3135 Menelaus,
1470 3084 1537 3127 cunr
1562 3066 1604 3127 illi

316 3168 415 3227 dicant
437 3164 625 3238 Μενέλαοςε
648 3167 694 3226 vel
717 3186 785 3229 cum
807 3169 1009 3249 diphthongus
1037 3170 1140 3231 ultima
1163 3172 1342 3239 inmutatum
1372 3169 1499 3230 dicimus
1524 3171 1606 3229 enim

316 3288 369 3329 uos
397 3270 542 3339 Achilles,
572 3288 639 3329 cum
665 3269 708 3330 illi
737 3269 836 3332 dicant
864 3263 1046 3350 Ἀχιλλεύς,
1077 3278 1107 3333 ot
1134 3274 1176 3332 ita
1204 3272 1237 3333 tit
1264 3278 1367 3331 nostra
1388 3271 1505 3349 regula,
1529 3273 1606 3331 sicut

314 3372 414 3451 proles
435 3372 525 3431 huius
553 3370 655 3449 prolia.
700 3374 806 3433 tertius
827 3374 932 3433 modus
954 3380 1019 3443 ost,
1049 3392 1116 3434 cum
1138 3372 1336 3452 paenultimae
1358 3372 1467 3433 vocalis
1489 3380 1606 3451 tempus

315 3476 495 3534 inmutatur:
530 3474 657 3533 dicimus
684 3475 764 3533 enim
791 3493 846 3534 nos
876 3476 992 3545 rhetor,
1021 3494 1088 3535 curn
1116 3474 1161 3535 illi
1189 3475 1289 3535 dicant
1316 3468 1438 3552 ῥήτωρ.
1480 3484 1639 3553 quartana·

314 3576 420 3635 modus
442 3583 502 3645 est,
526 3594 592 3635 cum
616 3575 718 3635 ultima
739 3575 851 3655 syllaba
867 3579 1025 3639 amissione
1041 3579 1231 3651 consonantis
1253 3576 1404 3637 interdum
1427 3577 1515 3637 etiam
1537 3594 1604 3636 curn

321 3678 516 3739 inmutatione
546 3678 691 3755 temporis
718 3679 919 3749 convertitur,
953 3686 987 3739 ut
1014 3698 1081 3739 cnm
1109 3698 1162 3739 nos
1189 3678 1317 3739 dicimus
1344 3678 1391 3738 leo
1419 3677 1501 3738 Plato
1527 3678 1604 3753 Aga·

382 3899 400 3949 8
418 3901 548 3949 nominum
565 3899 759 3963 peregrinorum
778 3899 916 3949 declinatio
935 3909 973 3950 eat
990 3916 1036 3953 om.
1054 3898 1085 3949 M
1145 3899 1161 3950 9
1181 3900 1229 3948 iam
1248 3898 1273 3949 io
1293 3898 1353 3947 ML
1410 3900 1524 3949 acinaces
1542 3899 1603 3948 ML

356 3990 360 3998 ·
384 3968 418 4019 10
432 3969 557 4018 sermonis
575 3984 620 4017 om.
641 3968 697 4017 BL
769 3970 802 4020 13
821 3968 861 4018 hia
881 3968 940 4028 (hoe
955 3968 993 4034 B)
1011 3971 1086 4019 rubor
1104 3969 1187 4019 aimile
1203 3968 1263 4017 huie
1282 3968 1357 4017 uideo
1376 3984 1434 4019 essa
1451 3982 1532 4033 augur
1550 3969 1602 4019 BL

312 4038 362 4091 hoc
378 4039 454 4087 auom
472 4038 556 4088 simile
575 4038 633 4088 huie
650 4036 699 4085 hoc
718 4054 802 4104 augur
819 4038 858 4087 M.
883 4039 957 4088 tubnr
975 4042 1115 4089 Poenorum
1131 4056 1182 4089 noa
1200 4039 1323 4088 dionem
1343 4053 1399 4088 erae
1416 4056 1433 4089 α
1449 4046 1533 4087 cetere
1551 4038 1602 4085 He-

313 4110 445 4160 braeoaam
463 4110 558 4158 ananiae
574 4108 678 4171 abbae,
693 4108 717 4157 h.
737 4126 760 4161 e
785 4112 871 4171 cottia,
887 4112 926 4159 oet
947 4111 1078 4161 tulmadico
1096 4109 1189 4165 tibbur,
1207 4108 1231 4156 Ιι.
1250 4124 1272 4162 e.
1294 4108 1430 4165 maurae
1449 4116 1473 4158 et
1489 4110 1514 4157 ia
1529 4110 1603 4157 noni-

312 4180 384 4229 m‘bua
408 4177 553 4243 quibusdam
572 4180 681 4226 locorum
703 4178 774 4240 apud
789 4145 917 4229 Poends'
907 4181 1030 4237 inveniri,
1048 4189 1075 4230 at
1088 4178 1223 4240 Tubarho,
1240 4178 1298 4229 auidi
1314 4178 1435 4229 indicavit
1452 4180 1602 4229 Mamaeae

312 4248 583 4300 achimoeniam
600 4249 697 4296 annana
715 4251 827 4298 annalium
845 4248 928 4298 Tabor
945 4252 984 4299 vel
1003 4238 1164 4315 Ἰταβυριον
1182 4255 1206 4297 et
1223 4248 1374 4299 Rhodioaaam
1392 4240 1553 4313 Ἀταβύριον
1571 4246 1602 4294 ab

312 4320 359 4367 hoc
376 4318 494 4367 vocabolo
512 4332 561 4367 aon
578 4318 663 4367 aliena
680 4333 737 4367 ease
754 4320 895 4381 suspicante
912 4327 951 4369 est
1022 4319 1054 4368 18
1078 4318 1209 4399 explicabo
1234 4316 1342 4368 Clinatio
1365 4330 1498 4399 grecorum
1521 4318 1602 4365 nomi-

313 4403 373 4437 num
389 4403 454 4450 quae
470 4402 625 4453 aaampamus
644 4388 732 4453 incipit
752 4388 930 4438 Nominatiuus
949 4389 982 4439 M
999 4387 1167 4454 explicabo.¹
1162 4403 1188 4437 iu
1207 4402 1356 4453 graecorum
1377 4388 1505 4435 nominum
1529 4386 1600 4434 incli-

313 4459 417 4507 natione
435 4458 606 4506 nominatione
618 4456 758 4507 Siclaordas
827 4457 991 4509 indeclinatio
1003 4459 1027 4507 L
1097 4459 1132 4507 20
1146 4466 1174 4507 ut
1192 4465 1230 4507 est
1247 4472 1298 4523 pan
1313 4472 1377 4523 pean
1391 4455 1494 4522 delphin
1510 4463 1602 4503 antone

314 4528 395 4590 (corr.
408 4543 474 4581 maa.
488 4543 540 4576 rec.
554 4525 674 4590 aiatonoe)
687 4542 770 4592 agaue
787 4526 862 4578 hoelu
880 4529 1000 4592 protheus
1019 4528 1137 4592 quodque
1152 4528 1178 4577 B
1197 4538 1223 4577 ut
1240 4542 1291 4591 pan
1310 4542 1377 4591 pean
1397 4524 1497 4592 delphin
1512 4532 1601 4573 catuna

314 4611 397 4661 agape
414 4599 438 4646 io
458 4599 499 4646 ino
518 4597 639 4661 protheus
662 4598 755 4660 quodsi
774 4598 808 4647 M
827 4605 855 4645 nt
873 4606 911 4646 est
929 4614 978 4663 pan
993 4599 1085 4663 pcandi
1104 4597 1195 4647 delhna
1214 4604 1306 4647 atonea
1321 4596 1422 4662 gaueho
1441 4596 1480 4647 ein
1497 4604 1601 4659 proteus

315 4668 383 4727 quod
401 4668 443 4730 qui
462 4666 487 4714 L
557 4668 590 4717 22
613 4669 785 4716 nominatione
807 4668 908 4717 clinatio
925 4672 950 4720 L
969 4668 1117 4717 nominatiui
1140 4666 1269 4717 inclinatio
1289 4666 1315 4715 B
1333 4666 1480 4716 nominatiui
1498 4664 1600 4713 clinatio

315 4734 348 4782 M
415 4733 635 4800 23c0nplebitur]
657 4736 885 4803 compelliturBL
955 4734 1155 4801 2lcuqunod
1175 4736 1238 4785 ML
1257 4750 1306 4800 quo
1324 4736 1350 4786 B
1403 4738 1490 4785 inam.
1508 4732 1600 4783 BML

383 4805 484 4854 nomine
503 4820 572 4854 coar.
593 4807 670 4855 -uiL
691 4806 832 4857 aominiM
885 4815 973 4857 utnos
991 4807 1016 4855 B
1068 4806 1102 4855 211
1122 4806 1149 4855 ht
1168 4808 1193 4855 io
1215 4814 1299 4857 anostra
1318 4806 1374 4856 BL
1427 4802 1600 4855 32utnosB
