3350 5442
590 362 824 425 COllMliNTVll
1311 360 1352 423 80

84 550 152 615 trica
171 546 299 613 libellos
321 546 398 613 inde
420 546 530 613 ederet
550 548 707 633 Lugduni
720 548 922 614 Batavorum
945 570 974 613 a.
994 547 1086 629 1766,
1109 558 1178 613 tum
1201 569 1243 612 ex
1258 547 1352 613 Pom-

83 650 136 737 peii
162 648 242 716 libro
276 647 438 735 quaedam
473 649 605 715 adiecit.
649 650 750 717 totius
785 660 895 716 autem
926 649 1002 714 libri
1029 649 1220 731 editionem,
1254 671 1352 736 quam

82 754 218 839 parabat,
245 750 289 816 ad
316 751 415 815 finem
442 774 509 818 non
535 752 707 839 perduxit,
735 761 909 839 propterea
936 750 1024 838 quod
1053 749 1109 817 illo
1139 750 1251 818 codice
1282 750 1353 817 solo

82 876 140 918 eam
158 876 223 917 rem
244 852 358 939 perlici
381 876 446 918 non
467 877 565 940 posse
585 852 808 939 intellegebat.
853 878 894 919 ex
916 853 1031 919 eodem
1053 852 1165 918 codice
1187 853 1354 939 descripta

81 978 141 1020 csse
164 955 309 1040 auspicor
335 954 409 1021 duo·
428 957 618 1044 apographa
645 980 729 1044 quae
756 967 832 1022 sunt
854 957 889 1020 in
911 955 1109 1022 bibliotheca
1130 954 1353 1021 universitatis

82 1055 254 1138 Leidensis,
277 1057 426 1122 Perizou.
450 1057 492 1139 Q.
515 1060 553 1123 71
577 1069 611 1124 et
632 1059 806 1127 Ruhnken.
830 1059 864 1124 9:
888 1057 929 1123 cf.
954 1056 1045 1123 Geel.
1068 1056 1163 1123 catal.
1186 1055 1261 1122 libr.
1285 1079 1352 1121 ma-

79 1181 171 1223 nuscr.
193 1158 248 1245 qui
267 1158 346 1225 inde
368 1160 410 1226 ab
432 1182 518 1225 anno
543 1162 623 1226 1741
651 1160 871 1228 bibliothecae
892 1158 1056 1243 Lugduno
1078 1159 1225 1224 Batavae
1247 1180 1353 1224 acces-

80 1270 178 1325 serunt
196 1283 227 1347 p.
253 1261 325 1327 153.
348 1284 484 1348 quorum
506 1264 770 1351 apographorum
792 1261 931 1327 alterum
946 1261 1062 1326 Petrus
1078 1260 1265 1325 Bondamus
1289 1260 1353 1326 sibi

79 1371 247 1449 paraverat,
263 1361 401 1429 alterum
416 1364 632 1430 Ruhnkenius
648 1366 691 1431 ab
699 1361 921 1449 Heusingero,
938 1364 994 1450 qui
1009 1362 1204 1427 Ruhnkenio
1220 1374 1354 1427 auctore

79 1486 109 1527 se
127 1462 264 1529 codicem
279 1464 465 1533 describere
480 1467 663 1533 instituisse
685 1468 780 1546 dicit,
805 1466 973 1553 accepisse
995 1465 1141 1545 videtur,
1164 1465 1257 1551 isque
1277 1464 1354 1529 inde

78 1564 222 1650 quaedam
247 1566 387 1651 protulit
412 1569 447 1633 in
475 1567 538 1633 Iul.
561 1568 668 1637 Rufin.
690 1569 733 1635 de
755 1569 875 1633 schem.
898 1590 930 1654 p.
952 1567 1025 1631 262.
1048 1577 1223 1653 utrumque
1245 1578 1354 1631 autem

78 1668 286 1754 apographum
307 1691 382 1734 cum
401 1668 706 1736 Wolfenbuttelano
729 1670 842 1735 codice
864 1670 1035 1735 consentit.
1080 1667 1220 1755 deniquo
1241 1668 1353 1733 Fride·

77 1769 154 1833 rieus
178 1768 419 1837 Lindemannus
447 1772 530 1837 illud
558 1772 686 1861 dequo
714 1772 793 1838 olim
815 1771 1042 1857 Heusingerus
1066 1769 1298 1857 desperaverat
1320 1771 1354 1834 in

77 1894 107 1935 se
131 1872 276 1959 suscepit.
321 1875 350 1937 is
378 1874 465 1939 enim
492 1873 684 1939 Ruhnkenii
712 1873 902 1962 apographo
931 1873 1112 1959 descripto,
1145 1894 1222 1938 mox
1255 1873 1354 1938 etiam

76 1972 367 2040 ll'olfeubuttelauo
395 1975 508 2041 codice
536 1975 702 2058 adhibito,
729 1978 854 2063 primus
882 1974 1003 2041 librum
1032 1973 1137 2039 edidit
1163 1973 1297 2062 Lipsiae
1325 1998 1354 2039 6.

78 2076 161 2139 1820.
185 2085 365 2141 extremam
390 2088 501 2142 autem
528 2077 606 2143 libri
631 2086 775 2165 partem,
804 2100 888 2164 quae
910 2078 944 2141 in
966 2075 1022 2142 illo
1045 2076 1158 2142 codice
1181 2076 1289 2159 deest,
1312 2099 1354 2141 ox

75 2176 259 2243 Senteniano
281 2178 395 2245 codice
417 2180 544 2245 adiecit.
589 2181 649 2245 sed
671 2201 744 2244 cum
764 2201 828 2244 uno
858 2179 969 2245 codiee
992 2201 1094 2265 eoque
1117 2177 1215 2244 valde
1235 2180 1353 2243 vitiose

74 2280 184 2366 scripto
204 2290 351 2347 uteretur
372 2290 470 2369 atque
491 2284 577 2347 hunc
599 2283 707 2369 ipsum
728 2281 938 2366 neglegenter
957 2281 1169 2367 exprimeret,
1195 2280 1266 2345 fieri
1288 2303 1353 2345 non

73 2383 171 2466 potnit
190 2386 267 2469 quin
289 2384 536 2470 corruptissima
557 2384 711 2449 evaderet
733 2384 851 2464 editio,
880 2382 967 2469 quod
987 2381 1086 2447 facile
1107 2393 1185 2469 puto
1207 2381 1353 2466 intellegi

72 2506 172 2569 posse,
193 2484 295 2572 siquis
317 2485 402 2551 hauc
423 2484 562 2550 alteram
582 2486 759 2552 editionem
780 2508 854 2551 cum
867 2484 1085 2551 Lindemanni
1108 2482 1257 2571 exemplo
1279 2505 1352 2547 con-

72 2586 238 2671 paraverit.
1338 2584 1340 2591 ’

148 2688 261 2753 Restat
287 2700 326 2754 ut
351 2689 394 2755 de
420 2690 492 2777 ipso
519 2690 604 2757 libro
632 2713 727 2778 quern
754 2690 915 2755 edidimus
945 2711 1050 2777 pauca
1077 2688 1234 2753 dicamus.
1278 2699 1353 2754 anto

72 2790 172 2854 omnia
191 2790 293 2877 igitur
314 2792 484 2856 sciendum
506 2803 567 2875 est,
591 2793 677 2858 sieut
698 2792 739 2857 de
755 2792 905 2859 Oledonii
927 2805 994 2857 arte
1016 2790 1172 2872 diximus,
1195 2789 1243 2854 ita
1258 2790 1352 2855 Pom·

44 2897 47 2899 ’
70 2892 129 2977 peii
150 2914 275 2978 quoque
298 2891 417 2957 librum
447 2893 566 2960 scholis
589 2895 789 2961 destinatum
811 2894 864 2961 vel
886 2896 995 2983 potius
1018 2916 1061 2957 ex
1082 2916 1145 2957 usu
1167 2890 1353 2956 scholarum

70 2992 243 3077 prosecmm
265 3017 348 3060 esse.
377 3018 454 3061 nam
475 3018 540 3062 uon
563 2995 668 3063 solum
691 3019 866 3084 puerorum
881 2996 1074 3084 aliquotiens
1097 3016 1118 3059 a
1139 2994 1352 3079 grammatico

69 3097 182 3161 mentio
203 3095 292 3162 facta
314 3108 380 3177 661,
408 3121 440 3185 p.
465 3099 505 3164 79
526 3121 564 3164 66
584 3112 666 3163 erret
683 3120 773 3180 puer,
796 3123 828 3187 p.
853 3100 895 3165 90
916 3108 948 3163 ai
965 3103 1059 3178 possit
1074 3117 1152 3176 puer
1174 3102 1352 3175 intelleaere,

69 3220 97 3282 p.
114 3198 171 3263 103
191 3210 221 3263 et
228 3220 310 3279 puer
323 3205 413 3274 dicat,
437 3211 470 3265 61
491 3199 770 3285 scholasticorum,
795 3226 828 3290 p.
844 3203 904 3265 441
924 3208 1100 3289 pierumque
1118 3210 1243 3278 propter
1263 3206 1352 3263 cina—

68 3309 145 3363 seias
161 3304 285 3377 [661661
304 3306 361 3367 noe
381 3306 559 3376 atuatici,
582 3327 614 3390 p.
630 3303 692 3367 477
708 3308 933 3369 charientismos
953 3307 1064 3366 dieitur
1086 3310 1187 3379 tropus
1208 3307 1263 3379 qui
1282 3322 1353 3365 rer-

69 3408 249 3467 sertertium
263 3409 349 3483 apud
368 3409 554 3469 seboiaaicos
573 3410 813 3485 frequentissime
819 3431 831 3479 ,·
854 3404 913 3469 sed
928 3404 1026 3469 etiam
1041 3424 1100 3489 per
1115 3411 1217 3467 totum
1233 3401 1353 3468 librum

69 3527 103 3567 ca
127 3516 179 3570 est
204 3527 314 3569 rerum
340 3506 586 3572 tractandarum
614 3506 715 3590 ratio,
738 3522 776 3573 ut
797 3506 908 3573 omnia
934 3506 1028 3593 quasi
1051 3526 1161 3570 eoram
1184 3502 1351 3591 discipulis

69 3618 314 3694 apraeeeptore
340 3608 395 3693 agi
417 3607 601 3674 videantur.
645 3632 687 3673 ex
708 3609 770 3675 hoe
791 3631 909 3695 genere
933 3616 1010 3672 sunt
1032 3628 1106 3670 cum
1127 3604 1352 3673 adlocutiones

68 3708 360 3795 frequentissimae,
389 3710 507 3796 quibus
535 3722 711 3798 praecepta
732 3710 953 3777 commendari
980 3707 1099 3785 solent,
1116 3720 1208 3788 putu,
1231 3730 1352 3787 quaere,

69 3818 173 3889 initiae,
197 3817 367 3885 66661666,
388 3818 587 3886 6666116166,
610 3834 669 3877 nen
685 3826 772 3893 potes
793 3820 934 3885 invenire,
957 3834 994 3875 ne
1017 3818 1103 3876 dieas
1124 3816 1210 3883 mibi,
1234 3817 1353 3876 ostende

69 3918 146 3985 niti,
169 3919 213 3977 da
233 3918 308 3977 6111
326 3912 529 3988 elocutionem,
552 3936 607 3994 eae
627 3920 680 3979 tibi
699 3921 766 3981 dico
788 3929 819 3980 tu
841 3921 914 3981 miii
935 3920 1022 3986 dicis,
1046 3918 1099 3978 tibi
1119 3920 1253 3985 ostendo,
1277 3919 1354 3978 iilud

69 4030 160 4078 tenere
181 4020 306 4089 dehetis,
335 4027 405 4082 turn
431 4018 704 4102 interrogationes
734 4029 767 4084 et
788 4020 1016 4105 responsiones
1038 4015 1089 4079 his
1111 4016 1180 4080 fere
1203 4014 1351 4081 formulis

69 4116 214 4182 inductae
221 4166 230 4199 ,
253 4138 363 4196 quare,
386 4139 444 4199 quo
464 4125 565 4194 modo,
588 4141 649 4199 qua
669 4126 786 4184 ratione
800 4119 854 4185 vel
869 4142 928 4199 qua
950 4125 1066 4183 ratione
1086 4122 1141 4182 hoc
1163 4124 1243 4191 dini,
1267 4139 1351 4197 quem

69 4224 235 4283 admodum
253 4226 310 4297 fii,
338 4226 418 4285 unde
438 4226 494 4286 irae
509 4226 638 4301 probas,
666 4227 747 4287 unde
770 4227 948 4304 probamus,
977 4226 1056 4285 unde
1077 4226 1286 4298 intellepimus,
1309 4228 1352 4285 ris

69 4329 135 4385 aire
161 4326 221 4385 hoc
240 4342 343 4386 raum
370 4344 445 4401 esse,
473 4329 631 4403 numquid,
662 4329 796 4403 quidsi,
818 4331 897 4403 siqui
917 4338 943 4388 ie
965 4328 1201 4401 interroauverit.
1240 4322 1352 4387 eodem

70 4424 227 4506 pertinent
252 4446 338 4511 quae
365 4424 406 4490 de
433 4426 523 4491 iusta
548 4426 771 4510 interrogandi
798 4437 832 4491 et
858 4424 1076 4513 respondendi
1103 4424 1228 4489 ratione
1260 4446 1352 4511 prae·

71 4535 257 4610 captarunt
283 4548 317 4612 p.
341 4526 402 4591 103
429 4536 463 4591 et
488 4549 571 4613 quae
596 4528 632 4591 in
653 4527 899 4614 quaestionibus
922 4548 1010 4591 more
1032 4524 1214 4591 scholarum
1236 4548 1351 4612 propo-

70 4626 173 4691 nendis
201 4635 237 4691 et
263 4626 429 4693 solvendis
458 4640 647 4713 versantur,
676 4640 713 4694 ut
739 4653 771 4716 p.
796 4630 858 4694 184
885 4633 1085 4709 quaerebatur
1113 4632 1231 4692 Pascha
1267 4635 1353 4692 errius

71 4742 133 4791 caet
151 4736 285 4802 numeri,
308 4754 340 4816 p.
367 4730 428 4794 190
447 4737 611 4808 quaesitum
632 4744 688 4805 esi,
716 4736 854 4808 familias
876 4739 928 4810 qai
947 4752 1035 4795 66666
1056 4740 1111 4803 esi,
1135 4753 1167 4817 p.
1191 4729 1254 4795 315
1276 4735 1353 4794 illud

70 4838 228 4907 eumitren
247 4844 305 4907 est,
328 4842 426 4898 utrum
446 4852 602 4912 possumus
622 4838 724 4897 dicere
744 4855 814 4899 cras
836 4838 918 4908 dieo,
942 4855 974 4919 p.
996 4832 1060 4896 246
1082 4852 1152 4896 nam
1168 4842 1267 4913 potest
1287 4838 1349 4895 aii-
