3350 5442
663 335 735 398 aus
1303 334 1343 399 77

1151 455 1174 497 p.
1187 443 1319 485 1991851).

209 532 241 586 te
263 541 391 604 penes,
416 525 451 585 iu
473 529 508 583 te
531 524 648 584 omnis
670 522 797 584 domus
820 523 1000 585 inclinata
1022 522 1216 585 recumbit.
1242 559 1279 570 —-

80 631 116 690 lir
135 629 185 688 bis
206 627 245 688 ad
268 635 304 688 et
325 625 420 706 apud
443 643 519 686 cum
544 627 661 687 unius
678 643 782 689 casus
803 633 903 686 suut:
927 625 1188 713 apud-tautumiu
1204 625 1270 688 loco
1285 630 1416 707 sig-390,
1431 640 1462 687 13

80 731 171 797 nificat,
186 737 223 804 'ut
244 727 339 808 ‘apud
361 729 487 790 amicum
502 733 603 798 sum‘,
627 747 683 790 neo
698 745 855 808 possumus
869 727 970 790 dicere
993 728 1086 808 ‘apud
1102 729 1228 790 amicum
1245 728 1345 791 vado'.

80 832 106 892 ad
125 850 188 892 vero
209 840 238 891 et
259 833 290 891 iu
319 829 384 890 loco
414 837 442 891 et
469 830 505 891 ad
533 829 629 892 locum
657 831 814 908 significat:
844 847 912 889 uam
936 829 1060 890 dicimus
1082 837 1111 890 et
1138 815 1193 890 ‘ad
1216 819 1343 892 enricum
1404 873 1407 882 ·

61 937 145 994 asun’
167 941 194 992 et
215 931 268 992 ‘ad
292 934 420 993 aulicum
445 932 544 1003 vado’,
565 934 570 1009 Ι
590 934 667 994 εἰευῑ
690 934 778 993 etiam
800 931 915 992 Tullius
937 933 1037 1012 posuit
1058 933 1088 992 iu
1111 934 1206 1011 prima
1228 935 1345 994 aetiune

77 1035 191 1096 ‘decem
213 1034 327 1095 fiscos
349 1033 390 1094 ad
414 1041 626 1096 senatorem
649 1033 751 1112 lllurn
774 1033 960 1103 relictos’,
984 1036 1055 1094 item
1070 1035 1178 1114 ipsein
1194 1036 1346 1095 invectivis

78 1136 122 1197 ‘ad
146 1137 180 1198 ld.
202 1136 330 1198 Lecam
354 1144 388 1198 te
410 1136 581 1197 babitare
604 1134 697 1197 velle
720 1125 874 1201 dixisti’.
912 1135 983 1217 [‘ad
1006 1137 1132 1196 amicum
1156 1141 1215 1197 est’
1238 1137 1346 1198 dicitur

78 1247 101 1298 et
117 1237 163 1299 ‘ad
185 1238 311 1299 amicum
334 1236 449 1318 vado'].
472 1271 514 1283 -
536 1237 626 1309 Quia
653 1239 734 1298 siue
762 1237 898 1318 aliqua:
927 1240 994 1318 quia
1017 1239 1142 1299 dicimus
1169 1242 1281 1319 ‘usque
1308 1239 1390 1300 ad1o

77 1342 183 1400 amicum
215 1339 318 1400 vado'.
358 1358 451 1419 usquc
483 1348 512 1400 et
539 1339 575 1400 ad
604 1339 679 1400 duae
706 1347 774 1400 sunt
800 1342 1042 1420 praepositiones.
1066 1373 1109 1385 -
1130 1340 1178 1401 De
1204 1360 1246 1400 ex
1269 1359 1298 1401 e:
1328 1354 1390 1402 ete

50 1441 139 1511 uioro,
161 1461 195 1502 ex
216 1435 322 1503 amico.
352 1441 518 1521 aliquando
541 1441 620 1502 enim
643 1459 808 1504 consonans
830 1445 976 1523 sequitur,
1000 1461 1036 1503 ex
1057 1450 1205 1522 praetura.
1242 1450 1344 1503 notau-

76 1543 130 1603 duu
160 1561 230 1604 sane
263 1543 341 1623 quod
376 1561 411 1604 ex
444 1544 622 1624 praepositio
656 1551 686 1604 et
716 1551 804 1622 auget
832 1553 862 1605 et
883 1547 996 1606 minuit.
1020 1577 1062 1589 -
1083 1545 1205 1606 Tenus
1237 1545 1388 1626 pubem

77 1653 178 1724 propter
205 1643 315 1706 bonurn
343 1663 464 1716 sonum,
499 1654 621 1726 propter
648 1647 772 1724 gratiam
800 1648 895 1718 vocis,
925 1647 994 1708 iacit
1020 1645 1100 1727 pube
1122 1654 1216 1708 tenus.
1261 1654 1346 1708 tenus

76 1746 226 1808 adverbium
250 1755 308 1818 est,
332 1749 401 1827 quia
423 1746 503 1828 pube
525 1754 610 1808 tenus
632 1746 752 1814 dicitur.
789 1755 876 1810 tenus
903 1757 932 1811 et
958 1749 1146 1828 subiungitur
1174 1758 1204 1810 et
1225 1758 1345 1829 antepo-

78 1851 154 1909 nitur:
176 1856 205 1909 et
227 1856 313 1910 tenus
336 1850 414 1930 pube
436 1850 562 1911 dicimus
584 1856 614 1910 et
635 1848 715 1929 pube
739 1857 831 1912 tenus.
872 1859 1005 1914 ceterum
1028 1850 1106 1931 pube
1128 1859 1214 1911 tenus
1228 1851 1346 1931 quaudo

50 1951 195 2021 alternus,
219 1949 417 2031 hysterologia
452 1959 506 2013 est.
532 1947 538 2036 Ι
567 1985 610 1997 -
637 1951 808 2023 Quarum:
844 1961 905 2014 tres
932 1953 1165 2034 praepositiones
1192 1955 1344 2032 utriusque
1355 1965 1389 2014 24

76 2072 156 2122 casus,
177 2055 206 2113 iu
229 2052 285 2113 sub
308 2061 338 2114 et
359 2053 476 2122 subter,
499 2053 618 2133 quando
639 2054 791 2117 itineraies
812 2056 937 2125 luerint,
962 2055 1126 2116 accusativo
1149 2072 1267 2134 semper
1281 2073 1344 2115 ser·

32 2199 35 2205 .
77 2157 154 2222 viunt;
176 2153 291 2234 quando
314 2153 438 2225 locales,
461 2154 589 2217 ablativo
610 2158 642 2218 in
665 2155 803 2218 omuibus
826 2156 1017 2237 temporibus.
1054 2175 1228 2237 supervero
1244 2155 1345 2217 abbis

77 2257 149 2316 disat
160 2275 211 2335 per
226 2257 424 2318 contrarium:
440 2258 557 2337 quando
580 2258 725 2320 itineralis
740 2260 838 2328 luerit,
862 2258 988 2320 ablativo
1003 2261 1108 2329 servit,
1130 2266 1163 2320 ut
1185 2263 1239 2320 ‘eo
1255 2277 1345 2339 super

76 2358 185 2437 platea';
213 2359 330 2440 quando
353 2358 464 2428 localis,
488 2361 665 2430 accusativo,
690 2369 723 2422 ut
742 2362 871 2441 ‘super
893 2361 1078 2422 ldulium'.
1099 2397 1142 2406 —
1164 2360 1264 2422 Tunc
1286 2380 1345 2422 ao-

50 2463 216 2521 ucusativi
238 2480 360 2522 casus:
385 2470 470 2532 tunc,
494 2462 613 2542 quaudo
635 2471 680 2523 est
701 2465 823 2523 mutatio
847 2462 997 2535 locorum,
1024 2465 1221 2526 accusativum
1244 2481 1345 2525 casum

77 2571 180 2640 reguum
202 2563 320 2642 quando
336 2565 366 2624 iu
383 2563 448 2625 loco
464 2565 648 2644 permansio,
672 2583 796 2625 necesse
811 2573 857 2626 est
873 2574 906 2626 ut
919 2564 1076 2627 ablativum
1092 2574 1205 2644 regant.
1229 2573 1343 2626 utrum·

76 2683 122 2743 que
142 2683 291 2744 possumus
312 2666 427 2737 dicere,
457 2674 487 2726 et
508 2667 599 2727 ‘cado
621 2667 652 2727 in
674 2665 818 2747 plateam’
847 2686 901 2746 per
922 2670 1119 2729 accusativum
1149 2676 1179 2728 et
1201 2667 1292 2727 ‘cado
1314 2669 1344 2727 in

77 2767 172 2844 platea’
203 2785 256 2847 per
289 2766 458 2829 ablativum.
501 2768 552 2829 sed
582 2775 653 2829 tunc
681 2768 807 2830 dicimus
835 2787 889 2849 per
917 2771 1127 2848 accusativum,
1162 2769 1280 2850 (puaudo
1308 2769 1345 2830 de

77 2877 140 2928 tecto
160 2889 211 2930 nos
233 2868 314 2930 verbi
336 2887 425 2931 causa
441 2871 470 2930 in
486 2870 613 2950 plateam
628 2869 771 2932 occidisse
786 2871 1000 2950 significamus;
1023 2883 1094 2934 tunc
1109 2890 1161 2951 per
1177 2871 1344 2941 ablativum,

49 2971 178 3050 equando
199 2972 238 3032 ibi
257 2971 397 3054 letantes
419 2971 559 3034 cadimus.
598 2989 669 3050 ergo
692 2974 813 3034 mutatio
835 2972 894 3034 loci
916 2975 986 3036 iacit
1007 2976 1202 3038 accusativum
1224 2974 1270 3034 vel
1293 2972 1345 3034 ab·

75 3073 186 3134 lativum.
209 3107 250 3118 —
271 3074 395 3154 Super
416 3093 520 3136 vero:
545 3093 668 3136 necesse
690 3083 735 3136 est
756 3077 835 3136 enim
858 3083 892 3135 ut
913 3077 940 3135 ei
962 3077 1044 3137 casui
1065 3078 1205 3155 iungatur
1222 3073 1236 3158 ΙΙ
1259 3092 1345 3154 prae·
1358 3093 1444 3153 391,1

75 3177 180 3252 pusilio,
207 3177 254 3236 cui
281 3178 363 3238 casiri
390 3175 440 3237 illa
466 3177 613 3255 iungitur,
641 3195 697 3256 pro
726 3195 783 3257 qua
811 3179 941 3256 ponitur.
986 3180 1126 3256 quoniam
1154 3178 1192 3238 de
1219 3177 1346 3240 ablativo

75 3279 143 3337 rasrd
162 3280 305 3357 iungitur,
334 3297 439 3358 super,
470 3278 589 3356 quando
611 3277 726 3359 prode
748 3280 882 3359 ponitur,
906 3278 1031 3341 ablativo
1054 3280 1143 3342 debet
1164 3281 1281 3341 sociari.
1303 3315 1347 3326 -

76 3379 179 3458 Super
201 3398 300 3442 vero:
322 3397 413 3459 super
429 3379 573 3458 significat
588 3387 618 3440 et
639 3379 824 3450 adverbium,
848 3389 881 3442 ut
896 3380 1044 3460 Vergilius
1065 3383 1118 3442 ‘et
1139 3401 1251 3462 super
1272 3384 1346 3462 ipsi

51 3480 292 3542 ²¹dardanidae
315 3481 473 3540 insensi’
495 3499 551 3560 pro
573 3483 705 3562 iusuper.
738 3483 827 3562 igitur
844 3485 912 3562 quia
927 3481 1048 3562 longum
1065 3490 1110 3543 est
1125 3486 1239 3544 ceteras
1259 3503 1345 3564 prac-

77 3585 218 3658 positiones
239 3583 395 3664 persequi,
419 3582 548 3644 breviter
571 3583 627 3644 boo
649 3583 872 3646 custodiendum
896 3592 955 3654 est,
978 3593 1024 3655 ut,
1054 3585 1172 3664 quando
1194 3587 1346 3665 praeposi·

77 3685 157 3745 tiones
177 3685 211 3744 ad
233 3703 334 3746 casum
358 3685 480 3746 minime
501 3684 683 3764 respondere
705 3686 881 3755 viderimus,
905 3685 1045 3746 adverbia
1067 3686 1261 3767 appellentur.
1293 3707 1346 3748 no·

78 3787 179 3846 undum
202 3805 285 3856 sane,
309 3785 428 3865 quaudo
450 3788 580 3850 incertae
603 3788 715 3850 luerint
734 3789 978 3869 praepositiones,
1001 3788 1058 3849 boc
1080 3798 1126 3850 est
1147 3808 1203 3851 nec
1224 3791 1345 3851 itinera-

98 3923 360 3932 -.-.---.-.--.--..-

132 4008 191 4057 God.
212 4008 290 4059 Bern.
312 4007 370 4058 Xlll
387 4005 487 4061 6⁸-8.
560 4010 573 4060 1
589 4017 612 4058 te
629 4007 718 4076 penes]
740 4018 811 4061 tenes
864 4013 880 4061 2
898 4021 958 4077 aput
977 4027 1034 4071 eum
1052 4012 1143 4062 uniasu
1161 4011 1242 4076 (marr.
1256 4007 1345 4075 unius)

79 4093 137 4126 rasus
154 4087 212 4126 suut
230 4089 291 4144 aput
361 4077 463 4143 3apud
482 4079 589 4127 nmiounr
609 4094 682 4129 suurn
736 4083 924 4147 sputaminum
995 4086 1051 4132 iet
1069 4083 1094 4132 in
1115 4079 1179 4148 loco]
1201 4083 1225 4130 in
1243 4097 1272 4130 vo
1290 4079 1345 4129 loco

131 4145 228 4214 inam}
250 4163 298 4198 non
352 4145 454 4214 baum]
476 4161 635 4201 suumcorr.
656 4165 711 4199 sum
767 4149 861 4218 prima]
882 4167 932 4202 unu
1003 4152 1100 4204 (lilios
1169 4152 1274 4202 ilecon

80 4213 152 4265 licitur
176 4227 201 4266 et
221 4233 276 4283 usq.
296 4219 372 4268 etad
396 4220 504 4266 amicum
528 4219 594 4268 uado
616 4233 697 4283 usque
720 4219 785 4271 duae
808 4232 868 4270 suut
891 4225 1093 4288 praepositiones
1112 4223 1170 4286 quia
1187 4222 1242 4269 siue
1260 4221 1346 4283 aliquo

80 4288 124 4346 qvia
145 4289 250 4337 dicimus
271 4303 352 4352 usque
370 4289 403 4338 ad
419 4289 528 4338 amicum
547 4289 613 4338 rrado
631 4304 661 4338 us
680 4300 704 4339 et
719 4292 752 4340 ad
770 4291 835 4341 duae
917 4293 935 4343 9
954 4293 987 4341 de
1003 4304 1027 4343 et
1044 4310 1058 4342 e
1076 4293 1129 4342 lero
1144 4307 1175 4340 cx
1194 4291 1276 4339 enrico

83 4355 105 4402 ltl
121 4359 268 4408 certandum
291 4375 360 4411 corr.
382 4358 518 4408 notandum
591 4359 623 4409 lb
641 4360 794 4426 ysterologis
866 4361 898 4412 lu
923 4371 1010 4426 supter
1034 4377 1100 4424 erran
1122 4363 1202 4420 (εονν.
1225 4363 1261 4409 ε1.
1279 4375 1344 4409 mon.

81 4429 174 4492 quando)
190 4429 316 4478 itineraies
372 4428 405 4478 21
424 4443 625 4479 neccessecorr.
646 4445 749 4478 necesse
801 4429 974 4496 astringitur]
994 4432 1153 4497 nvrnoigimr
1206 4431 1239 4480 28
1256 4431 1347 4480 debeat

133 4498 164 4546 29
181 4500 230 4564 ipsi
244 4514 313 4552 corr.
333 4499 389 4564 lpse
457 4497 490 4548 31
510 4501 630 4565 prosequi
699 4499 733 4549 32
751 4501 910 4566 appellantur
926 4515 994 4551 corr.
1009 4511 1094 4551 -entur

136 4689 145 4736 l
164 4697 189 4738 te
207 4687 295 4754 penes]
319 4690 397 4753 Verp.
414 4686 481 4741 Aen.
499 4687 545 4738 llll
566 4688 599 4738 59
686 4689 702 4736 5
721 4691 745 4738 iu
766 4691 847 4754 prima
866 4687 975 4754 actione]
993 4691 1019 4739 in
1041 4690 1118 4739 Vere.
1137 4698 1188 4742 oct.
1206 4704 1247 4752 pr.
1267 4689 1293 4750 8,
1311 4691 1344 4738 22

134 4759 186 4806 ltin
207 4757 349 4824 invectivis]
367 4759 479 4810 incutit.
501 4759 553 4818 18,
577 4759 608 4810 19
663 4757 695 4810 19
715 4774 792 4825 super
811 4758 928 4827 ldslium]
949 4763 1028 4826 Vera.
1047 4760 1114 4814 Aen.
1135 4759 1211 4810 11181
1269 4759 1346 4810 aber

83 4825 149 4894 uper]
174 4829 250 4896 Vesp-
265 4830 330 4882 Aen.
350 4831 370 4880 ll
390 4829 421 4882 71
525 4877 527 4882 .
1286 4827 1289 4836 '
