3350 5442
362 343 425 420 524
907 356 1109 421 avcvsrrnr

388 465 561 520 pmcne

362 547 427 606 loco
449 553 547 606 autem
575 544 647 605 ‘ubi
670 563 781 624 ponere
805 545 918 606 iubes'.
953 549 1027 609 situs
1050 565 1121 607 uero
1143 565 1261 626 semper
1283 546 1446 607 ablativum
1468 554 1555 615 tenet,
1572 553 1611 626 qni

362 633 530 692 contrarius
557 638 602 691 est
629 633 734 691 motui.
779 649 847 691 narn
876 633 973 711 ipsum
1001 651 1108 693 nomen
1137 635 1298 693 sessionem
1322 633 1473 712 quandam
1499 635 1605 709 signitim

364 725 395 776 ut
409 724 479 796 puta
503 735 568 776 sum
590 718 621 776 in
641 718 723 788 loro,
746 735 827 776 eram
850 718 880 777 in
903 719 981 786 loro,
1000 714 1005 800 Ι
1021 719 1065 778 lui
1087 720 1120 777 in
1141 719 1215 787 loro,
1238 719 1359 778 iuturus
1374 737 1441 777 snm
1458 720 1488 776 in
1509 717 1570 777 loro.
1589 724 1612 780 si

362 802 540 881 simpliciter
567 801 656 861 sedeo
684 804 766 862 iaceo
794 801 871 862 cubo
899 810 944 863 sto
973 804 1101 863 consisto
1128 803 1252 872 haereo,
1282 805 1382 864 omina
1413 803 1488 862 baec
1508 803 1539 862 ad
1557 806 1613 862 sitm

362 890 522 966 pertinent.
568 886 735 947 meditanda
765 889 858 964 igitur
886 895 954 948 sunt
982 897 1012 949 et
1039 890 1070 948 in
1099 907 1184 949 usum
1214 888 1364 959 ducenda,
1394 896 1430 948 ut
1457 890 1514 947 ianr
1537 891 1561 948 iu
1582 889 1622 948 la·v

361 974 616 1052 praepositionum
643 973 738 1033 forma
766 979 796 1032 et
822 981 904 1034 recte
931 981 962 1033 ct
989 974 1068 1034 nulla
1096 973 1292 1035 haesitatione
1320 973 1481 1054 loquentes
1507 974 1608 1034 studuie

362 1077 415 1118 nos
438 1058 609 1135 diligentins
631 1057 805 1118 indicemus

826 1227 874 1292 DE
897 1227 1193 1292 INTEROEC'tluNE

446 1346 616 1407 luteriectio
650 1365 710 1408 non
738 1367 808 1427 pars
834 1349 978 1410 orationis
999 1357 1059 1421 est,
1087 1350 1139 1410 sed
1162 1350 1278 1411 allectio
1300 1352 1490 1429 erumpentis
1510 1352 1582 1409 anim
1596 1353 1613 1407 ir

361 1451 477 1500 rocem,
508 1439 538 1492 et
566 1433 713 1510 significat
741 1441 792 1494 aut
817 1433 976 1505 laetitiam,
1006 1443 1040 1495 ut
1068 1454 1155 1506 evax,
1185 1443 1236 1495 aut
1262 1435 1508 1503 amaritudinem,
1529 1443 1555 1494 ut
1572 1435 1631 1494 bena

363 1517 439 1597 apud
457 1517 587 1578 Graecos
609 1517 686 1596 φεῦ.
718 1535 788 1596 ergo
804 1527 876 1598 quot
890 1526 961 1580 sunt
981 1519 1148 1600 perturbati
1171 1522 1262 1582 animi
1284 1529 1393 1590 motus,
1420 1527 1465 1580 tot
1486 1521 1613 1579 voresrul

361 1604 443 1664 (luni.
475 1610 504 1663 et
519 1609 662 1663 vocantur
677 1605 915 1674 interiectioues,
938 1605 1015 1685 quod
1031 1608 1249 1686 interrumpam
1264 1608 1432 1666 orationem
1440 1641 1450 1675 ‚-
1465 1614 1498 1664 nt
1511 1605 1614 1664 estillul.

507 1689 567 1749 bic
590 1690 692 1749 inter
715 1689 850 1752 densas
872 1691 1011 1752 corilus
1035 1691 1140 1752 modo
1160 1709 1314 1771 namque
1337 1691 1520 1770 gemellos

507 1791 606 1853 spem
627 1777 769 1852 gregis,

360 1861 495 1939 sequitur
522 1878 590 1920 mox
618 1861 787 1921 interiectio
814 1879 869 1940 per·
895 1861 1025 1923 litteram
1053 1881 1084 1931 a,
1114 1865 1147 1922 ‘a
1175 1862 1286 1923 silice
1320 1864 1357 1922 in
1389 1862 1487 1922 nuda
1517 1862 1631 1920 coniri·

362 1945 556 2024 reliquit':
580 1946 611 2004 in
633 1945 764 2006 medium
786 1949 931 2007 orationis
953 1948 1109 2006 interiecta
1131 1956 1176 2008 est
1198 1966 1215 2007 a
1237 1947 1347 2007 littera.

445 2029 553 2090 Omnes
575 2039 677 2109 partes
699 2033 843 2092 orationis
865 2032 1008 2092 decursae
1032 2051 1048 2092 a
1070 2031 1158 2092 nobis
1180 2040 1265 2102 sunt,
1296 2052 1371 2112 quae
1394 2033 1433 2093 ad
1456 2031 1614 2110 conpendium

360 2115 510 2176 sulliciant
532 2122 582 2175 aut
596 2119 748 2195 occupatis
763 2124 815 2177 ant
829 2116 1068 2194 neglegentibus,
1099 2135 1169 2178 saue
1192 2118 1271 2197 quod
1292 2120 1450 2178 omisimus
1472 2121 1503 2176 in
1524 2125 1610 2176 tractati

361 2202 498 2270 nominis,
522 2200 683 2262 reddimus.
728 2203 803 2262 scire
832 2205 912 2262 enim
940 2201 1082 2263 debemus
1109 2205 1229 2263 nomina
1257 2221 1454 2264 numerorum
1476 2222 1492 2262 a
1513 2210 1615 2280 quattnr

361 2285 513 2365 usquead
542 2294 661 2347 centum
689 2295 788 2366 aptota
817 2305 881 2347 esse
909 2289 1029 2365 generis
1051 2290 1160 2358 omnis,
1190 2296 1223 2349 ut
1243 2287 1391 2368 quattuor
1413 2290 1488 2356 viri,
1510 2295 1631 2366 quaunm

360 2373 503 2440 feminae,
533 2379 672 2450 quattuor
699 2374 858 2452 mancipia.
903 2375 946 2432 sic
973 2391 1028 2453 per
1055 2392 1158 2434 omnes
1184 2392 1270 2434 casus
1292 2381 1434 2454 quattuor
1456 2374 1615 2438 distruunt

361 2463 431 2535 puta
459 2456 590 2517 uirorum
617 2464 771 2537 quattuor,
800 2458 960 2519 mulierum
988 2466 1143 2539 quattuor,
1177 2461 1391 2538 mancipiorum
1420 2467 1565 2538 quattuor:
1590 2457 1611 2511 ιι

361 2544 529 2601 accusativo
552 2543 631 2602 viros
652 2550 809 2622 quattuor,
832 2544 959 2604 seminas
981 2550 1137 2623 quattuor,
1167 2546 1313 2625 mancipia
1340 2553 1497 2624 quattuor;
1524 2543 1616 2602 ablatio

297 2644 304 2658 ·
362 2645 377 2686 a
401 2629 474 2687 viris
496 2634 649 2706 quattuor,
674 2647 690 2688 a
712 2628 832 2688 leminis
855 2635 1009 2708 quattuor,
1033 2647 1049 2688 a
1072 2631 1229 2708 mancipiis
1251 2637 1400 2709 quattuor.
1432 2629 1484 2689 sed
1500 2628 1559 2687 ideo
1575 2626 1614 2684 diri

361 2731 376 2772 a
399 2719 538 2792 quattuor
560 2719 659 2792 aptota
682 2731 746 2774 esse
769 2731 863 2794 nsque
886 2712 921 2775 ad
945 2721 1078 2784 centum,
1103 2715 1172 2794 quia
1196 2714 1254 2774 duo
1277 2714 1475 2783 declinantur,
1498 2713 1551 2773 duo
1568 2711 1631 2769 dnos

360 2815 427 2856 rnrn
449 2796 565 2857 duobus
588 2798 662 2858 duos
685 2797 728 2858 vel
751 2799 809 2860 duo
832 2818 850 2859 o
872 2798 930 2877 duo
952 2819 969 2860 a
991 2798 1117 2860 duobus.
1162 2801 1205 2859 sic
1233 2807 1295 2859 tres
1322 2799 1510 2860 declinantur
1529 2806 1554 2856 et
1572 2813 1616 2853 cnr·

361 2889 431 2941 runt
453 2901 508 2961 per·
531 2901 631 2954 casus,
661 2883 691 2943 bi
715 2891 745 2944 ct
773 2884 828 2944 bae
851 2894 915 2944 tres
935 2885 1043 2945 horum
1065 2893 1094 2945 et
1116 2884 1222 2944 barum
1244 2887 1335 2946 trium
1357 2884 1404 2944 bis
1427 2885 1523 2944 tribus
1541 2883 1584 2941 bos
1599 2889 1616 2936 e

360 2965 415 3027 bas
443 2974 504 3028 tres
533 2987 550 3027 o
577 2975 639 3028 tres
667 2968 704 3030 ab
733 2969 778 3029 bis
805 2969 916 3038 tribus,
946 2988 962 3030 a
989 2987 1099 3046 genere
1128 2978 1234 3031 neutro
1256 2970 1330 3030 baec
1352 2972 1410 3030 tria
1432 2969 1534 3029 borum
1553 2967 1616 3024 trinu

361 3050 407 3110 bis
431 3051 529 3113 tribus
551 3052 624 3113 baec
647 3057 704 3115 tria
728 3073 745 3114 o
768 3056 826 3114 tria
849 3053 886 3115 ab
908 3054 955 3116 bis
977 3054 1085 3116 tribus.
1123 3074 1159 3114 ex
1176 3055 1231 3116 bac
1247 3073 1317 3132 ergo
1332 3056 1429 3115 lorino
1443 3053 1632 3128 intellegimus¹

361 3155 419 3216 quo
447 3137 534 3197 modo
563 3138 697 3200 dicamus
724 3139 773 3200 bic
802 3140 954 3210 duumvir,
984 3141 1068 3220 quasi
1091 3140 1217 3201 duorum
1245 3141 1399 3201 bominum
1427 3159 1501 3200 unus
1523 3141 1572 3204 sir,
1589 3136 1633 3190 ‚nn

362 3225 500 3283 triumvir
528 3225 620 3284 trium
651 3225 804 3285 homiuum
838 3243 914 3286 unus
947 3225 1001 3284 vir.
1047 3243 1118 3303 orgo
1145 3225 1194 3286 bic
1225 3225 1357 3286 admisit⁴
1376 3225 1542 3303 genitivum.
1578 3222 1615 3278 iau

363 3314 503 3387 quattuor
525 3308 736 3371 indeclinabile
766 3318 825 3370 est:
861 3312 1047 3391 quattuorvir
1076 3310 1202 3371 dicimus
1232 3310 1277 3370 vel
1304 3312 1483 3390 quinquevir
1514 3308 1554 3367 rel
1572 3321 1616 3362 su·

363 3395 419 3453 vir.
444 3394 521 3454 undo
537 3393 675 3456 Lucanus
697 3397 991 3475 ‘Septemvirque
1014 3397 1138 3474 epulis
1159 3397 1314 3456 lestus':
1337 3389 1615 3476 progenitimqnsul

361 3485 485 3557 septem.
517 3498 532 3539 a
556 3479 693 3541 ducentis
715 3487 813 3540 autem
837 3499 932 3560 usque
956 3479 991 3540 ad
1007 3489 1173 3558 nongentos
1195 3481 1383 3541 declinantur
1405 3483 1523 3541 nomina
1542 3491 1615 3537 irunie-

362 3581 477 3634 rorum,
507 3573 540 3626 ut
567 3574 612 3626 est
642 3567 672 3626 bi
701 3565 822 3626 ducenti
851 3573 881 3626 et
902 3565 957 3627 bae
980 3565 1136 3626 ducentae.
1169 3573 1276 3627 neutro
1298 3567 1434 3627 ducenta.
1461 3565 1538 3626 mille
1558 3559 1633 3621 iudea

359 3649 498 3710 clinabilc
522 3658 576 3712 est.

362 3786 663 3796 ...—-—-..

432 3855 508 3904 lubi
526 3869 621 3922 ponere
638 3858 719 3906 nirbes
737 3871 811 3906 aecus
828 3856 930 3907 neroF
997 3856 1100 3907 oreon
1119 3855 1144 3906 F
1213 3851 1581 3923 tebthVerpuucot.1,tt

364 3924 396 3974 14
415 3927 503 3991 gregia
520 3942 578 3976 rnox
597 3941 614 3982 ς
630 3929 756 3992 greciesat
774 3941 833 3976 mox
845 3927 871 3975 F
921 3927 954 3978 15
965 3943 1011 3992 per
1028 3927 1136 3976 litterum
1155 3943 1170 3976 a
1188 3927 1284 3977 silicem
1304 3927 1372 3976 nude
1392 3929 1481 3976 conexi
1498 3925 1566 3985 (muz
1577 3933 1614 3966 -ιιι

363 3995 482 4056 relinquit
500 3997 526 4046 Jr'
593 3995 628 4046 30
647 3997 773 4058 quomodo
793 3998 951 4047 declinemus
969 3997 1151 4063 (intellegimus
1168 3997 1230 4049 add.
1250 3997 1287 4061 F)
1305 3996 1346 4046 bie
1363 3998 1481 4046 dnnnmir
1498 3997 1521 4046 F
1525 4007 1540 4049 ς
1592 3987 1611 4061 Ἠ

361 4064 410 4112 ium
430 4065 454 4112 in
473 4074 591 4128 quattuor
611 4066 634 4114 Ν
710 4067 805 4118 neunt
827 4066 1054 4122 indeclinabilem
1079 4067 1382 4119 ubial.mun.udd.F
1466 4065 1611 4120 33Luconuq

361 4133 482 4186 I'lrarrnl.
503 4137 510 4183 l
529 4135 581 4187 002
653 4135 734 4186 lectus
752 4137 783 4199 F,
798 4152 844 4187 om.
864 4150 881 4193 ς
952 4135 985 4187 35
1003 4136 1208 4187 indeclinabile&
1224 4138 1292 4200 expl.
1313 4137 1338 4184 F
