3350 5442
324 354 368 426 50
884 355 1058 426 CLEDONll

350 485 371 526 p.
384 473 479 514 tabunt
493 470 516 512 P.

325 571 409 613 meus
442 560 510 612 tuus
542 569 620 612 suus.
644 586 685 594 -
709 550 789 611 ille:
819 549 870 610 ille
902 569 970 611 cum
998 550 1140 621 dicimus,
1170 569 1228 612 non
1257 568 1468 631 usquequaque
1502 551 1622 612 linitum

326 662 384 723 est,
407 653 459 715 scd
483 661 554 715 tunc
575 654 705 722 linitum,
727 670 794 713 cum
818 651 855 714 ad
877 661 1064 732 praesentem
1088 654 1225 731 dirigitur
1241 653 1385 723 elocutio;
1409 672 1478 714 cum
1493 671 1564 712 vero
1580 651 1620 712 dc

325 756 447 818 absente
469 754 573 817 relatio
600 764 660 822 est,
690 756 796 816 induiti
823 756 954 835 speciem
981 754 1092 816 babere
1120 756 1308 834 cognoscitur
1336 754 1381 816 vel
1409 755 1507 816 minus
1529 771 1620 832 quam

207 859 397 929 mammio
425 891 460 902 -
490 855 735 918 Subiunctiva
765 864 803 917 ut
834 859 911 934 qui:
946 856 1129 919 subiunctira
1158 858 1210 936 qui
1238 859 1276 932 is,
1306 858 1386 936 ‘ipse
1414 865 1460 918 est
1486 854 1536 916 ille
1567 857 1619 934 qui

323 961 470 1040 scripsit',
499 960 569 1039 ‘qui
590 957 663 1018 illud
690 959 773 1028 lecit,
796 960 822 1019 is
842 959 930 1020 etiam
954 959 1037 1020 boc'.
1076 960 1102 1020 is
1124 959 1160 1019 ad
1183 966 1280 1020 certas
1302 975 1445 1038 personas
1468 957 1647 1036 dirigimus

278 1071 311 1118 aa
323 1064 389 1140 quis
411 1061 447 1123 ad
468 1062 607 1122 incertas.
629 1093 673 1104 -
692 1060 789 1122 llinus
811 1077 900 1138 quam
922 1061 1003 1122 finita
1025 1069 1094 1122 sunt
1122 1077 1196 1138 quac
1219 1079 1274 1122 nec
1295 1061 1377 1122 linita
1399 1067 1468 1122 sunt
1495 1078 1550 1120 uae
1573 1061 1619 1118 iu-

324 1164 413 1225 lioita.
451 1181 519 1225 narn
542 1163 598 1223 istc
621 1171 651 1223 et
677 1163 741 1242 ipse
770 1162 859 1224 etde
882 1161 1089 1242 praesentibus
1111 1161 1235 1222 dicimus
1258 1169 1287 1222 et
1315 1161 1351 1222 de
1374 1160 1554 1223 absentibus.
1579 1195 1621 1204 -

278 1274 311 1323 ει
325 1265 421 1326 Finita
442 1273 511 1325 sunt
534 1263 697 1324 secuudum
720 1265 885 1325 finitionem
906 1282 1068 1344 personae,
1092 1273 1124 1324 ut
1146 1266 1187 1324 ait
1208 1263 1335 1334 Plinius,
1358 1264 1472 1325 infinita
1493 1281 1620 1343 genera·

325 1366 407 1437 liter,
432 1385 467 1427 eo
490 1365 569 1444 quod
591 1365 718 1446 plurima
740 1367 817 1436 sint,
848 1375 881 1426 ut
909 1368 983 1446 quis.
1011 1384 1066 1446 per
1094 1383 1197 1426 omnes
1225 1368 1304 1426 euim
1326 1365 1442 1446 species
1465 1366 1619 1425 nominum

325 1470 431 1540 currit,
461 1476 492 1529 ut
513 1470 579 1548 quis
600 1467 704 1539 bomo,
734 1469 799 1546 quis
822 1485 930 1546 equus,
960 1469 1025 1548 quis
1048 1467 1156 1539 codex,
1183 1466 1187 1550 Ι
1207 1469 1273 1546 quis
1295 1467 1386 1529 color.
1409 1469 1507 1528 minus
1529 1484 1617 1545 quam
1634 1489 1664 1526 ιυ

311 1571 406 1642 ,linita
429 1570 569 1631 dicuntur
591 1588 667 1649 quae
682 1588 743 1630 non
759 1571 927 1648 significant
942 1570 1019 1648 quod
1036 1579 1080 1630 est
1094 1579 1218 1632 certum.
1248 1571 1384 1632 referunt
1399 1569 1477 1630 enim
1494 1567 1620 1629 eandam

324 1691 499 1752 personam,
516 1671 554 1732 de
569 1690 626 1750 qua
643 1678 710 1732 aute
725 1668 843 1733 locutus
866 1679 927 1742 est,
945 1679 974 1733 et
993 1689 1058 1731 eam
1080 1679 1267 1751 praesentem
1283 1691 1343 1732 non
1360 1689 1425 1732 esse
1441 1671 1619 1748 significant.

324 1811 365 1819 -
377 1776 474 1838 Minus
489 1793 578 1853 quam
589 1774 670 1834 tlnita
683 1775 861 1853 pronomina
876 1775 999 1855 proprie
1009 1784 1079 1834 suut
1091 1792 1167 1851 quae
1182 1774 1495 1835 commemorationem
1507 1771 1622 1834 iaciunt

326 1895 429 1939 aarum
443 1893 654 1956 personarum,
678 1876 714 1938 dc
730 1875 838 1955 quibus
859 1879 918 1937 iarn
934 1875 1023 1938 locuti
1038 1893 1150 1937 somus.
1167 1909 1208 1920 -
1223 1875 1339 1938 Probus
1354 1883 1492 1956 quattuor
1506 1875 1623 1953 specics

325 1980 394 2039 iecit
416 1985 528 2039 tantum
551 1985 581 2037 et
600 1978 672 2057 ipsis
693 1979 792 2039 omnia
812 1979 987 2057 pronomina
1009 1958 1142 2058 inposuit
1156 1976 1238 2047 nith
1262 1977 1314 2038 sed
1336 1977 1425 2057 louge
1447 1996 1463 2038 a
1485 1978 1620 2046 veritate,
1637 1999 1666 2035 ις,

325 2082 393 2158 quia
415 2079 508 2141 multo
522 2077 609 2159 plura
623 2079 823 2140 inveniuntur.
862 2079 914 2140 scd
931 2081 1014 2158 siqua
1030 2079 1086 2140 alia
1102 2081 1220 2140 iuventa
1235 2079 1362 2150 luerint,
1386 2078 1423 2140 ab
1438 2079 1502 2140 istis
1518 2080 1620 2140 oriun-

325 2189 373 2243 tur
394 2179 624 2262 principalibus,
648 2181 715 2258 quia
738 2182 793 2241 ista
814 2183 991 2260 primigenia
1014 2181 1153 2241 dicuntur
1175 2189 1205 2241 et
1228 2201 1263 2242 ex
1284 2183 1357 2262 ipsis
1379 2185 1458 2243 lluut‘
1472 2178 1529 2241 alia
1550 2199 1620 2260 pro-

324 2286 459 2355 nomina,
483 2290 516 2344 ut
538 2284 671 2363 quisquis
693 2283 837 2363 quispiam
854 2283 989 2360 quisnam
1006 2282 1119 2364 aliquia.
1158 2284 1288 2344 Donatus
1303 2283 1415 2345 addidit
1430 2290 1460 2344 et
1476 2283 1515 2342 ait
1538 2287 1621 2343 ‘suut

324 2385 381 2447 alia
403 2383 567 2465 qualitatis’
589 2391 620 2444 et
641 2391 741 2445 cetera
769 2383 816 2465 [ut
837 2383 971 2466 quotus].
992 2421 1034 2433 -
1056 2385 1231 2448 articularia
1254 2385 1424 2447 nominibus
1444 2387 1620 2464 iunguntur,

324 2489 394 2569 quia
415 2486 579 2566 iunguntur
601 2485 734 2549 articulis
751 2484 757 2569 Ι
776 2487 967 2548 Graecorum.
1007 2507 1074 2550 riam
1089 2489 1167 2549 inter
1182 2487 1321 2550 articulos
1336 2495 1366 2550 et
1380 2505 1546 2568 pronomen
1562 2488 1619 2548 bon
1636 2513 1664 2548 a.

279 2604 313 2653 30
324 2592 461 2653 interest:
485 2589 601 2652 articuli
615 2583 629 2674 ΙΙ
643 2590 735 2651 iuncti
759 2588 930 2650 nominibus
951 2589 1151 2662 declinantur,
1175 2592 1352 2671 pronomina
1366 2589 1437 2652 sola.
1453 2623 1495 2634 -
1509 2589 1618 2651 Cuia-

325 2694 374 2754 tis
403 2694 597 2754 nostratis:
627 2692 700 2753 baec
723 2691 860 2753 dicuntur
882 2692 1002 2772 gentilia
1025 2712 1099 2754 esse.
1138 2695 1217 2754 cuias
1245 2703 1341 2756 autem
1372 2701 1401 2754 et
1428 2694 1531 2754 cuiatis
1559 2692 1620 2752 duo

324 2796 495 2856 nominativi
517 2802 601 2866 sunt,
623 2801 656 2854 ut
677 2802 796 2855 nostras
817 2801 848 2854 ct
870 2797 1018 2856 nostratis.
1054 2797 1123 2856 lacit
1144 2804 1242 2858 autem
1267 2803 1296 2856 et
1317 2797 1443 2858 cuiatem
1459 2804 1488 2856 ct
1502 2804 1620 2856 nostra·

206 2907 265 2971 380,
280 2909 313 2958 lo
325 2903 393 2957 tem.
431 2897 514 2957 cuias
534 2905 632 2958 autern
653 2897 799 2974 significat
818 2898 901 2956 cuius
921 2899 1034 2975 gentis,
1058 2905 1174 2959 nostras
1189 2905 1308 2958 nostrae
1323 2899 1429 2976 gentis.
1447 2931 1486 2944 -
1501 2897 1620 2959 Genera

323 2997 550 3078 pronominibus
571 3000 611 3060 ita
632 3004 665 3058 ιιι
686 2997 856 3059 nominibus
879 2997 999 3076 quidem
1021 2999 1172 3070 accidunt,
1201 2999 1254 3062 scd
1276 3009 1395 3082 praeter
1417 3000 1620 3080 promiscuum
1637 3023 1665 3062 ss

324 3119 428 3179 genus.
464 3097 664 3179 nequeenim
686 3118 852 3180 pronomen
874 3091 1078 3180 promiscuum
1095 3102 1224 3164 inveniri
1245 3110 1353 3183 potest.
1376 3137 1417 3146 -
1432 3101 1525 3162 Neruo
1548 3119 1620 3180 pro-

326 3220 433 3264 nomen
457 3210 513 3274 est,
538 3212 568 3263 et
588 3201 791 3282 quaerendum
814 3210 874 3274 cst,
899 3204 982 3264 cuius
1004 3206 1122 3281 generis
1136 3205 1182 3264 sit.
1221 3205 1299 3283 quod
1322 3205 1486 3266 communis
1500 3205 1623 3281 generis

325 3323 389 3366 esse
412 3323 471 3365 non
494 3304 704 3382 ambigendum
727 3313 781 3364 εει.
819 3304 948 3384 denique
971 3305 1114 3366 feminino
1136 3304 1244 3368 lectum
1268 3313 1314 3367 est
1335 3307 1412 3385 apud
1435 3305 1620 3374 Terentium,

298 3411 384 3469 ami
403 3405 509 3467 illum
536 3423 642 3467 nemo
670 3415 886 3468 nostrarum
915 3408 1108 3484 quisquam
1134 3408 1255 3468 vidit'.
1277 3443 1320 3452 —
1343 3405 1474 3488 [acutus]
1497 3407 1623 3468 Numeri

327 3516 385 3579 est,
409 3508 526 3587 quando
547 3527 603 3588 per
624 3517 636 3569 t
656 3509 809 3578 scribitur;
831 3506 837 3590 Ι
856 3509 973 3590 quando
994 3529 1050 3588 ρει
1072 3511 1106 3586 d,
1131 3511 1250 3588 generis
1273 3518 1317 3570 ost
1332 3511 1442 3586 neutri,
1467 3513 1550 3587 ‘quot
1565 3507 1621 3568 bo·
1637 3535 1663 3572 ει

324 3613 421 3671 ιιιίιιεε
444 3610 586 3672 occiditi’
610 3611 708 3688 ‘quod
731 3619 776 3672 cst
796 3610 887 3672 boci'
912 3610 1070 3682 -Quot
1095 3619 1165 3671 tot:
1195 3618 1267 3689 quot
1295 3619 1323 3674 et
1349 3620 1394 3674 tot
1420 3613 1490 3672 lacit
1512 3619 1622 3688 quotus

326 3721 355 3774 ct
387 3721 474 3775 totus.
513 3721 620 3790 quotus
647 3732 717 3775 vero
743 3715 775 3774 in
801 3713 965 3795 penultima
993 3722 1111 3776 acutum
1140 3712 1245 3784 babet,
1277 3721 1357 3775 totns
1385 3711 1620 3783 circumflexum,

451 3869 467 3872 —
478 3867 627 3875 -———-...—.

394 3951 626 4004 uonna-‘avrti
645 3950 749 4004 6-7*.
821 3951 1016 4002 2tuncsonitu
1036 3951 1145 4000 eumad
1215 3948 1352 4018 3inllniti]
1376 3950 1440 4000 liniti
1504 3950 1621 4000 ‹limitio

326 4023 486 4072 subiunctiua
538 4025 580 4074 bis
599 4025 655 4090 ipae
724 4021 816 4075 otttut
868 4019 909 4072 bis
928 4023 1003 4071 ctiam
1073 4021 1199 4087 derigitur
1268 4017 1380 4087 dquae]
1400 4036 1450 4085 qna
1520 4021 1621 4070 iistoe

324 4103 350 4142 et
419 4094 518 4143 absenti
588 4093 743 4144 8flnionem
813 4091 915 4157 plenius
984 4088 1164 4156 iinominum]
1191 4093 1303 4142 omnium
1326 4090 1548 4143 corr.uominuu1

326 4161 359 4213 10
376 4161 468 4230 equus]
488 4178 549 4213 ecus
620 4162 649 4214 ll
665 4164 744 4214 relert
759 4162 826 4212 onim
841 4162 930 4212 eadem
1001 4161 1033 4211 1⁴2
1051 4169 1212 4226 praesentem
1228 4176 1286 4212 nam
1306 4161 1426 4212 iolaotnm
1441 4160 1513 4209 finita
1587 4161 1621 4210 13

325 4237 444 4300 ριοριίεε
515 4234 547 4286 15
566 4247 582 4281 u
601 4233 706 4283 baritate
778 4232 810 4283 16
830 4228 914 4296 plura]
934 4229 1028 4298 plurali
1100 4232 1132 4282 17
1147 4233 1306 4299 primogenio
1374 4231 1409 4282 23
1423 4230 1546 4280 nominati
1559 4237 1622 4280 sunt

393 4304 512 4355 ‘ldcuiua
531 4304 633 4368 generis
703 4297 816 4366 nostrae]
836 4315 917 4351 nosne
986 4299 1020 4350 28
1039 4300 1213 4367 nubigendum
1284 4310 1344 4369 aput
1413 4301 1448 4352 30
1466 4309 1476 4350 ι
1493 4307 1518 4351 ει
1535 4301 1552 4350 d
1571 4317 1619 4353 our.

394 4375 463 4438 quod
480 4372 597 4424 homines
666 4371 697 4424 31
719 4373 786 4435 qood
801 4379 839 4421 tot
854 4370 922 4433 qnod
991 4369 1025 4421 32
1044 4371 1209 4423 circullcxum

398 4581 429 4631 14
448 4577 556 4645 Ριειιιιε]
577 4581 654 4631 butte.
670 4585 720 4628 art.
734 4595 764 4642 ρ.
777 4577 836 4637 131,
856 4577 889 4628 35
959 4576 990 4626 17
1010 4574 1174 4644 primigenia]
1196 4579 1350 4644 primigenia
1371 4593 1437 4641 qnae
1455 4577 1516 4628 diclt
1535 4577 1620 4628 Varro

325 4651 459 4715 Pompeios
472 4666 500 4713 p.
516 4649 568 4701 239
583 4650 623 4699 ed.
643 4649 721 4703 Liad,
775 4649 810 4699 28
828 4647 898 4712 apud
915 4645 1072 4713 Tereutium]
1095 4647 1209 4697 Eaaucd.
1225 4648 1270 4699 llll
1286 4652 1311 4712 4,
1333 4649 1365 4700 10
1383 4648 1450 4698 bunc
1465 4648 1545 4698 oeulis
1564 4649 1621 4698 suis

326 4728 467 4770 nostrorum
486 4734 623 4783 numquam
643 4717 777 4782 quisquam
796 4717 869 4781 vidit,
889 4715 1012 4766 Phaedria
1098 4717 1132 4769 39
1156 4725 1217 4782 quot
1241 4721 1341 4769 numeri
1365 4726 1404 4769 est
1422 4719 1524 4784 quando
1544 4733 1592 4783 per
1612 4727 1621 4766 t

325 4790 459 4854 scribitur;
476 4791 578 4855 quaudo
595 4789 683 4855 perd,
703 4788 806 4854 generis
822 4795 863 4837 est
885 4786 965 4836 neutri
985 4786 1125 4838 I’utacliius.
1146 4797 1276 4842 macutus
1294 4806 1329 4840 eac
1345 4789 1507 4841 odrrototioue
1525 4789 1558 4840 de
1575 4803 1620 4838 oc-

324 4869 397 4912 centu
416 4863 585 4925 pronominum
602 4867 693 4923 quotus
711 4865 736 4908 et
755 4865 821 4908 totos
842 4858 940 4908 uidetur
960 4859 1071 4908 retirtrma
1088 4873 1144 4908 esse
