3350 5442
314 328 374 394 176
475 320 482 331 ’
878 333 1032 396 ΡΟΜΡΕΙΙ

337 453 359 494 p.
373 439 495 481 181—88L.

311 538 468 581 numerum
492 538 549 580 non
572 518 693 590 habeat,
716 520 768 581 scd
791 529 823 581 ut
845 520 1018 582 alterutrum
1035 540 1094 582 non
1108 519 1230 592 habeat,
1253 521 1282 582 id
1305 531 1351 583 est
1372 531 1423 584 aut
1444 542 1599 587 numerum

310 621 489 699 singularem
512 628 563 682 aut
584 640 741 683 numerum
764 622 919 703 pluralem.
957 625 1149 685 inveniuntur
1170 622 1267 703 aliqua
1288 626 1408 686 nomina
1431 644 1507 707 quae
1529 628 1599 687 deli·

311 725 393 785 ciunt
418 725 449 784 in
478 742 602 785 numero
631 723 787 803 singulari,
817 724 912 806 aliqua
941 745 1016 806 quae
1045 724 1187 787 deliciunt
1211 728 1242 786 in
1265 744 1390 789 numero
1412 728 1529 808 plurali.
1574 737 1601 789 et

311 824 360 885 dat
382 826 516 906 exempla
543 828 573 887 in
597 844 718 906 genera:
748 827 785 888 de
814 826 950 907 exemplo
972 828 1029 888 hoc
1051 825 1218 905 colligimus
1239 848 1294 909 per
1316 848 1434 909 genera.
1479 839 1550 910 puta
1571 833 1599 890 in

309 944 420 1005 genere
444 927 604 991 masculino
628 946 703 1007 quae
726 938 795 991 sunt
817 932 937 991 nonrina
958 937 1072 991 tantum
1089 928 1178 990 modo
1200 932 1318 991 numeri
1339 932 1508 1010 singularis,
1531 933 1623 993 items

309 1039 476 1109 quaesunt
503 1039 617 1093 tautum
642 1031 730 1093 modo
756 1030 888 1112 pluralis.
932 1030 997 1091 vide
1021 1033 1104 1108 quia,
1127 1031 1334 1112 quodcumque
1356 1034 1410 1095 tibi
1432 1035 1482 1096 dat
1504 1054 1601 1095 exeni-

309 1131 408 1211 plum,
438 1133 487 1194 dat
514 1133 677 1195 secundum
707 1142 815 1207 artem,
843 1153 881 1195 ne
903 1151 1041 1195 recurras
1063 1131 1100 1194 ad
1123 1136 1325 1195 auctoritatem
1349 1144 1379 1197 et
1399 1156 1525 1217 rumpas
1546 1136 1603 1198 hoc

190 1237 250 1299 432,
266 1238 296 1288 ¹8
308 1236 407 1314 ipsum
436 1235 513 1316 quod
541 1238 690 1316 proponit.
735 1235 827 1297 multa
856 1237 933 1297 enim
964 1236 1112 1295 contraria
1135 1244 1214 1297 sunt.
1258 1238 1289 1297 in
1311 1255 1438 1299 numero
1459 1239 1603 1318 singulari

310 1353 420 1413 genere
438 1338 616 1408 masculino,
637 1347 672 1399 ut
694 1338 801 1417 pulvis:
826 1355 915 1399 nemo
930 1337 1002 1397 dicit
1015 1336 1168 1417 pulveres;
1193 1337 1245 1399 sed
1261 1346 1358 1399 tamen
1375 1339 1449 1401 dixit
1463 1340 1604 1403 Horatius

460 1438 703 1502 novendiales
724 1440 913 1520 dissipare
937 1438 1120 1518 pulveres.
1614 1457 1636 1496 n

308 1540 364 1601 iste
387 1540 422 1601 ad
445 1544 648 1603 auctoritatem
671 1541 773 1611 rediit;
797 1550 896 1604 tamen
920 1541 1011 1603 debes
1034 1537 1132 1622 scirol
1155 1544 1272 1603 numeri
1294 1551 1409 1605 tantum
1431 1545 1522 1605 modo
1544 1547 1604 1605 sin-

308 1642 420 1721 gularis
443 1662 509 1705 esse
532 1644 589 1705 hoc
609 1646 715 1725 ipsum.
761 1653 790 1705 et
813 1652 858 1705 est
879 1662 976 1706 causa.
1013 1662 1070 1723 qua
1092 1644 1224 1705 rauonet
1247 1664 1297 1706 res
1319 1648 1398 1707 enim
1419 1648 1474 1707 ista
1496 1648 1603 1709 indivi-

309 1743 365 1805 dua
400 1753 444 1806 est
476 1764 531 1807 nec
564 1754 660 1826 potest
692 1746 802 1807 habere
839 1748 1016 1813 sectionem;
1051 1752 1081 1805 et
1107 1747 1245 1825 quoniam
1273 1764 1332 1807 non
1361 1755 1457 1827 potest
1489 1749 1603 1811 habere

310 1848 481 1919 sectionem,
505 1866 564 1909 non
587 1855 685 1928 potest
708 1848 819 1909 habere
838 1867 995 1911 numerum
1018 1847 1173 1927 pluralem.
1204 1847 1316 1927 pulvis:
1340 1849 1484 1927 numquid
1507 1859 1605 1931 potest

308 1948 365 2011 hoc
388 1951 455 2011 loco
479 1970 545 2013 esse
567 1950 723 2015 dimidium
745 1949 841 2031 pulvis
857 1951 902 2012 vel
923 1950 974 2011 illo
998 1949 1062 2011 loco
1084 1968 1149 2011 esse
1172 1948 1324 2010 dimidium
1347 1950 1459 2030 pulvis?
1481 1962 1639 2015 natura-1⁵

309 2054 378 2115 liter
404 2054 467 2133 ipsa
495 2072 544 2115 res
571 2054 722 2115 individua
745 2061 805 2123 est;
834 2053 944 2114 idcirco
967 2054 996 2113 in
1019 2070 1143 2113 numero
1165 2050 1308 2129 singulari
1331 2059 1383 2113 est.
1421 2072 1493 2133 ergo
1516 2074 1605 2117 usur·

307 2156 405 2234 pative
432 2154 481 2216 ille
510 2159 617 2235 posuit.
663 2159 733 2217 item
763 2155 811 2216 hic
838 2156 973 2233 sanguis,
1001 2155 1032 2216 ui
1061 2156 1219 2233 sanguines
1248 2172 1307 2215 non
1335 2153 1444 2215 lectum
1468 2164 1530 2225 est:
1556 2158 1606 2217 hic

308 2276 412 2326 cruor,
437 2256 467 2317 hi
490 2276 614 2321 cruores
636 2258 769 2338 legimus,
794 2266 824 2319 et
846 2257 904 2318 hoc
925 2258 1102 2336 usurpative.
1135 2274 1205 2317 ecce
1227 2254 1318 2317 habes
1340 2258 1460 2318 nomina
1482 2262 1607 2337 generis

307 2359 462 2421 masculini
490 2362 605 2422 numeri
633 2368 746 2421 tantum
775 2358 864 2420 modo
886 2358 1053 2437 singularis.
1098 2362 1169 2420 item
1191 2360 1221 2418 in
1244 2376 1355 2436 genere
1378 2360 1524 2421 leminino
1548 2380 1603 2422 nu·

307 2464 382 2522 mevi
409 2472 523 2524 tantum
552 2462 714 2542 singularis
736 2462 810 2523 haec
839 2480 910 2542 pax,
939 2460 995 2523 liae
1022 2480 1112 2541 paces
1140 2478 1200 2521 non
1226 2461 1312 2528 lacit;
1341 2459 1415 2522 haec
1442 2461 1510 2532 lux,
1547 2464 1642 2525 baeu

306 2561 387 2624 luces
410 2582 468 2625 nou
491 2566 569 2626 lacit.
614 2572 774 2644 utrumque
801 2572 900 2627 tamen
928 2562 1037 2625 lectum
1066 2569 1125 2624 est:
1154 2561 1246 2623 habes
1267 2564 1297 2621 in
1320 2562 1459 2625 Sallustio
1482 2563 1605 2625 ‘bella

307 2673 414 2743 atque
441 2672 580 2747 paoes’.
625 2669 696 2730 item
724 2670 756 2729 in
788 2684 899 2745 genere
932 2672 1039 2727 neutro
1073 2666 1190 2726 numeri
1219 2672 1332 2726 tantum
1362 2664 1541 2744 singularis,
1575 2677 1608 2729 ut

307 2786 410 2829 aurum
434 2768 532 2830 oleum
555 2769 708 2841 hordeum,
728 2777 757 2830 et
779 2768 918 2849 quicquid
935 2766 970 2828 ad
993 2766 1109 2848 pondus
1130 2785 1337 2829 mensuramve
1360 2768 1500 2830 refertur.
1530 2772 1606 2831 item

308 2872 427 2931 nomina
444 2873 560 2933 numeri
577 2879 689 2945 tantum
706 2870 827 2951 pluralis
843 2873 873 2931 in
890 2888 999 2951 genere
1015 2869 1186 2940 masculino,
1206 2873 1346 2930 cancelli:
1369 2889 1428 2931 non
1443 2889 1608 2950 possumus

307 2971 407 3033 dicere
431 2973 603 3035 cancellum.
649 2974 724 3035 male
748 2992 818 3052 ergo
842 2973 943 3034 dicunt
964 2970 1052 3033 ‘tolle
1075 2970 1267 3043 cancellum’,
1293 2971 1344 3032 sed
1367 2972 1495 3034 dicimus
1518 2974 1644 3035 ‘tolless

307 3073 481 3136 cancellos’.
528 3085 556 3137 et
582 3076 777 3140 reddiderunt
804 3074 940 3156 plerique
962 3076 1122 3145 rationem,
1152 3071 1316 3154 lquoniam
1340 3093 1398 3136 non
1421 3083 1525 3155 potest
1548 3078 1608 3137 ista

306 3193 356 3236 res
378 3176 414 3236 de
436 3196 494 3237 una
517 3195 549 3237 re
572 3180 651 3249 lieri,
675 3178 727 3239 sed
751 3178 788 3239 de
810 3176 919 3239 mvdtis.
965 3177 1077 3239 ideirco
1099 3174 1255 3237 voluerunt
1272 3180 1388 3239 numeri
1410 3196 1476 3239 esse
1500 3179 1607 3259 plura·

306 3277 352 3338 lis.
383 3278 495 3340 idcirco
517 3298 638 3359 scopae,
662 3282 801 3360 quoniam
825 3280 862 3341 de
884 3278 986 3340 multis
1015 3269 1152 3340 constant
1174 3280 1276 3357 virgis,
1305 3280 1421 3340 numeri
1444 3289 1515 3342 sunt
1537 3280 1612 3361 plu-

306 3378 386 3441 ralis.
431 3381 542 3443 idcirco
571 3383 658 3443 etiam
686 3382 796 3457 scalae,
827 3382 938 3444 idcirco
972 3384 1059 3443 etiam
1088 3380 1264 3460 quadrigae,
1299 3380 1337 3441 ob
1364 3379 1440 3442 hanc
1469 3402 1606 3453 causam,

306 3484 445 3560 quoniam
468 3484 504 3544 de
527 3484 650 3563 singulis
673 3485 763 3547 rebus
791 3503 852 3546 non
880 3492 962 3555 sunt,
985 3482 1098 3545 idcirco
1115 3484 1238 3560 ‚numeri
1260 3492 1329 3545 sunt
1349 3482 1482 3564 pluralis.
1529 3506 1607 3567 ergo
1620 3504 1646 3543 ss

306 3594 375 3645 sunt
398 3586 515 3647 nomina
537 3588 655 3664 generis
683 3588 839 3650 masculini
870 3586 989 3648 numeri
1017 3592 1130 3647 tantum
1157 3583 1297 3665 pluralis,
1326 3604 1427 3648 manes
1455 3586 1606 3660 Quirites.

261 3676 265 3691 ,
304 3685 434 3765 logiuvus
456 3694 485 3747 et
508 3686 633 3768 [genere
655 3688 833 3769 masculino]
858 3691 976 3751 numeri
997 3686 1158 3767 singularis
1180 3687 1342 3760 Quiritem,

457 3791 540 3869 quis
562 3798 596 3851 te
620 3792 817 3853 redonavit
839 3790 1029 3862 Quiritem.

305 3890 393 3952 liuius
421 3894 618 3954 nominativus
647 3896 703 3954 erit
730 3893 877 3965 Quirites;
906 3912 966 3953 non
994 3910 1083 3973 quem
1111 3890 1148 3953 ad
1170 3891 1291 3954 modum
1314 3892 1400 3973 vulgo
1421 3893 1609 3973 loquuntur,

304 3993 355 4054 sed
373 3994 504 4066 Quirites
526 3996 568 4055 sic
590 3994 699 4056 lectum
723 4004 776 4056 est.
806 3997 879 4056 item
901 3996 1018 4056 numeri
1041 4001 1153 4056 tantum
1176 3994 1266 4055 modo
1287 3995 1411 4075 pluralis
1432 3998 1462 4057 in
1486 4016 1610 4077 genere
1624 4014 1650 4056 ss

304 4096 460 4167 leminino,
496 4097 645 4158 nundinae
677 4098 769 4159 leriae
802 4096 963 4178 quadrigae
990 4115 1115 4177 mappae
1143 4098 1271 4176 nuptiae.
1317 4116 1386 4159 ecce
1414 4098 1472 4159 hoc
1502 4103 1610 4181 ipsum

304 4236 484 4243 -—-—.-

374 4286 384 4335 1
408 4286 453 4335 sed
471 4295 498 4335 ut
516 4286 662 4335 alterutrum
679 4300 727 4335 uon
747 4284 838 4335 lrabeat
854 4300 899 4335 cru.
917 4284 952 4345 A,
968 4284 1030 4335 odd.
1044 4301 1061 4335 α
1131 4283 1213 4336 tuoe
1230 4285 1374 4352 colligimus
1390 4302 1459 4341 corr.
1481 4287 1532 4339 hoo
1551 4293 1611 4341 col-

304 4354 413 4419 legimus
426 4356 518 4406 B·hoc
533 4356 686 4423 collegimus
699 4355 742 4406 Oc
760 4355 808 4405 hoc
825 4355 881 4406 loco
906 4355 1055 4420 collegimus
1073 4353 1099 4403 A
1169 4363 1232 4420 puta
1256 4358 1282 4405 in
1301 4372 1396 4422 genere
1415 4384 1448 4395 -
1466 4356 1484 4408 9
1504 4374 1611 4426 genere

304 4426 445 4475 vuasculino
462 4436 489 4475 ut
506 4440 551 4476 orn.
572 4427 730 4477 Ainlitura
747 4428 819 4476 unius
836 4440 933 4487 omum,
952 4426 1014 4477 odd.
1032 4440 1049 4474 a
1102 4422 1183 4475 used
1201 4440 1246 4478 om.
1264 4427 1298 4486 A,
1318 4428 1412 4480 addc
1463 4428 1606 4497 Horatius]

304 4495 376 4556 epod.
395 4493 435 4557 17,
453 4495 487 4546 48
559 4497 591 4547 10
614 4494 818 4546 nouendialisA
890 4496 921 4545 ll
945 4494 1051 4544 reditA
1123 4494 1154 4545 12
1174 4494 1223 4545 hoc
1242 4496 1319 4561 ipsud
1335 4496 1423 4560 noa,
1442 4501 1531 4549 comt

306 4564 338 4614 13
362 4572 386 4614 et
403 4566 522 4628 quoniam
546 4579 595 4616 non
618 4574 701 4631 potest
718 4566 811 4615 habere
833 4566 972 4616 sectionem
992 4564 1068 4614 nea
1085 4564 1143 4614 ideo
1163 4564 1187 4613 Α
1260 4567 1291 4616 17
1311 4566 1353 4616 illa
1373 4569 1458 4632 posuit
1476 4570 1531 4619 BG

304 4635 334 4683 21
355 4633 433 4685 habes
452 4652 498 4689 om.
519 4636 543 4685 Α
614 4632 788 4701 inSullustio]
809 4636 866 4701 Iup.
886 4633 936 4699 31,
954 4634 988 4687 20
1057 4634 1090 4685 ²4
1108 4635 1167 4684 item
1186 4637 1289 4685 nonina
1305 4638 1403 4686 numeri
1420 4647 1520 4688 tantum
1542 4640 1611 4706 plu-

302 4703 366 4755 ralis
385 4706 409 4754 ln
428 4720 521 4771 genere
544 4706 685 4757 masculino
704 4706 745 4756 (lo
769 4706 828 4755 item
847 4715 944 4756 tanmm
964 4718 1096 4755 numerum
1115 4704 1239 4769 pluralem
1259 4707 1286 4755 in
1301 4722 1394 4772 genere
1414 4710 1560 4759 masculino
1582 4714 1611 4763 A

303 4775 362 4823 item
382 4776 408 4825 in
425 4791 519 4842 genere
538 4784 627 4826 nevruo
648 4778 743 4827 numeri
763 4785 860 4826 tantum
878 4777 986 4842 pluralis
1008 4776 1036 4823 in
1053 4790 1147 4841 genere
1166 4777 1307 4828 masculino
1321 4778 1348 4828 B
1422 4780 1531 4830 cancelli
1551 4798 1609 4833 om.

303 4845 389 4896 ABG
457 4845 490 4897 26
508 4845 657 4913 plerumque
676 4847 700 4895 A
771 4845 1186 4914 tuquisJHor.earm.117,a
