3350 5442
276 312 341 375 204
846 313 1000 374 POblPllll

318 422 426 463 ‚llil-45
441 422 462 463 l..

278 435 346 563 sdnt
368 520 439 580 ergo
465 504 583 563 numeri
605 508 678 583 quot
700 509 750 562 tot.
796 509 866 562 sunt
888 500 943 563 alia
966 500 1094 572 ordinis,
1124 508 1233 579 quotus
1255 508 1342 563 totus.
1388 500 1453 562 vide
1474 508 1573 561 muta·

278 614 338 666 tam
361 603 558 665 elocutionem
580 606 611 665 in
633 603 759 685 syllaba,
782 602 811 663 id
835 610 880 663 est
901 610 1043 665 mutatam
1066 610 1200 665 naturam
1223 601 1401 682 syllabarum
1422 610 1496 683 quot
1516 609 1572 664 tot.

278 704 338 767 illic
361 706 458 767 brevis
481 706 577 769 iuerat
599 714 656 777 tot;
681 707 761 767 veuit
783 705 818 766 ad
842 704 1054 767 derivationem
1079 712 1108 766 et
1129 704 1306 786 producitur
1327 712 1416 776 totus,

428 814 529 870 totus
551 816 586 869 et
607 807 673 869 ille
696 808 775 869 dics
799 815 833 869 et
855 808 917 887 qui
939 814 1145 869 nascentur
1167 806 1210 868 ab
1231 806 1308 868 illo.

277 911 399 971 mutavit
420 916 556 972 naturam
579 928 661 971 suam
684 914 776 972 totus.
821 916 930 989 quotus
953 928 969 971 e
992 912 1142 970 contrario
1164 910 1263 971 brevis
1284 918 1343 979 est,
1367 928 1428 971 non
1450 925 1599 989 possum5

276 1012 376 1073 dicere
399 1018 520 1093 quotus,
550 1030 617 1072 oum
640 1014 677 1073 sit
705 1014 860 1091 utriusque
881 1029 939 1084 una
962 1020 1066 1073 natura
1088 1014 1119 1073 in
1141 1010 1361 1092 principalibus.
1407 1030 1476 1072 nam
1500 1020 1576 1089 quot

241 1104 244 1112 ’
277 1122 307 1176 et
326 1122 371 1176 tot
391 1132 449 1175 una
471 1115 548 1176 ratio
572 1112 750 1193 syllabarum
775 1121 833 1183 est,
859 1121 889 1175 et
909 1113 959 1175 illa
982 1113 1087 1195 brebis
1109 1122 1155 1174 est
1177 1121 1207 1174 et
1227 1112 1286 1175 illa.
1332 1115 1411 1175 venit
1431 1114 1469 1175 ad
1492 1113 1574 1176 deri·

276 1219 435 1287 rationem,
472 1222 501 1277 et
534 1214 583 1278 illa
615 1223 710 1278 mutat
741 1215 999 1296 principalitatem.
1044 1234 1112 1278 nam
1145 1213 1219 1277 illud
1257 1215 1387 1277 servabit
1423 1222 1572 1284 naturam,

277 1318 389 1402 [brevis
418 1318 477 1399 est]
501 1326 622 1397 quotus,
651 1318 708 1379 boe
730 1317 871 1391 mutabit,
900 1325 989 1379 totus.
1034 1319 1112 1378 scire
1134 1326 1232 1379 autem
1261 1318 1405 1379 debemus
1427 1320 1573 1402 quoniam

275 1430 355 1482 totus
377 1420 533 1501 aliquando
555 1426 649 1481 totum
672 1422 831 1499 significat,
860 1419 890 1480 id
913 1428 958 1483 est
980 1419 1066 1481 simul
1094 1419 1205 1499 aliquid
1234 1423 1299 1481 lieri
1326 1422 1486 1500 siguificat,
1516 1419 1572 1481 ali·
1587 1436 1611 1473 ιο

276 1525 413 1601 quotiens
441 1522 575 1585 ordinem
602 1542 657 1604 por
686 1524 913 1583 consensionem
942 1524 1095 1602 significat.
1141 1522 1210 1603 qnid
1239 1531 1285 1583 est
1310 1524 1368 1583 boc
1390 1522 1468 1600 quod
1491 1522 1574 1582 dixit

276 1625 404 1687 adverte.
435 1632 503 1706 puta
527 1630 622 1688 ‘totus
644 1624 733 1686 bomo
756 1631 905 1685 comestus
923 1632 969 1685 est
990 1622 1026 1684 ab
1052 1628 1155 1685 urso':
1180 1643 1250 1686 ecce
1272 1624 1360 1685 modo
1383 1624 1454 1702 quid
1477 1626 1574 1703 signi·

275 1727 358 1788 licat?
394 1734 487 1789 totum
515 1726 601 1789 simul
629 1727 796 1795 bominem,
824 1733 857 1787 ut
883 1725 956 1786 nibil
984 1734 1162 1787 remaneret.
1209 1732 1287 1788 totus
1310 1726 1399 1787 bomo
1421 1734 1574 1787 comestus

276 1838 335 1899 est,
358 1828 387 1889 id
411 1836 455 1890 est
476 1828 626 1899 manibus,
651 1827 790 1909 pedibus,
814 1826 920 1898 dorso,
943 1827 1081 1889 omnibus
1102 1827 1202 1889 rebus.
1223 1846 1305 1914 ecce
1320 1828 1409 1890 modo
1430 1829 1574 1908 generale

275 1930 384 2011 aliquid
413 1906 557 2009 significat
585 1937 614 1991 et
641 1929 728 1992 simul
756 1930 882 2000 lactum,
912 1938 942 1990 et
968 1930 1007 1990 de
1034 1949 1092 2010 quo
1120 1932 1202 2010 quasi
1231 1930 1304 1992 nibil
1332 1930 1612 2001 deluerit;ecee15

274 2041 368 2094 totum
398 2032 487 2095 modo
515 2034 670 2113 significat.
714 2031 889 2112 aliquotiens
914 2032 1059 2111 signilieat
1086 2032 1220 2093 ordinem
1249 2051 1303 2114 per
1332 2034 1571 2103 consensionem,

275 2143 307 2196 ut
329 2142 399 2215 puta
421 2136 446 2196 si
469 2134 550 2196 dicas
572 2134 645 2196 mibi
667 2133 735 2195 ‘ille
750 2137 801 2212 qui
817 2134 901 2196 sedet
916 2132 967 2195 illo
989 2133 1056 2195 loco
1071 2136 1192 2214 quintus
1215 2140 1286 2204 est',
1311 2134 1378 2195 dico
1401 2135 1455 2196 tibi
1478 2140 1574 2197 ‘totus
1669 2171 1672 2182 ·

276 2241 350 2298 est’.
382 2235 453 2317 quid
477 2245 521 2299 est
542 2236 639 2298 totus?
671 2236 700 2296 id
725 2243 769 2297 est
795 2239 824 2297 in
848 2236 899 2297 illo
922 2236 1036 2307 ordine,
1059 2238 1090 2297 in
1109 2254 1170 2315 quo
1191 2244 1223 2298 tu
1246 2244 1314 2297 ante
1337 2236 1447 2298 dixisti.
1476 2239 1571 2298 inter·

275 2340 388 2417 rogasti
409 2359 466 2411 ,me
493 2346 526 2401 ut
550 2345 621 2419 puta
649 2342 790 2415 ‘quartus
818 2345 863 2399 est
889 2336 939 2399 ille
966 2338 1103 2408 bomoi',
1131 2338 1202 2399 nolo
1223 2337 1278 2400 tibi
1307 2338 1407 2400 dicere
1428 2341 1572 2419 ‘quartus

275 2444 347 2511 est',
376 2441 429 2503 sed
458 2442 524 2503 dico
550 2441 604 2502 tibi
632 2445 729 2501 ‘totus
757 2441 828 2510 est',
858 2440 888 2501 id
918 2446 962 2501 est
990 2458 1025 2501 eo
1053 2439 1173 2509 ordine,
1202 2458 1261 2518 quo
1288 2448 1321 2501 tu
1347 2440 1460 2509 dixisti;
1499 2459 1610 2503 eccero

273 2544 517 2621 significationem
546 2543 634 2605 babet
662 2542 774 2603 ordinis
801 2560 856 2622 per
882 2542 1108 2603 consensionem
1132 2549 1222 2603 tuam.
1268 2544 1293 2602 si
1315 2540 1396 2603 dicas
1418 2543 1572 2605 ‘decimus

274 2649 346 2714 est',
376 2663 431 2723 ego
460 2644 528 2707 nolo
556 2644 656 2706 dicere
685 2644 838 2705 ‘decimus
865 2648 937 2715 est’,
965 2642 1018 2705 sed
1046 2662 1101 2722 ego
1130 2642 1197 2703 dico
1220 2647 1317 2705 ‘totus
1340 2652 1385 2706 est
1407 2653 1439 2706 ut
1461 2644 1572 2713 dicis’;

274 2746 411 2807 ordinem
440 2748 585 2826 significat
611 2764 666 2826 per
695 2741 929 2828 consensiolnem
963 2752 1052 2806 tuam.
1096 2744 1190 2807 babes
1217 2744 1274 2806 boo
1303 2746 1381 2827 apud
1409 2746 1573 2831 Vergilium

274 2850 404 2929 positum
428 2850 614 2929 apertissime
635 2850 756 2928 penitus
778 2848 807 2909 in
830 2849 942 2928 primo:
965 2854 1028 2908 tres
1049 2849 1129 2907 cervi
1150 2846 1354 2916 ambulabant,

220 2950 222 2955 ’
951 2958 1030 3012 tres
1053 2948 1168 3011 litore
1192 2968 1323 3011 cervos
1556 2970 1610 3018 ,aa

424 3053 612 3133 prospicit
635 3059 827 3121 errantes;
851 3052 916 3113 bos
937 3059 1014 3113 tota
1037 3058 1205 3113 armenta
1228 3058 1446 3129 sequuntur.

279 3153 349 3233 quid
379 3160 423 3214 est
451 3160 509 3216 tota
538 3154 688 3215 armenta?
726 3171 785 3215 non
813 3160 958 3233 quotquot
986 3172 1052 3215 esse
1079 3160 1240 3235 potuerunt
1265 3155 1296 3214 in
1318 3152 1424 3216 Africa.
1470 3172 1572 3234 neque

279 3258 357 3317 enim
387 3256 501 3317 sciebat
528 3257 557 3317 in
585 3256 681 3317 Africa
709 3258 776 3336 quia
805 3263 920 3317 tantum
947 3254 997 3316 illa
1025 3257 1154 3318 luerunt.
1200 3264 1270 3317 tunc
1297 3256 1410 3318 diceret
1437 3263 1512 3329 tota,
1545 3260 1572 3319 si

276 3360 379 3429 sciret,
409 3361 434 3419 si
462 3366 565 3420 notum
596 3359 622 3419 oi
650 3358 760 3419 luisset.
806 3375 867 3419 non
889 3364 987 3419 autem
1009 3356 1153 3419 credibile
1176 3365 1221 3419 est
1242 3357 1331 3419 bomo
1354 3365 1424 3420 tunc
1447 3361 1571 3421 veniens

168 3508 171 3515 .
274 3462 414 3538 qnoniam
437 3462 514 3521 scire
536 3462 645 3541 potuit,
670 3469 742 3541 quot
763 3462 844 3520 cervi
868 3462 1019 3521 essentia
1042 3461 1150 3522 Africa.
1188 3459 1240 3520 sed
1264 3460 1321 3521 boc
1343 3462 1440 3540 ipsum
1463 3462 1570 3523 adiun·
1584 3481 1610 3521 ao

273 3563 314 3622 xit
336 3561 372 3622 ad
395 3563 623 3623 consensionem
645 3562 809 3641 superioris
837 3561 917 3624 dicti.
963 3562 1035 3640 quid
1063 3569 1109 3623 est
1135 3563 1215 3623 total
1255 3564 1327 3633 tria,
1357 3564 1424 3642 quia
1453 3562 1573 3625 dixerat

273 3668 354 3725 ‘tres
376 3668 514 3732 cervos’;
543 3664 668 3725 dicendo
697 3668 774 3726 ‘tota
797 3668 949 3726 armenta’
973 3667 1033 3725 tria
1053 3666 1216 3739 sanificat,
1240 3664 1270 3725 id
1294 3671 1338 3725 est
1358 3671 1402 3724 tot
1423 3671 1497 3742 quot
1518 3685 1572 3727 su·

272 3766 374 3846 pertus
396 3764 470 3826 dixit
492 3783 605 3827 cervos.
652 3784 724 3844 ergo
755 3767 832 3827 scire
861 3766 1003 3829 debemus
1025 3765 1222 3827 differentiam
1246 3766 1334 3828 buius
1355 3768 1554 3846 pronominis.

156 3884 215 3943 435,
231 3883 261 3933 31
361 3867 437 3929 Sunt
464 3868 551 3928 etiam
580 3870 677 3946 gentis
704 3870 895 3948 pronomina:
924 3870 1019 3948 gentis
1047 3870 1224 3947 pronomina
1252 3876 1323 3929 sunt
1351 3884 1426 3945 quae
1447 3877 1571 3947 gentem

273 3970 449 4049 significant.
494 3969 583 4031 bodie
612 3988 706 4050 paene
735 3972 792 4031 iam
821 3970 858 4048 de
885 3988 942 4032 usu
971 3977 1169 4040 evanuerunt,
1199 3969 1275 4052 apud
1298 3971 1427 4031 maiores
1448 3979 1571 4055 nostros
1584 3996 1610 4035 aa

273 4074 352 4133 varie
375 4073 470 4150 posita
494 4079 571 4133 sunt.
614 4073 781 4134 invenimus
802 4072 981 4152 aliquotiens
1008 4074 1091 4134 cuius
1113 4074 1195 4134 cuias
1217 4073 1331 4134 cuiatis.
1378 4073 1502 4135 ‘cuiatis
1525 4083 1572 4136 est

343 4312 355 4361 l
375 4311 483 4360 vide-
503 4319 564 4375 quot
588 4319 625 4361 tor
645 4316 703 4361 ante
721 4319 780 4359 sunt
802 4310 852 4358 alia
872 4309 968 4359 ordinis
989 4312 1121 4360 conlocm
1142 4312 1168 4360 to
1186 4308 1271 4359 ABG
1289 4309 1337 4360 doc
1354 4313 1502 4374 uunaposur'

272 4379 416 4447 2syllaba]
442 4380 565 4445 syllabam
584 4380 671 4431 ABG
751 4380 890 4430 3breuior
907 4380 992 4431 ABG
1060 4380 1177 4445 producit
1200 4380 1282 4431 ABG
1348 4380 1465 4448 dtotus]
1487 4383 1568 4447 Veqq.

271 4464 358 4515 peorp.
378 4451 387 4499 l
406 4451 458 4501 434
513 4451 528 4499 7
549 4452 704 4516 syllabarum
723 4457 761 4498 eet
781 4456 820 4499 est
841 4457 865 4499 et
884 4449 930 4499 illa
948 4450 1032 4499 breuis
1050 4459 1088 4499 est
1106 4457 1131 4499 et
1149 4450 1193 4499 illa
1211 4459 1236 4499 et
1253 4450 1298 4499 illa
1312 4452 1383 4501 uenit
1401 4451 1426 4500 A
1479 4451 1496 4502 8
1515 4467 1570 4501 ser-

274 4520 345 4570 uauit
361 4520 385 4569 B
436 4520 647 4572 9mutauitA0
659 4518 803 4569 motauitB
857 4518 887 4570 11
904 4520 1089 4586 significatura.
1107 4520 1161 4569 BC
1230 4520 1262 4570 17
1280 4520 1323 4569 ille
1340 4519 1417 4570 bomo
1434 4523 1477 4587 qui
1494 4522 1568 4571 sedet

275 4590 300 4638 in
319 4589 362 4638 illo
380 4588 434 4640 loco
454 4590 474 4640 0
543 4592 577 4641 25
596 4592 641 4642 tris
660 4590 700 4640 A:
721 4591 800 4654 Vera.
819 4588 886 4638 Aen.
906 4592 915 4639 l
936 4589 985 4640 184
1055 4592 1088 4640 27
1105 4604 1157 4639 nou
1176 4599 1298 4654 quotquot
1310 4591 1385 4641 nuo
1402 4605 1450 4640 non
1469 4591 1570 4655 quotA

344 4658 377 4708 28
398 4658 596 4710 luerentABC
663 4659 695 4710 31
716 4661 857 4725 superioris
877 4659 960 4709 uua·
978 4660 1138 4725 superiusA
1198 4657 1231 4709 32
1250 4661 1358 4711 dicendo
1376 4660 1524 4712 Boudion
1542 4660 1570 4709 A

343 4729 391 4778 trin
412 4730 540 4795 signifieat
561 4744 606 4779 om.
625 4730 713 4780 ABG
798 4728 1179 4790 llbcervosom.1l,ndd.a
1266 4730 1300 4781 35
1318 4740 1476 4782 euanuernnt
1493 4730 1570 4781 uua

276 4806 400 4848 uenerunt
419 4800 444 4849 A
513 4798 548 4853 36
568 4801 640 4850 cuins
661 4799 730 4851 cuias
748 4799 845 4852 calatas
863 4797 968 4863 (cuiatis
986 4798 1018 4865 a)
1035 4809 1060 4849 et
1077 4800 1166 4851 cuiatis
1185 4805 1224 4851 est
1240 4799 1268 4849 Α
