3350 5442
676 347 748 413 aas

90 465 108 504 p.
120 453 172 493 na,
184 453 212 493 aa
224 450 250 493 r.

71 540 210 612 utsupra
232 552 327 595 arma.
371 553 442 596 ecce
463 538 626 616 postposita
648 539 817 618 nimquam
840 538 936 598 tenuit
957 534 1045 598 modo
1067 557 1087 596 a

203 670 285 714 cum
308 653 396 715 luno
419 664 613 719 aeternum
636 676 790 719 servans
812 657 878 718 sub
900 664 1054 737 pectore
1076 654 1218 715 vulnus.

68 771 145 832 ,titis
175 771 353 851 partibus
385 777 571 838 orationis
603 778 924 855 significationem
958 774 1131 854 complet:
1167 772 1346 854 praeclarus,
1361 785 1419 842 365,
1434 785 1465 833 ιο

68 875 123 952 quia
148 892 215 934 eum
248 873 316 936 dico
344 875 456 946 clarus,
480 877 675 940 elocutionem
698 895 758 940 non
781 878 942 958 complevi;
966 877 1042 938 addo
1064 895 1136 958 prae
1159 884 1188 936 et
1210 872 1345 954 compleo

50 975 263 1036 setmuuonem.
299 985 408 1048 mutat,
432 989 465 1042 nt
485 978 601 1041 infelix:
626 980 698 1040 nihil
720 987 779 1042 tam
808 982 991 1042 contrarium
1019 979 1097 1040 felici
1127 995 1217 1056 quam
1244 976 1349 1036 infelix

69 1075 137 1157 [quia
157 1077 230 1138 felix
254 1078 335 1140 aliud
358 1081 503 1159 significat
516 1081 553 1142 ad
569 1083 774 1162 compositum,
797 1092 831 1144 nt
852 1083 967 1152 infelix,
992 1080 1069 1143 aliud
1085 1082 1198 1150 minuit,
1222 1078 1349 1140 detraxit

68 1180 108 1239 illi.
133 1215 174 1224 -
200 1181 340 1241 Earum
366 1191 429 1243 aut
456 1183 631 1264 complet:
660 1186 701 1245 ita
728 1186 876 1263 impotens
898 1183 1022 1245 multum
1045 1185 1197 1263 inpotens,
1220 1181 1318 1241 minus
1343 1179 1392 1260 111

67 1291 172 1361 potens,
201 1281 323 1364 mutat]¹
358 1285 465 1345 minuit
491 1293 605 1355 autem,
637 1294 668 1346 ut
694 1288 847 1348 infractus.
879 1321 913 1330 -
945 1285 1090 1346 Etenim
1118 1283 1160 1352 ad
1188 1289 1394 1364 patremzte

68 1383 141 1462 plane
168 1403 225 1463 pro
253 1385 341 1446 libitu
367 1394 469 1447 nostro
497 1395 528 1447 et
554 1391 719 1450 accusativo
747 1388 891 1467 singulari
920 1398 949 1450 et
975 1385 1098 1468 plurali,
1129 1394 1173 1458 ut,
1204 1387 1229 1446 si
1256 1385 1350 1464 poscit

41 1487 144 1556 wratio,
167 1483 223 1568 [ut]
248 1487 346 1547 dicam
369 1498 399 1546 et
420 1487 456 1547 ad
478 1498 577 1568 patres
600 1498 628 1550 et
650 1491 727 1570 apud
747 1490 831 1551 villas
853 1498 883 1551 et
904 1498 1013 1551 cetera.
1031 1524 1067 1534 -
1086 1487 1187 1567 Apud
1211 1485 1347 1546 villam:

69 1588 98 1646 ad
122 1596 149 1648 et
174 1589 257 1668 apud
287 1589 356 1649 dum
380 1590 468 1650 unius
489 1609 575 1652 casus
596 1595 832 1672 praepositiones
854 1601 935 1662 sunt,
965 1593 999 1654 ad
1023 1590 1166 1653 itineralis
1189 1597 1245 1658 est,
1270 1586 1348 1667 apud

70 1689 170 1760 lucain,
192 1690 268 1751 licet
290 1688 347 1751 lroc
368 1699 474 1769 poetae
498 1696 723 1764 contemserint,
748 1703 781 1754 ut
796 1692 942 1772 Vergilius
962 1693 1021 1755 ‘ad
1045 1711 1149 1773 quem
1171 1699 1244 1752 tum
1260 1671 1349 1750 lund

69 1791 241 1870 supplex',
271 1811 327 1872 pro
356 1793 433 1873 apud
461 1813 565 1874 quem;
598 1803 628 1855 et
654 1796 709 1857 ‘hi
736 1795 887 1857 multum
915 1793 1000 1857 fleti
1022 1796 1064 1856 ad
1087 1796 1271 1874 superos',
1295 1801 1394 1870 prout

71 1893 145 1972 apud.
169 1928 207 1940 -
232 1895 312 1956 lstae
329 1891 343 1975 ll
361 1914 464 1956 omnes
485 1899 720 1977 praepositiones
743 1904 801 1959 tam
824 1897 951 1958 ablativo
974 1896 1116 1974 singulari
1130 1913 1220 1976 quarn
1242 1889 1351 1973 plurali

45 2005 62 2042 ιι
71 1996 231 2072 iunguntur.
258 2031 295 2041 -
320 1999 485 2059 Dicimus
508 2001 604 2060 enim
627 2019 642 2061 a
666 2001 787 2061 domo:
811 2019 826 2061 a
849 1999 936 2060 douro
957 2018 1017 2061 non
1038 1999 1177 2066 dicimus,
1201 1997 1257 2057 nisi
1280 2013 1349 2074 pro·
1363 2005 1396 2053 23

71 2116 164 2157 nomen
192 2099 353 2168 addamus,
383 2119 400 2160 a
427 2100 515 2160 domo
543 2119 608 2161 mea
631 2101 677 2162 rel
700 2102 826 2163 adorno
850 2110 913 2172 tua,
937 2103 1074 2182 quoniam
1098 2099 1277 2179 praepositio
1300 2095 1350 2156 ad·

71 2199 165 2260 rerhiis
192 2202 260 2261 sine
289 2201 388 2280 aliqua
416 2211 500 2281 parte
528 2205 670 2264 orationis
693 2222 852 2282 numquam
877 2206 1015 2264 sociatur.
1042 2238 1079 2248 -
1104 2200 1201 2263 Clam
1224 2206 1397 2260 custo-tt

72 2299 175 2362 dibus:
205 2302 283 2364 clam
305 2306 487 2383 praepositio
514 2306 670 2385 utriusque
692 2325 777 2366 casus
799 2313 858 2375 est,
887 2306 953 2366 ideo
976 2324 1032 2385 pro
1056 2303 1204 2364 voluntate
1227 2301 1352 2362 dicentis

71 2401 108 2461 rel
126 2407 290 2466 accusativo
312 2408 452 2484 iungetur
475 2406 521 2468 rel
542 2406 679 2469 ablativo.
724 2407 851 2469 dicimus
874 2409 953 2468 enim
976 2413 1026 2468 ‘ct
1047 2406 1122 2469 clam
1146 2407 1272 2471 amicum
1295 2406 1352 2464 est'

46 2511 97 2565 aet
114 2504 201 2568 ‘clam
225 2504 369 2590 emicet}
406 2543 443 2585 ·.·
478 2507 552 2569 Sub
579 2528 704 2590 super:
733 2512 886 2586 utriusque
913 2528 999 2572 casus
1026 2510 1262 2589 praepositiones
1283 2505 1351 2566 ideo
1364 2515 1397 2563 27

74 2606 153 2668 dictae
180 2616 264 2680 sunt,
296 2611 377 2688 quod
404 2630 575 2672 communes
602 2613 661 2672 sint
688 2613 852 2674 accusativo
881 2620 910 2673 et
933 2610 1070 2673 ablativo.
1113 2609 1218 2670 sedin
1241 2605 1354 2667 duabus

74 2707 111 2768 his
132 2713 416 2792 praepositionibus,
445 2715 475 2773 in
504 2721 534 2773 et
560 2713 631 2784 snb,
660 2733 735 2793 quae
757 2713 883 2775 similem
905 2713 1038 2792 regulam
1062 2710 1186 2779 habent,
1216 2708 1354 2769 distantia
1458 2717 1460 2722 '

74 2809 135 2872 haec
161 2823 219 2883 est,
250 2796 370 2892 quando
398 2817 563 2876 accusativo
591 2817 735 2886 serviant,
767 2816 886 2894 quando
909 2814 1043 2877 ablativo.
1089 2811 1354 2892 quotienscumque

74 2914 210 2977 itinerales
232 2917 360 2985 fuerint,
384 2916 441 2977 lroc
464 2927 509 2977 est
531 2936 599 2978 cum
615 2917 653 2977 de
667 2917 760 2980 altero
776 2918 842 2979 loco
859 2918 894 2978 ad
916 2917 1043 2979 alterurn
1064 2917 1182 2985 transit,
1206 2921 1239 2973 ut
1261 2913 1355 2972 ‘imus

48 3014 105 3074 aaa
128 3017 253 3088 iorum',
284 3017 507 3079 ‘descendimus
533 3023 565 3080 in
594 3019 725 3091 vallem',
759 3021 925 3081 accusativo
953 3017 1119 3097 iungendae
1147 3023 1231 3084 sunt,
1260 3012 1356 3075 trihus

76 3119 246 3197 temporibus
269 3119 508 3199 comprehensis,
534 3131 563 3181 et
584 3122 628 3182 ire
651 3128 681 3181 et
702 3123 760 3184 isse
782 3129 813 3182 et
833 3124 929 3183 ituros
952 3139 1026 3183 esse.
1064 3138 1131 3181 cum
1156 3137 1225 3179 vero
1247 3114 1356 3177 locales

77 3219 184 3291 fuerint,
207 3222 267 3282 hoc
291 3229 336 3282 est
357 3241 425 3283 cum
446 3225 477 3282 in
499 3225 565 3303 ipso
585 3223 652 3284 loco
675 3223 785 3304 aliquid
808 3242 876 3285 esse
896 3223 1019 3294 dieitur,
1043 3231 1077 3282 ut
1098 3222 1147 3281 ‘in
1169 3238 1274 3299 campo
1296 3226 1355 3279 ste·

77 3321 177 3393 timus’,
200 3325 251 3384 ‘in
273 3325 339 3384 foro
363 3323 579 3396 clamavimus',
603 3325 659 3387 hae
674 3324 800 3386 ablativo
815 3324 984 3403 fungendae
1004 3331 1087 3395 sunt,
1110 3323 1223 3384 sedita
1246 3328 1279 3380 ut
1299 3321 1356 3380 tria

78 3433 195 3502 tempora
218 3426 491 3505 comprehendant,
514 3429 545 3488 in
569 3426 634 3489 loco
656 3447 735 3497 esse,
758 3429 858 3498 fnisse,
875 3429 990 3514 futuros¹
1006 3445 1082 3488 esse:
1106 3425 1158 3485 sed
1180 3421 1356 3501 regulariter

52 3525 142 3584 uscire
164 3525 308 3588 debemus
322 3527 402 3605 quod
425 3530 619 3607 interrogatio
641 3531 876 3610 praepositiones
892 3531 970 3590 facit.
984 3547 1047 3588 esse
1069 3529 1249 3609 perspicuas.
1288 3541 1357 3584 narn

80 3626 248 3691 sicourenit
266 3627 270 3708 i
287 3649 345 3710 quo
368 3629 476 3701 dicere,
501 3632 741 3711 respondendum
765 3642 809 3692 est
831 3651 885 3712 per
906 3628 1073 3708 itineralem
1095 3628 1355 3709 praepositionem,

81 3737 106 3786 ut
128 3731 255 3792 ‘anricus
283 3748 342 3809 quo
370 3733 549 3811 processitf'
572 3734 621 3793 ‘in
643 3732 831 3813 publicum’;
864 3735 889 3794 si
912 3734 1063 3810 interrogo
1086 3729 1150 3801 ubi,
1174 3728 1356 3810 responden·

82 3828 137 3890 dnm
163 3835 192 3894 in
221 3833 303 3905 loco,
332 3832 402 3894 ‘ubi
429 3836 539 3914 equitat
566 3836 712 3897 amicusl'
743 3837 790 3897 ‘in
818 3841 953 3916 campo'.
985 3831 1096 3916 [super]
1128 3852 1219 3915 super
1249 3849 1357 3892 veroa

137 4055 194 4108 soa.
212 4056 293 4105 Bere.
309 4057 345 4104 lV
364 4053 466 4105 2*—4.
520 4061 536 4107 4
556 4056 743 4120 eloquutionem
763 4072 812 4106 non
829 4057 973 4122 composuit
1025 4055 1040 4105 5
1059 4055 1211 4105 contrarium
1232 4052 1301 4102 felici
1320 4053 1358 4099 in-

85 4118 167 4172 felicem
219 4126 318 4176 daliut
366 4126 430 4175 aliut
481 4127 568 4191 iant]
588 4136 671 4177 autem
725 4125 758 4178 10
775 4127 808 4176 ad
819 4126 894 4178 uillas
946 4134 1007 4191 aput
1026 4124 1111 4175 uillam
1130 4125 1163 4174 ad
1181 4135 1205 4174 et
1221 4133 1281 4188 aput
1297 4122 1358 4171 dum

85 4195 144 4240 roias
155 4210 245 4246 canses
263 4196 462 4260 praepositionis
477 4194 559 4258 (coar.
577 4196 632 4260 -es)
649 4198 700 4246 siut
713 4199 745 4246 ad
767 4197 863 4246 iteralis
881 4207 919 4247 est
936 4204 998 4262 aput
1052 4195 1083 4245 12
1102 4195 1290 4246 comtemseriut

86 4261 205 4331 Vergilius]
225 4265 375 4314 neroillius
446 4266 477 4317 13
491 4266 584 4331 suplex
636 4277 698 4333 nput
770 4267 802 4316 14
815 4264 878 4331 aput
949 4265 981 4317 18
1000 4265 1157 4330 uolnmptnte
1226 4263 1260 4313 20
1278 4263 1359 4310 utrius

86 4345 145 4383 usus
209 4336 244 4384 24
267 4334 300 4384 ad
324 4335 442 4402 alterum]
465 4337 607 4386 adulterum
677 4337 712 4389 26
734 4335 942 4400 cortrprnelreusis
1014 4335 1101 4385 loculis
1121 4333 1196 4384 fuerit
1266 4332 1299 4382 ut
1319 4329 1357 4394 ut]

88 4412 186 4458 eleon-r.
206 4408 241 4460 al.
258 4421 325 4460 mco.
342 4413 369 4453 ut
387 4417 426 4456 est
495 4405 530 4457 ‘28
548 4405 609 4474 hae]
626 4407 690 4457 haec
760 4405 1025 4472 2llcompmclremlat
1096 4405 1127 4455 31
1147 4403 1358 4453 coruucnitcorr.

87 4475 318 4526 dmcouuenit
848 4503 850 4508 ·
1230 4481 1233 4493 ·

143 4700 154 4749 l
174 4703 330 4768 postpositae
352 4701 496 4752 Putscftfue.
519 4699 647 4750 eorumne
670 4701 793 4764 precedam
810 4701 941 4763 videatur,
965 4697 1053 4764 quidus
1071 4699 1215 4748 auctoratius
1233 4697 1265 4746 de
1284 4698 1360 4746 collo—

91 4770 169 4820 caueae
180 4774 395 4836 praepositiones
411 4761 500 4819 dictum
517 4778 576 4819 erat
637 4767 739 4836 icum]
765 4772 844 4836 Verg.
864 4771 927 4819 Aen.
949 4768 1011 4821 136
1072 4769 1103 4820 12
1121 4767 1154 4817 ad
1173 4764 1256 4834 quem]
1280 4767 1358 4832 Verp.

91 4835 141 4887 Aea.
156 4841 166 4889 l
179 4842 212 4892 ul
282 4840 315 4892 13
330 4838 369 4907 hi]
394 4842 472 4905 Verp.
485 4839 551 4893 Aen,
567 4839 653 4891 vast
1154 4865 1155 4869 =
