3350 5442
559 425 631 487 aas
660 426 701 486 ιιι
725 427 907 489 1c-1ve
1320 410 1383 489 ιιι

118 542 140 583 p.
155 529 285 573 nocue.
1202 534 1358 587 patant„

90 609 189 685 gulari
209 628 335 670 numero
357 611 503 673 secundae
526 612 736 674 declinationis
758 614 823 685 est,'
849 616 879 674 in
901 613 1009 694 plurali
1032 616 1156 675 tertiae:
1184 632 1252 675 nam
1273 617 1383 692 geniti·

91 695 289 771 vum'horum
311 713 458 789 iugerum,
481 712 613 774 dativum
634 722 666 775 et
687 713 847 777 ablativum
869 716 918 777 his
940 722 971 777 et
992 716 1030 778 ab
1051 717 1100 777 his
1121 716 1278 794 iugeribus
1301 718 1382 777 lacit.

91 821 123 873 et
144 832 209 884 vas,
238 813 317 894 quod
344 815 451 875 tertiae
483 823 528 875 est
549 817 580 875 in
603 816 748 895 singulari
770 837 910 887 numero,
934 821 965 879 in
988 817 1096 898 plurali
1119 817 1282 879 secundae:
1315 836 1383 879 narn

90 917 253 991 genitivum
269 916 375 976 horum
389 934 542 987 vasorum,
566 917 697 978 dativum
720 926 751 979 et
773 918 935 981 ablativum
955 921 1004 980 his
1026 926 1056 979 et
1078 918 1115 980 ah
1138 920 1186 979 his
1208 922 1286 981 vasis
1308 919 1382 979 diei-

61 1030 169 1077 ⁵mus.
205 1036 299 1097 pauca
322 1025 391 1078 sunt
413 1020 529 1096 primae
552 1017 762 1081 declinationis
783 1023 904 1083 nondna
926 1040 1002 1102 quac
1025 1027 1129 1082 contra
1151 1021 1285 1099 regulam
1307 1022 1382 1082 dati-

88 1136 161 1179 vum
182 1126 213 1178 et
242 1118 402 1180 ablativum
430 1122 548 1181 numeri
576 1121 701 1201 pluralis
727 1126 759 1183 in
782 1123 839 1183 hus
861 1122 1003 1203 syllabam
1025 1125 1148 1185 mittunt
1169 1123 1382 1184 discernendae

89 1219 295 1298 ambiguitatis
317 1240 406 1282 sexus
428 1240 532 1293 causa,
555 1222 603 1283 his
624 1232 654 1283 et
676 1224 713 1285 ab
735 1225 783 1286 his
804 1225 919 1285 deabus
944 1224 1064 1287 filiabus
1091 1224 1228 1286 mulabus
1250 1224 1383 1305 equabus

9 1346 18 1360 ·
89 1320 272 1392 libertabus,
295 1341 371 1403 quae
394 1342 411 1383 a
434 1326 510 1384 iuris
531 1326 638 1404 peritis
659 1334 802 1407 usurpata
824 1335 904 1388 sunt.

175 1424 255 1485 llaec
288 1431 357 1487 sunt
387 1442 463 1505 quae
495 1428 528 1486 in
554 1436 681 1508 utroque
708 1448 834 1490 numero
867 1446 925 1491 non
953 1430 1114 1492 admittunt
1141 1429 1381 1502 declinationem,

47 1544 74 1582 ro
89 1545 219 1605 quorum
241 1526 298 1587 alia
321 1527 512 1605 singulariter
534 1535 658 1599 tantum,
681 1530 738 1591 alia
760 1532 917 1611 pluraliter
939 1532 1137 1594 declinantur.
1168 1532 1290 1595 deorum
1312 1550 1381 1613 pro·

86 1631 158 1709 pria
189 1631 324 1699 nomina,
358 1628 589 1701 elementorum,
621 1632 761 1704 heroum,
794 1634 967 1706 fluminum,
1000 1637 1161 1706 montium,
1190 1634 1382 1713 singulariter

86 1730 243 1792 dumtaxat
264 1730 464 1803 declinantur;
487 1734 560 1793 item
582 1734 718 1806 urbium,
741 1737 800 1796 nisi
815 1754 891 1816 quae
907 1744 1013 1799 natura
1027 1736 1184 1817 pluraliter
1206 1736 1380 1806 efferuntur,

85 1841 123 1893 ut
151 1833 282 1894 Athenae
310 1832 429 1894 Thebae
459 1834 569 1896 Cumae
596 1836 735 1916 hlycenae
770 1837 928 1899 Graviscae
962 1839 1149 1901 Crustumeri
1183 1839 1274 1901 Cosae
1307 1839 1381 1919 Arpi

85 1934 207 1995 Puteoli
230 1934 329 2006 (istim
356 1937 428 1996 item
450 1937 613 2008 metallica,
635 1958 711 2019 quae
734 1941 834 2001 omnia
857 1940 1005 2002 secundae
1028 1950 1098 2003 sunt
1119 1940 1330 2001 declinationis
1351 1947 1382 2001 et

46 2054 73 2092 ιι
86 2039 212 2114 generis
238 2039 353 2107 neutri,
381 2044 415 2097 ut
443 2038 499 2099 hoc
526 2058 631 2101 aurum
658 2049 816 2120 argentum
842 2043 957 2103 icrrum
978 2042 1133 2123 plumbum
1155 2050 1307 2121 stagnum,
1330 2060 1380 2103 ex·

86 2146 178 2218 cepto
200 2158 259 2199 uno
281 2158 346 2210 aes,
369 2140 449 2219 quod
471 2142 603 2203 eiusdem
625 2146 746 2221 generis
769 2151 829 2213 est,
858 2145 910 2204 sed
932 2147 1015 2206 iuxta
1037 2147 1183 2207 rationem
1206 2143 1380 2223 monosylla-

85 2241 199 2302 horum
224 2243 307 2302 tertii
338 2240 454 2301 ordinis
481 2250 541 2313 est,
570 2251 631 2304 tres
660 2252 760 2306 autern
789 2263 876 2307 casus
903 2249 935 2307 in
962 2246 1071 2326 plurali
1093 2264 1218 2307 numero
1241 2246 1380 2315 admittit,

84 2346 305 2405 nominativum
326 2346 525 2405 accusativum
547 2353 577 2405 et
591 2350 772 2418 vocativum,
795 2348 852 2409 hoc
874 2367 925 2410 aes
947 2349 1072 2410 ethaeo
1094 2366 1179 2419 aera;
1202 2351 1275 2409 item
1297 2348 1381 2408 arida

84 2447 134 2507 vel
157 2445 284 2526 liquida,
307 2462 382 2525 quae
405 2446 442 2505 ad
457 2464 628 2508 mensuram
642 2449 795 2527 pondusve
811 2451 1000 2521 reseruntur,
1022 2458 1057 2512 ut
1078 2452 1212 2511 triticum
1234 2448 1379 2511 hordeum

45 2551 274 2609 aoirumentum
300 2548 347 2607 iar
373 2536 438 2607 lens
466 2550 547 2609 cicer
574 2551 689 2612 milium
718 2570 836 2623 ervum,
865 2552 939 2613 haec
967 2552 1050 2633 iaha,
1080 2553 1177 2614 oleum
1199 2554 1301 2612 vinum
1322 2552 1381 2612 mel

83 2651 218 2711 mulsum
240 2650 391 2710 deirutum
413 2652 510 2711 muria
534 2648 659 2731 [dicitur
680 2660 778 2714 tamen
800 2652 978 2735 liquamen].
1023 2673 1059 2715 ex
1081 2655 1129 2715 his
1150 2654 1241 2727 multa
1265 2660 1381 2715 veteres

83 2754 267 2813 auctoritate
293 2751 432 2812 licentiae
461 2753 622 2830 largientes
647 2755 804 2834 pluraliter
831 2756 1019 2826 extulerunt,
1041 2756 1115 2816 haec
1136 2757 1287 2816 frumenta
1308 2756 1378 2816 hor·

83 2854 145 2915 dea
167 2855 249 2916 iarra
270 2853 356 2914 mella
379 2853 507 2915 delruta.
537 2858 606 2917 vina
628 2858 719 2918 etiam
740 2877 813 2919 usus
835 2860 966 2937 recepit:
989 2876 1058 2919 nam
1079 2859 1147 2918 vina
1171 2857 1229 2919 Coa
1251 2856 1380 2918 dicimus

83 2964 116 3015 et
141 2952 159 3038 ΙΙ
180 2956 314 3017 hlassica.
345 2953 474 3035 praeJter
501 2957 575 3018 haee
603 2958 660 3019 alia
687 2967 757 3020 sunt
782 2978 859 3040 quae
887 2962 918 3021 in
946 2960 1052 3039 plurali
1080 2978 1205 3020 numero
1228 2959 1379 3029 deliciunt,

43 3082 69 3122 aa
82 3059 212 3137 generis
238 3057 360 3138 quidem
387 3059 542 3120 masculini
570 3058 658 3130 baec,
691 3061 741 3122 hic
767 3063 867 3123 iumus
894 3064 981 3123 timus
1013 3062 1102 3123 limus
1132 3061 1227 3141 pulvis
1259 3064 1380 3139 sanguis

82 3160 209 3239 genius,
231 3162 352 3238 generis
372 3160 508 3221 seminini
531 3161 605 3222 haec
625 3165 719 3224 fames
740 3163 791 3225 lux
812 3163 896 3224 labes
916 3182 975 3244 pax
997 3166 1061 3225 sitis
1082 3151 1167 3226 tah'es
1188 3163 1304 3233 humus,
1328 3180 1379 3241 ge-

82 3264 169 3323 neris
196 3264 297 3322 neutri
325 3261 382 3322 hoc
409 3280 534 3323 caenum
560 3265 682 3326 faenum
703 3268 750 3327 ius
777 3266 871 3327 letum
893 3266 998 3345 vulgus
1019 3268 1142 3347 pelagus
1164 3268 1245 3326 virus
1266 3266 1379 3327 viscum

82 3384 210 3435 aevum,
233 3365 290 3425 hoc
311 3382 431 3443 penum.
475 3368 507 3426 iu
533 3365 641 3445 plurali
669 3386 793 3429 numero
820 3375 936 3429 tantum
965 3369 1150 3430 declinantur
1177 3368 1295 3428 nomina
1323 3384 1378 3427 nu-

81 3486 239 3529 merorum
267 3474 387 3545 praeter
414 3485 520 3537 unum,
548 3468 628 3547 quod
649 3470 756 3549 plurali
779 3470 880 3531 delicit
901 3489 1039 3541 numero,
1063 3477 1097 3531 ut
1118 3469 1176 3529 duo
1198 3476 1272 3529 tres
1316 3488 1377 3529 me-

154 3676 172 3725 5
191 3686 274 3737 pauca
291 3680 349 3721 aunt
365 3671 441 3722 Char.
459 3671 504 3736 54,
524 3672 558 3724 10
625 3673 644 3723 u
661 3672 724 3723 haec
736 3681 796 3723 sunt
812 3688 878 3737 quae
895 3674 921 3722 in
939 3681 1046 3738 utroque
1064 3686 1168 3723 numero
1186 3672 1261 3723 Char.
1277 3670 1321 3739 31,
1334 3671 1378 3727 30.

79 3742 127 3807 83,
145 3742 174 3797 3.
196 3758 255 3795 eece.
273 3741 353 3793 uuor.
364 3742 432 3830 1548,
452 3744 464 3793 l
535 3742 570 3793 28
587 3743 689 3794 nomina
708 3758 869 3795 numerorum
886 3743 962 3797 Odor.
978 3742 1021 3805 ut,
1040 3744 1065 3796 d.
1086 3760 1144 3793 ecce.
1163 3742 1239 3797 Olor.
1255 3743 1316 3805 bot,
1328 3743 1363 3793 29

155 3933 172 3981 7
189 3930 351 3997 ambiguitati
370 3945 448 3981 sexus
465 3931 491 3981 P
507 3932 680 3999 ambiguitatis
699 3933 741 3987 .i.
761 3947 841 3982 sexus
860 3946 878 3989 ς
948 3932 988 3981 his
1007 3941 1032 3981 et
1051 3932 1082 3981 ab
1102 3930 1142 3982 his
1160 3931 1259 3981 duabus
1277 3930 1378 3982 filiabus

81 4000 214 4051 nathabus
232 4000 383 4050 dominabus
403 4001 519 4052 mulabus
541 4003 655 4067 equabus
672 4003 794 4054 asinabus
813 4000 953 4053 libertabus
968 4018 986 4067 9
1071 4000 1088 4051 8
1106 4001 1245 4051 libertabus
1263 4001 1378 4064 quaabua

80 4073 147 4122 iuria
167 4072 260 4138 peritis
274 4070 299 4119 P
322 4069 462 4120 libertabus
479 4074 585 4123 natabus
607 4073 728 4125 asinabus
744 4087 810 4135 quae
828 4087 844 4121 a
861 4072 922 4121 uiris
941 4072 1063 4137 peritiae,-
1151 4070 1182 4123 11
1202 4070 1377 4121 alimentorum

80 4157 173 4192 eornm
191 4141 325 4191 huminum
343 4140 369 4189 F
452 4141 486 4193 ta
503 4142 610 4194 athenae
630 4142 724 4193 latebre
742 4157 831 4207 cymae
847 4142 874 4191 P
953 4142 1065 4191 micenae
1078 4141 1211 4191 attellanea
1227 4140 1377 4205 grauiseeae

80 4212 240 4261 crustumeri
257 4225 333 4261 cosae
348 4210 436 4277 arpiae
452 4214 579 4278 poteoliae
594 4222 666 4264 ostea
678 4214 704 4264 F
715 4213 832 4277 mvcinae
846 4210 989 4261 athellanae
1002 4212 1136 4277 grainasae
1152 4218 1294 4260 crustumae
1309 4210 1377 4259 rico-

80 4298 126 4332 sae
144 4282 220 4346 carpi
239 4280 336 4346 puteoli
353 4282 420 4330 ostia
437 4295 464 4338 ς.
482 4283 586 4333 Abellae
608 4284 676 4333 inter
692 4286 810 4348 exemplu
829 4284 948 4332 nondam
970 4283 1102 4332 ductorium
1124 4295 1223 4344 seraper
1243 4280 1377 4344 pluralimu

80 4355 178 4417 iegiuar
196 4352 296 4401 Choria.
313 4365 342 4413 p.
361 4348 441 4412 3b,8
511 4353 544 4404 16
557 4353 603 4403 sed
621 4369 667 4406 om.
684 4354 711 4402 P
775 4353 808 4404 21
828 4353 921 4402 dicitur
935 4360 1019 4403 umen
1036 4351 1141 4402 limmen
1160 4352 1193 4413 P,
1207 4365 1254 4401 om.
1274 4350 1319 4405 Fe

80 4424 117 4473 22
133 4422 243 4472 lieentia
261 4422 397 4487 largienter
411 4421 436 4469 P
502 4422 629 4473 frumenta
646 4437 694 4476 om.
709 4424 753 4482 Fe
823 4424 857 4475 23
877 4423 938 4473 uina
955 4423 1030 4471 etiam
1048 4436 1111 4473 usus
1128 4421 1224 4486 reecpit
1236 4418 1336 4485 decepit
1354 4417 1379 4467 P

80 4495 143 4543 uina
159 4492 227 4541 haec
248 4492 323 4541 etiarn
342 4504 403 4540 usus
422 4493 512 4558 recipit
530 4494 578 4551 re
664 4508 723 4543 nam
744 4494 806 4545 uina
827 4493 892 4542 ehoa
913 4493 1022 4542 dicimus
1040 4501 1065 4541 et
1082 4492 1195 4541 massica
1210 4503 1228 4546 ς
1244 4503 1302 4538 nam
1318 4489 1377 4538 ulna

80 4564 196 4613 dicimus
217 4563 343 4611 msasaieu
360 4562 386 4611 P
402 4576 460 4611 uam
478 4563 537 4612 uiua
555 4564 709 4613 condicimus
727 4573 752 4612 et
769 4564 877 4613 mastica
899 4562 983 4625 (corr.
1001 4561 1167 4624 ntustaeial)
1186 4560 1213 4610 F
1238 4573 1296 4608 nam
1317 4560 1378 4607 uina

79 4642 106 4682 et
125 4634 258 4683 mustaeia
275 4640 300 4681 et
319 4633 428 4681 mesaica
446 4633 556 4683 dicimus
571 4649 590 4697 g
608 4647 666 4682 nam
682 4633 742 4682 uina
759 4632 824 4683 chia
842 4633 949 4682 dicimus
964 4639 989 4681 et
1002 4630 1076 4680 mella
1090 4630 1174 4680 Attica
1193 4630 1379 4679 Lindemannus

152 4702 191 4754 28
207 4702 281 4752 labes
294 4703 341 4768 pix
356 4717 440 4768 paxg
508 4703 542 4754 27
559 4700 672 4769 faenum]
696 4702 796 4752 irentrm
814 4703 841 4752 P
907 4698 996 4769 letum]
1015 4702 1094 4750 lutum
1116 4713 1133 4756 ς
1203 4699 1237 4750 28
1255 4699 1380 4765 hoepoe·

79 4788 144 4823 num
162 4774 191 4823 F
273 4774 379 4823 nomina
396 4775 495 4822 numeri
512 4774 538 4822 P
622 4774 656 4825 29
674 4774 744 4837 quod
759 4773 786 4823 in
804 4782 912 4837 utroque
931 4772 1016 4823 delicit
1034 4784 1139 4820 numero
1156 4776 1184 4819 ut
1200 4770 1252 4819 duo
1271 4769 1295 4817 P
1311 4768 1379 4833 quod

79 4842 179 4908 plurali
203 4843 272 4893 nebo
292 4842 387 4894 deiecit
404 4844 495 4893 numr’o
518 4852 616 4893 tantum
634 4851 662 4893 ut
680 4844 731 4893 duo
750 4844 776 4893 F
796 4843 865 4907 quod
883 4842 974 4908 plurali
998 4856 1103 4891 numero
1127 4838 1212 4891 delicit
1229 4848 1326 4889 tanturn
1352 4847 1381 4889 ut

80 4914 133 4963 duo
150 4926 169 4968 ς

1108 4994 1176 5059 28*
