3350 5442
305 380 369 445 502
676 344 681 355 ’
850 382 1052 444 avovsrnu

331 505 352 545 p.
367 490 467 531 resa-85
480 488 503 531 P.

305 572 380 633 latro
402 571 490 631 hrdns
512 570 636 632 latronis
658 570 728 632 huic
750 569 861 631 latroni
876 570 956 630 hune
971 577 1002 630 et
1023 569 1099 631 hane
1122 568 1268 631 latronem
1289 588 1307 629 o
1329 569 1406 629 latro
1427 566 1466 628 ab
1489 567 1548 627 hoc
1568 576 1594 626 et

305 657 342 717 ab
365 656 419 716 hac
441 656 556 717 latrone
579 655 610 715 hi
634 663 664 716 et
684 655 739 716 hae
768 655 900 717 latrones
926 655 1031 715 horum
1054 663 1084 714 et
1104 654 1210 716 buum
1232 655 1380 715 latronum
1402 652 1451 713 his
1472 652 1595 713 latroni·

307 742 361 801 bus
383 742 437 802 bos
460 750 489 802 et
510 742 564 802 has
585 740 717 802 latrones
738 759 756 799 o
777 741 909 801 latrones
931 740 968 800 ab
990 740 1038 800 his
1059 738 1236 801 latronibus.
1280 740 1316 801 ad
1338 739 1415 799 hanc
1437 738 1595 798 termulam

305 826 470 887 declinabis
492 827 580 887 homo
602 844 695 904 ganeo
717 826 824 903 degulo
847 844 942 904 caupo
963 825 1035 885 lullo
1057 843 1145 885 nemo
1167 825 1282 894 helluo,
1305 826 1356 904 qui
1380 831 1412 883 et
1432 822 1545 900 glutto,
1567 832 1596 881 et

186 952 191 961 ·
305 912 385 974 talia.
423 931 478 991 per
498 930 519 973 u
541 918 639 973 autem
661 910 773 972 nullum
796 909 887 971 babet
909 912 941 970 in
963 911 1155 972 nominativo.
1186 930 1258 989 ergo
1280 911 1341 970 exit
1363 926 1523 969 commune
1544 923 1616 985 pen

305 1016 338 1058 es
360 996 518 1077 syllabam,
543 1004 575 1057 ut
596 1014 710 1067 comes,
733 996 782 1056 hic
806 1004 835 1056 ct
857 996 931 1057 haec
946 1013 1045 1055 comes
1059 996 1149 1057 huius
1164 998 1283 1057 comitis
1305 994 1375 1054 hnic
1398 995 1504 1053 comiti
1519 992 1594 1052 huuc

306 1090 336 1142 et
356 1082 433 1143 hanc
460 1084 599 1143 comitem
627 1101 644 1141 o
671 1100 769 1141 comes
797 1081 834 1141 ab
862 1081 919 1141 hoc
946 1088 976 1141 et
997 1080 1035 1141 ab
1057 1081 1113 1143 hac
1140 1085 1248 1143 comite
1275 1080 1307 1139 hi
1335 1086 1366 1139 et
1393 1079 1450 1139 hae
1473 1080 1593 1138 comites

307 1168 412 1228 horum
440 1175 470 1229 et
499 1168 604 1227 harum
631 1168 771 1227 comitum
800 1166 847 1226 his
875 1165 1036 1226 comitibus
1057 1166 1111 1226 hos
1140 1174 1170 1227 et
1196 1168 1250 1227 has
1277 1167 1402 1226 comites
1425 1182 1443 1223 o
1471 1164 1593 1223 comites

305 1252 343 1315 ab
365 1253 413 1313 his
435 1253 605 1315 comitibus.
641 1252 677 1312 ad
699 1252 775 1313 hauc
799 1250 956 1311 formulam
984 1250 1171 1312 declinantur
1198 1270 1301 1331 sospes
1321 1249 1456 1327 locuples
1477 1248 1591 1326 hospes,

305 1339 376 1399 licet
404 1338 548 1417 hospitam
577 1338 687 1398 dixerit
714 1335 872 1413 VirgiliuS,
895 1336 1066 1415 ‘hospita
1092 1337 1235 1398 tellus'.
1267 1335 1354 1396 miles
1375 1334 1457 1393 veles
1482 1331 1529 1412 [id
1550 1341 1593 1393 est
1604 1349 1625 1385 n

305 1424 378 1484 levis
407 1430 572 1485 armaturae
600 1419 700 1502 miles]
730 1424 881 1501 interpres
907 1420 968 1482 ales
1002 1440 1129 1501 praepes
1156 1440 1244 1501 praes
1274 1420 1319 1500 [id
1341 1426 1387 1479 est
1408 1416 1591 1497 fideliuseor]

305 1508 423 1569 satelles
451 1508 536 1568 doses
562 1525 684 1587 praeses
710 1507 792 1567 dives
819 1507 928 1567 Caeres
956 1506 1053 1567 caeles
1082 1505 1219 1587 [caelites
1246 1508 1298 1587 qui
1320 1508 1379 1565 iter
1400 1502 1462 1564 sibi
1482 1504 1592 1563 iaciunt

307 1594 342 1654 ad
365 1592 493 1674 caelum]
517 1593 633 1670 indiges
656 1592 797 1669 indigetis
819 1599 849 1651 et
870 1599 980 1652 cetera.
1009 1595 1070 1652 exit
1092 1596 1123 1652 in
1145 1595 1180 1663 is,
1203 1600 1237 1653 ut
1258 1590 1374 1660 similis,
1398 1589 1449 1649 hic
1470 1588 1592 1649 ethaeo

307 1678 413 1739 similis
435 1678 524 1739 buius
546 1677 652 1738 similis
675 1678 744 1739 huic
766 1677 858 1738 simili
882 1677 885 1756 l
909 1677 989 1737 hunc
1010 1684 1041 1737 et
1062 1677 1139 1737 banc
1160 1678 1288 1739 simdem
1310 1696 1328 1735 o
1350 1674 1459 1735 similis
1479 1673 1518 1734 ab
1541 1672 1592 1732 hoc

307 1772 336 1824 et
359 1762 396 1825 ab
418 1764 473 1823 hac
495 1763 585 1824 simili
614 1763 645 1822 hi
673 1769 702 1823 et
725 1762 779 1822 bae
803 1763 918 1823 similes
945 1764 1052 1823 horum
1080 1769 1109 1823 et
1136 1763 1242 1824 harum
1269 1761 1414 1822 similium
1442 1759 1624 1818 hissimi·1s

306 1848 386 1910 libus
414 1849 468 1909 hos
495 1856 524 1909 et
553 1848 606 1908 bas
634 1846 747 1907 similes
774 1867 792 1908 o
819 1848 933 1909 similes
965 1847 1002 1908 ab
1030 1848 1077 1908 his
1102 1848 1260 1909 similibus.
1305 1846 1341 1906 ad
1367 1844 1446 1905 hanc
1468 1845 1591 1903 formam

306 1934 493 1995 declinantur
516 1933 601 2011 agilis
623 1932 720 1993 facilis
742 1933 858 2009 fragilis
872 1934 979 1994 viridis
993 1931 1104 1993 nobilis
1123 1932 1244 1993 mobilis
1266 1931 1360 1992 dulcis
1374 1929 1500 1989 humilis
1513 1930 1591 1988 mitis

306 2020 381 2080 lenis
403 2018 476 2080 levis
504 2018 602 2079 mollis
630 2019 704 2078 civis
732 2020 817 2078 testis
845 2018 940 2079 hostis
966 2020 1062 2078 tristis
1089 2020 1176 2079 lortis
1197 2018 1297 2079 suavis
1318 2014 1443 2093 frugalis
1465 2012 1591 2075 crudelis

305 2106 403 2165 inanis
425 2104 546 2182 gracilis
569 2105 697 2163 inmanis
724 2110 754 2162 et
776 2110 886 2164 cetera.
924 2104 986 2163 exit
1006 2121 1061 2182 per
1082 2122 1128 2173 os,
1157 2110 1191 2163 ut
1212 2101 1367 2170 sacerdos,
1395 2100 1446 2159 hic
1468 2107 1501 2159 et
1521 2100 1590 2159 hacc

305 2189 444 2252 sacerdos
471 2190 561 2249 huius
589 2188 751 2249 sacerdotis
779 2188 850 2248 huic
877 2188 1025 2249 sacerdoti
1049 2188 1128 2249 bunc
1150 2197 1181 2249 et
1202 2188 1278 2250 hanc
1299 2185 1487 2248 sacerdotem
1508 2204 1526 2243 o
1547 2193 1623 2243 ,sa-²⁰

306 2276 410 2336 cerdos
432 2274 468 2337 ab
491 2274 547 2335 hoo
569 2283 598 2335 et
621 2272 658 2335 ab
680 2274 736 2333 hac
757 2274 912 2335 sacerdote
934 2274 966 2334 hi
988 2281 1019 2333 et
1039 2273 1095 2335 hae
1116 2274 1286 2335 sacerdotes
1308 2272 1415 2332 horum
1435 2280 1467 2331 et
1489 2270 1590 2330 hamur

306 2361 492 2422 sacerdotum
519 2360 566 2420 bis
593 2358 796 2419 sacerdotibus
824 2359 879 2419 hos
907 2365 937 2419 et
964 2359 1017 2419 bas
1044 2359 1213 2421 sacerdotes
1239 2379 1258 2418 o
1284 2356 1453 2419 sacerdotes
1481 2354 1519 2416 ab
1546 2354 1590 2413 his

304 2444 519 2507 sacerdotibus.
564 2444 601 2506 ad
628 2444 704 2505 hanc
731 2445 858 2505 sormam
885 2444 1072 2505 declinantur
1103 2452 1201 2505 custos
1234 2446 1321 2523 inpos
1350 2460 1462 2521 conpos
1490 2456 1588 2519 nepos.
1655 2463 1656 2516 j

306 2534 367 2592 exit
389 2549 514 2610 perus,
545 2535 578 2590 ut
600 2546 665 2600 sus,
694 2528 742 2589 hic
770 2536 800 2589 et
827 2529 901 2589 haec
927 2549 978 2590 sus
1006 2529 1094 2590 huius
1117 2531 1180 2590 suis
1201 2529 1273 2589 huic
1294 2530 1341 2590 sui
1363 2527 1443 2587 bunc
1465 2533 1496 2587 et
1518 2525 1588 2585 hanc

305 2634 388 2677 suem
415 2636 433 2676 o
459 2635 510 2677 sus
538 2614 575 2675 ab
603 2614 659 2674 boc
692 2620 722 2674 et
749 2612 786 2674 ab
814 2613 871 2675 hac
902 2632 955 2675 sue
989 2614 1021 2674 hi
1053 2621 1084 2675 et
1116 2615 1171 2677 hae
1198 2632 1268 2675 sues
1294 2614 1401 2675 horum
1429 2618 1461 2671 et
1487 2611 1619 2673 huumtt
1655 2629 1656 2652 t

305 2720 390 2763 suum
418 2700 465 2761 bis
492 2699 585 2761 subus
619 2700 673 2760 bos
702 2706 732 2759 et
760 2699 814 2759 has
841 2718 910 2760 sues
937 2718 955 2760 o
983 2718 1052 2759 sues
1079 2699 1116 2760 ab
1148 2700 1196 2760 his
1228 2699 1331 2760 subus.
1375 2698 1438 2758 exit
1464 2715 1520 2775 per
1548 2712 1587 2763 er,

304 2794 338 2847 ut
360 2804 483 2867 pauper,
507 2786 557 2845 liic
572 2785 689 2846 ethaeo
712 2802 826 2863 pauper
848 2784 939 2845 huius
960 2786 1101 2864 pauperis
1123 2786 1193 2845 huic
1215 2786 1341 2864 pauperi
1362 2783 1442 2843 hunc
1464 2791 1496 2843 et
1516 2780 1587 2842 hanc

303 2890 464 2952 pauperem
488 2890 505 2931 o
526 2888 640 2950 pauper
663 2869 700 2931 ab
722 2869 777 2929 hoc
801 2876 830 2930 et
852 2870 890 2929 ab
906 2870 960 2931 hac
981 2888 1111 2949 paupere
1133 2870 1165 2931 bi
1187 2878 1218 2932 et
1238 2871 1293 2931 hae
1316 2886 1465 2949 pauperes
1486 2868 1587 2928 borum

305 2965 334 3016 et
356 2958 462 3018 barum
489 2974 653 3035 pauperum
680 2955 730 3016 his
757 2953 941 3035 pauperibus
967 2955 1022 3015 hos
1049 2963 1080 3015 et
1100 2955 1154 3017 has
1175 2974 1322 3035 pauperes
1344 2975 1363 3015 o
1383 2970 1531 3034 pauperes
1552 2948 1587 3010 ab

305 3042 351 3102 his
372 3040 565 3121 pauperibus.
609 3041 645 3103 ad
668 3041 743 3101 hanc
765 3041 891 3101 sormam
913 3040 1101 3101 declinantur
1121 3060 1190 3101 acer
1212 3041 1310 3103 alacer
1334 3038 1448 3119 [idest
1470 3033 1617 3115 locusta

304 3128 365 3188 exit
393 3145 548 3187 commune
575 3128 607 3186 in
636 3146 686 3196 ex,
716 3127 885 3205 utopilex,
909 3126 1011 3186 hicet
1037 3126 1110 3187 haec
1138 3128 1239 3206 opilex
1266 3127 1356 3187 huius
1383 3124 1501 3203 opilicis
1521 3122 1585 3183 huic

304 3213 403 3291 opilici
426 3212 504 3271 hunc
527 3218 557 3271 ot
578 3212 655 3273 lianc
677 3213 812 3290 opificem
835 3230 853 3271 o
875 3212 973 3290 opilex
990 3210 1028 3271 ab
1043 3211 1100 3271 hoc
1115 3220 1145 3272 ct
1164 3211 1202 3273 ab
1224 3212 1278 3273 hac
1300 3211 1407 3290 opifice
1428 3209 1462 3270 hi
1484 3218 1514 3270 et
1535 3208 1584 3268 hac

304 3298 425 3376 opifices
452 3296 559 3357 horum
587 3304 617 3357 ct
645 3297 749 3357 barum
776 3297 916 3377 opiticum
942 3296 990 3357 his
1016 3298 1174 3377 opificibus
1206 3297 1260 3358 hos
1287 3304 1318 3357 et
1342 3295 1397 3357 has
1423 3296 1585 3375 opiflceso

303 3384 426 3462 opifices
453 3382 490 3442 ab
519 3382 566 3443 his
594 3380 761 3462 opificibus.
806 3382 843 3443 ad
875 3382 952 3443 hanc
978 3383 1105 3443 termam
1138 3382 1304 3443 declinabis
1335 3381 1443 3442 artilex
1476 3379 1584 3441 aurilex

304 3468 392 3529 iudex
415 3468 548 3529 carnifex
571 3468 659 3528 index
682 3467 789 3527 vindex
812 3486 923 3546 auspex
945 3467 1094 3547 haruspex
1116 3470 1245 3546 signifex
1267 3476 1296 3528 et
1318 3467 1385 3529 alia.
1416 3468 1479 3527 exit
1496 3474 1615 3543 gennsffi

303 3571 457 3613 commune
479 3555 511 3614 in
534 3572 600 3632 eps,
624 3559 658 3614 ut
679 3554 835 3632 princeps:
860 3552 1026 3613 declinatur
1041 3554 1098 3622 sic,
1121 3554 1171 3614 hic
1193 3561 1222 3614 et
1243 3554 1317 3615 haec
1339 3554 1481 3633 princeps
1501 3550 1583 3611 buliu

304 3640 450 3718 principis
470 3638 541 3699 huic
562 3640 693 3719 principi
715 3639 794 3698 irunc
816 3647 847 3698 ct
868 3638 944 3699 banc
966 3640 1133 3717 principem
1156 3658 1173 3699 o
1200 3643 1340 3718 princeps
1362 3636 1479 3697 abhoc
1501 3644 1530 3697 et
1549 3632 1582 3693 ab

303 3724 357 3785 hac
379 3726 514 3803 principe
539 3722 543 3804 1
573 3723 605 3783 hi
627 3730 658 3783 et
678 3723 733 3783 hac
757 3725 911 3804 principes
936 3723 1041 3784 horum
1064 3731 1093 3784 et
1115 3724 1220 3785 barum
1242 3725 1415 3803 principum
1436 3720 1485 3781 his
1505 3721 1581 3801 prin·

254 3850 256 3855 -
304 3807 423 3887 cipibus
444 3809 501 3869 hos
524 3816 553 3869 et
575 3808 627 3869 has
650 3810 803 3887 principes
824 3828 843 3869 o
864 3811 1018 3888 principes
1039 3808 1087 3869 his
1109 3808 1307 3888 principibus.
1337 3809 1381 3867 sic
1403 3805 1581 3867 declinantur

302 3912 442 3973 manceps
467 3896 618 3973 particeps
645 3896 809 3973 municeps.
841 3912 950 3973 anceps
977 3901 1076 3954 autem
1103 3902 1133 3954 et
1155 3894 1258 3974 biceps
1279 3902 1311 3956 et
1332 3894 1445 3970 triceps
1466 3898 1498 3952 et
1517 3903 1611 3971 qua-⁴⁰

302 3980 422 4059 driceps
443 3978 600 4058 multiceps
624 3996 780 4058 praeceps,
804 3979 878 4039 haec
900 3998 951 4039 sex
966 3982 1086 4041 nomina
1100 3982 1271 4057 genetivum
1285 3976 1468 4056 singularem
1486 3984 1579 4037 eontra

302 4064 435 4144 regrdanr
463 4066 650 4143 superiorem
677 4066 708 4124 in
736 4066 775 4124 tis
803 4063 944 4143 syllabam
966 4067 1101 4134 mittunt,
1131 4082 1191 4125 non
1212 4066 1243 4123 in
1266 4066 1328 4144 pis,
1353 4070 1384 4124 ut
1406 4078 1516 4142 anceps
1535 4078 1580 4119 an·

302 4152 417 4231 cipitis,
440 4148 545 4229 biceps
567 4148 710 4229 bicipitis,
734 4151 848 4229 triceps
870 4151 1022 4229 tricipitis,
1045 4149 1223 4230 quadriceps
1245 4149 1464 4229 quadricipitis,
1487 4144 1578 4208 multi·

370 4389 473 4439 telino
491 4390 516 4438 F
582 4387 689 4453 glutus
759 4386 776 4437 9
798 4386 940 4438 declinatur
956 4386 981 4437 F
1003 4387 1140 4439 declinabis
1158 4387 1253 4439 similia
1270 4397 1332 4445 ρις
1403 4386 1435 4438 10
1452 4386 1510 4437 lieet
1526 4384 1577 4435 bos·

302 4460 420 4524 pitemF
488 4456 601 4525 hospite]
630 4458 709 4522 Verp.
731 4455 1278 4523 Aea.111539bellum,oterrshospita
1295 4466 1382 4524 portas
1452 4457 1525 4508 miles
1542 4450 1577 4503 uel

302 4528 377 4582 heres
396 4530 421 4580 id
440 4538 479 4579 est
498 4528 562 4579 leuis
580 4536 691 4579 armator
708 4528 806 4577 emittes
819 4528 844 4575 F
904 4527 931 4578 ll
960 4542 1067 4593 praepes
1090 4528 1176 4579 idest
1198 4528 1485 4578 fideiiussoretoetera
1502 4526 1531 4579 F.
1549 4536 1577 4572 eo

301 4616 365 4664 quae
376 4600 422 4651 doc
435 4602 490 4652 Ioco
501 4602 591 4650 enarra
608 4606 666 4649 aaut
682 4599 708 4647 tu
726 4597 851 4649 Foddita
868 4606 925 4649 ruat
937 4598 1007 4661 infra
1016 4613 1043 4660 p.
1058 4596 1148 4658 503,ss
1195 4598 1229 4649 12
1242 4594 1345 4665 sacres]
1362 4596 1436 4646 heres
1454 4595 1577 4647 homo

370 4667 404 4720 23
420 4682 501 4735 nepos
520 4670 563 4732 qni
579 4676 617 4719 est
635 4668 802 4733 patrimonica
821 4676 986 4733 consumptor
1004 4669 1056 4717 exit
1073 4682 1120 4733 per
1138 4668 1186 4718 hus
1205 4669 1230 4717 F
1314 4669 1348 4719 26
1365 4666 1407 4717 his
1424 4666 1505 4717 subus
1521 4678 1575 4729 qne

303 4738 378 4789 modo
397 4747 423 4789 et
439 4739 545 4789 nubibus
564 4738 590 4788 F
603 4737 644 4788 his
659 4737 784 4795 suibuss
853 4738 885 4788 ab
902 4736 943 4787 his
961 4738 1082 4795 anibnss
1151 4735 1186 4789 30
1204 4736 1362 4788 declinantur
1377 4746 1405 4787 nt
1425 4751 1484 4788 acer
1502 4737 1526 4786 F
1537 4736 1575 4785 de

301 4808 427 4857 clinaotur
444 4816 468 4859 et
486 4807 538 4858 elia
555 4818 582 4859 ut
595 4822 688 4865 acere
757 4806 790 4859 35
815 4803 954 4873 haruspex]
979 4822 1109 4875 sumspex
1124 4807 1150 4857 F
1214 4806 1330 4873 signifex
1347 4807 1416 4873 quod
1433 4808 1509 4874 signa
1524 4804 1575 4855 lacit

301 4887 326 4927 et
343 4877 393 4925 alis
407 4877 430 4924 F
496 4876 530 4928 38
548 4878 699 4942 principium
717 4892 786 4931 corr.
806 4878 949 4943 principum
966 4878 992 4927 F
