3350 5442
557 1356 560 1375 Ι
838 1228 922 1322 nm
951 1226 1125 1322 moon

620 1412 699 1486 DE
736 1413 978 1490 NOMINE
1014 1412 1090 1489 ET
1124 1409 1333 1488 VERBO

357 1708 508 1763 pennen
1426 1707 1590 1759 pecsano.
1647 1700 1648 1705 ’

483 1792 538 1850 Ars
560 1808 626 1850 mea
647 1788 809 1850 multorum
831 1809 878 1860 es,
902 1808 975 1869 quos
998 1790 1117 1851 saecula
1140 1790 1238 1869 prisca
1261 1788 1410 1857 tulerunt;
1647 1790 1648 1793 ’

553 1891 605 1951 scd
628 1910 703 1952 nora
725 1898 754 1950 te
776 1890 908 1952 brevitas
931 1894 1039 1953 asserit
1062 1910 1126 1953 esse
1148 1908 1254 1951 meam.

483 1993 582 2053 omnia
603 2012 671 2053 cum
693 2000 825 2054 veterum
848 1995 909 2053 sint
930 1996 1083 2074 explorata
1106 1991 1231 2063 libellis,

552 2094 644 2156 multa
667 2095 749 2175 loqui
772 2095 905 2156 breviter
928 2098 968 2156 sit
990 2098 1129 2158 novitatis
1151 2114 1234 2176 opus.

483 2204 511 2257 te
534 2196 648 2274 relegat
669 2200 800 2267 iuvenis,
824 2216 913 2278 quem
935 2199 1055 2275 garrula
1077 2200 1184 2277 pagina
1207 2204 1315 2267 terret,

554 2306 603 2359 aut
624 2301 740 2378 siquem
763 2302 865 2379 paucis
887 2302 965 2360 seria
988 2318 1075 2360 nosse
1098 2302 1192 2369 iuvat;

482 2409 511 2461 te
533 2400 694 2481 longinqua
716 2411 821 2480 petens
845 2404 983 2462 comitem
1005 2401 1063 2461 sibi
1085 2402 1165 2462 ferre
1190 2404 1283 2461 viator

552 2521 590 2562 ne
613 2502 728 2563 dubitet
749 2523 841 2583 parvo
863 2504 995 2583 pondere
1017 2504 1108 2564 muita
1131 2501 1257 2573 vehens;

480 2615 510 2665 te
533 2607 628 2686 siquis
649 2608 805 2685 scripsisse
827 2606 921 2675 volet,
945 2624 1004 2666 non
1026 2606 1085 2666 ulla
1108 2612 1251 2685 queretur

553 2708 658 2769 damna
681 2726 737 2767 nec
758 2709 868 2784 ingrati
891 2709 978 2768 triste
1000 2706 1113 2767 laboris
1136 2726 1220 2767 onus.

481 2828 513 2869 es
535 2810 615 2889 quod
637 2813 761 2890 quisque
784 2815 882 2889 petat;
906 2827 1065 2888 numquam
1088 2828 1213 2870 censure
1235 2808 1340 2869 diserti

553 2912 609 2972 hoc
632 2919 802 2971 contemnet
824 2930 912 2990 opus,
937 2913 963 2971 si
986 2911 1072 2971 modo
1095 2911 1171 2971 livor
1193 2910 1286 2972 abest.

414 3064 509 3126 Credo
536 3082 596 3124 non
623 3064 722 3125 nullos
749 3064 806 3125 hoc
833 3082 932 3124 meum
960 3066 1118 3125 miraturos
1146 3064 1335 3143 opusculum,
1369 3063 1448 3143 quod
1475 3066 1505 3124 in
1531 3070 1604 3123 tanta

331 3166 571 3226 doctissimorum
592 3166 743 3226 hominurn
767 3167 866 3245 eopia,
890 3168 941 3245 qui
964 3168 1044 3226 varie
1059 3166 1277 3247 diligenterque
1299 3166 1447 3226 emendati
1469 3166 1603 3225 sermonis
1616 3178 1634 3215 1³

329 3276 489 3348 praecepta
510 3267 712 3339 tradiderunt,
736 3285 791 3345 ogo
813 3268 1002 3345 potissimum
1025 3286 1113 3328 ausus
1135 3271 1191 3329 sim
1213 3270 1375 3329 temerario
1397 3286 1431 3328 ac
1452 3285 1541 3347 paene
1562 3286 1602 3325 sa-

330 3370 442 3448 crilego
470 3377 577 3431 conatu
604 3369 739 3431 libellum
767 3370 803 3430 de
832 3376 896 3430 arte
924 3372 1120 3431 comminisci.
1165 3371 1282 3451 dequo
1309 3373 1394 3450 prius
1417 3369 1601 3431 excusandmr

329 3481 416 3553 puto,
439 3491 526 3552 quam
549 3472 585 3532 de
607 3471 695 3532 titulo
717 3474 817 3552 operis
841 3471 994 3533 disseram.
1024 3490 1090 3532 cum
1112 3475 1203 3534 sciam
1225 3472 1369 3551 plurimos
1385 3471 1503 3551 quidem
1523 3488 1600 3547 regn·

329 3575 373 3635 las
401 3576 509 3634 artium
535 3592 589 3652 per
617 3570 769 3654 orildinem
797 3576 985 3654 exposuisse,
1014 3573 1123 3653 quibus
1156 3576 1192 3636 ad
1220 3576 1456 3655 praerogativam
1483 3572 1599 3633 soltertia

329 3677 376 3736 vei
398 3679 558 3758 antiquitas
581 3677 645 3755 ipsa
667 3675 825 3753 suffragata
843 3674 846 3756 i
865 3685 925 3743 est,
949 3676 1001 3737 sed
1024 3696 1126 3737 eorum
1150 3677 1223 3737 alios
1245 3677 1304 3738 lato
1325 3679 1501 3757 copioseque
1515 3675 1631 3751 scrip-n

328 3780 418 3849 sisse,
447 3787 479 3840 ut
505 3777 655 3858 superflua
682 3778 832 3838 interdum
862 3778 996 3838 ubertate
1025 3781 1205 3851 narrationis
1233 3780 1376 3839 memoria
1406 3776 1595 3840 confundatur,

411 3969 439 4024 P
458 3970 552 4026 codex
572 3970 725 4025 Parisinus
747 3967 830 4026 7530

412 4054 441 4109 F
461 4056 554 4110 codex
575 4054 760 4110 Monacensis
782 4052 863 4111 6281
888 4054 1083 4128 Fn'einpensis
1105 4054 1144 4113 81

408 4139 429 4210 f
447 4146 596 4195 corrector
618 4140 725 4195 codicis
745 4139 939 4213 Frisinpensis

409 4242 428 4296 p
449 4226 543 4280 codex
570 4224 848 4295 Wolfenbnttelanus
869 4225 941 4297 Any.
966 4223 1016 4297 38,
1039 4224 1078 4281 27

412 4324 430 4374 ς
450 4310 532 4365 editio
549 4312 692 4381 princeps
722 4310 828 4366 Veneta
851 4310 967 4366 Nicotai
986 4310 1104 4367 Iensoni

1647 4464 1648 4491 i

395 4526 409 4575 l
429 4541 518 4577 merem
537 4542 583 4577 sus
601 4540 680 4575 scens
698 4526 723 4575 P
736 4540 827 4575 monn
847 4541 893 4575 ans
908 4541 961 4576 roci
982 4540 1139 4578 onnuunrrer
1159 4528 1184 4577 F
1197 4540 1370 4578 vsrvsrrssnu
1388 4542 1419 4577 sc
1438 4537 1590 4579 senseresen-

325 4610 378 4644 suu
396 4611 493 4647 enecas
511 4611 665 4647 onsrsnsrrcr
685 4612 718 4645 or
738 4610 834 4647 nonme
854 4610 980 4645 srvsnso
1000 4612 1073 4649 sinen
1093 4612 1219 4653 merens-
1278 4596 1310 4647 10
1328 4596 1404 4647 uehis
1418 4598 1465 4655 re
1529 4592 1589 4643 13ae
1647 4618 1648 4649 i

325 4664 420 4728 Psest
439 4666 484 4721 Γς
504 4668 602 4716 codices
619 4666 765 4717 cassiodori
781 4668 813 4717 de
829 4664 892 4715 ord.
912 4680 939 4727 p,
959 4666 1029 4718 2280
1108 4664 1293 4718 16Ἰιοῐηὶηιπη
1311 4683 1358 4719 on.
1378 4668 1405 4717 F
1474 4666 1504 4718 19
1520 4662 1589 4729 operis
1647 4660 1648 4673 ³

324 4748 369 4783 om.
390 4735 415 4783 F
480 4734 514 4785 20
532 4751 578 4802 per
594 4736 709 4784 ordinem
727 4736 878 4801 exposuisse
896 4734 921 4783 P
937 4735 1078 4801 digessisse
1093 4738 1119 4787 F
1134 4752 1181 4802 per
1198 4738 1311 4787 ordinem
1331 4737 1505 4802 digessisses'
1562 4728 1588 4778 td
1647 4764 1648 4795 3

325 4806 530 4871 praeregctiusm
545 4804 682 4855 sollertium
699 4805 739 4855 uei
758 4805 895 4869 antiquitus
915 4806 1054 4873 suffragata
1069 4814 1108 4857 est
1124 4807 1150 4855 F
1216 4810 1250 4859 22
1270 4814 1296 4856 ut
1318 4804 1457 4873 superfluo]
1479 4802 1588 4870 supernus

325 4873 417 4935 quibus
431 4874 456 4922 F
1253 4881 1258 4896 ⁶
1647 4890 1648 4893 ’
