3350 5442
308 375 368 440 142
831 377 999 441 -roursu

330 499 352 539 p,
366 487 454 526 tol-0³
467 485 489 525 L.

305 568 443 644 quoniam
465 582 647 645 praenomen
670 571 729 631 est,
759 572 788 624 et
809 564 965 627 Sallustius
986 582 1095 626 nomeu
1119 570 1177 633 est,
1207 565 1347 639 quoniam
1369 561 1454 622 multi
1479 562 1602 622 luerunt

305 665 449 727 Sallustii:
480 666 527 727 die
556 666 641 726 hoc'.
678 666 730 727 sed
759 669 828 727 istas
856 686 904 729 res
932 686 992 728 nou
1022 668 1064 727 sio
1090 665 1269 734 iudicemus,
1299 682 1387 743 quem
1418 662 1601 725 admodum

306 767 450 828 naturalia
472 777 555 838 sunt,
578 768 630 828 sed
653 786 741 849 quem
765 768 800 829 ad
823 769 943 831 modum
966 771 1132 829 invenimus
1154 769 1185 827 11
1207 766 1345 828 11111111.
1377 784 1447 845 ergo
1465 774 1494 827 et
1510 764 1601 826 modo

304 868 441 939 Publius,
466 872 604 949 quoniam
627 870 748 952 nomilni
771 873 943 951 praeposui,
969 873 1025 932 erit
1046 888 1241 951 praenomen;
1265 868 1381 938 Lucius,
1406 869 1547 948 quoniam
1572 874 1600 927 el

304 970 355 1033 ille
371 972 479 1032 Lueius
503 980 546 1032 est
568 981 598 1033 et
618 972 668 1033 ille
684 972 793 1033 Lucius
816 981 870 1043 est,
895 974 951 1033 erit
973 990 1082 1034 nornen
1105 971 1247 1040 familiae:
1271 970 1433 1041 Sallustius,
1458 972 1625 1050 quoniam⁵

304 1073 362 1134 boe
394 1076 459 1154 ipso
492 1076 613 1154 proprio
642 1073 783 1136 vocabulo
811 1072 993 1154 appellatur,
1023 1076 1080 1134 erit
1111 1092 1277 1151 cognomen
1310 1075 1403 1153 ipsius
1434 1074 1601 1153 proprium.

304 1184 398 1237 verte
413 1176 503 1245 illud,
536 1184 566 1237 et
592 1185 677 1256 potes
705 1175 795 1237 aliurn
823 1176 958 1239 ordinem
986 1177 1099 1246 lacere,
1128 1182 1215 1261 prout
1242 1174 1379 1236 volueris
1425 1193 1496 1253 ergo
1519 1174 1603 1234 vides

304 1280 443 1357 quoniam
465 1298 524 1339 non
548 1297 667 1358 semper
688 1280 731 1339 sie
750 1279 926 1340 iudicamus.
972 1298 1063 1359 quare
1086 1278 1143 1339 hoe
1166 1277 1251 1338 dieol
1273 1275 1370 1337 solent
1391 1276 1481 1357 aliqui
1504 1276 1601 1336 bomi-

305 1398 358 1441 ues
384 1380 559 1460 plerumque
587 1398 652 1441 esse
681 1380 794 1451 callidi,
824 1388 853 1441 et
874 1384 1038 1460 interrogat
1065 1388 1093 1441 te
1116 1380 1221 1460 aliquis
1244 1388 1273 1440 et
1296 1379 1367 1439 dicit
1389 1379 1444 1440 tibl
1471 1378 1601 1440 ‘Lucius

303 1480 390 1562 quale
412 1500 522 1543 nornen
546 1484 625 1544 estl’
647 1484 814 1563 proprium.
846 1486 937 1563 ‘quae
960 1502 1029 1563 pars
1052 1489 1096 1545 est
1117 1485 1231 1563 proprii
1255 1482 1420 1542 nominisl’
1448 1480 1523 1541 dieis
1545 1479 1599 1550 illi,
1614 1490 1634 1529 ¹⁰

303 1602 496 1664 praenomen.
540 1583 612 1644 dicit
633 1584 687 1645 tibi
709 1584 833 1645 ‘laisum
857 1592 917 1647 est:
956 1604 1023 1646 1111
1048 1604 1118 1645 eece
1140 1604 1242 1646 servus
1264 1603 1347 1644 meus
1370 1585 1409 1643 ita
1432 1581 1600 1661 appellatur

304 1695 414 1746 elnon
436 1686 526 1746 babet
548 1692 771 1765 praenomen’.'
802 1688 886 1748 vides
908 1705 981 1765 ergo
1003 1688 1142 1767 quoniam
1165 1690 1221 1747 ista
1243 1705 1303 1747 non
1326 1685 1489 1746 seeundum
1513 1693 1600 1745 natu·

303 1806 367 1847 ram
389 1796 472 1857 sunl,
503 1788 555 1848 sed
583 1797 672 1867 prout
698 1791 816 1850 inventa
838 1790 963 1859 luerint,
986 1790 1026 1849 ita
1050 1789 1206 1859 dicuntur,
1229 1795 1262 1849 ut
1283 1790 1321 1848 sit
1343 1805 1453 1848 nornen
1476 1794 1506 1847 et
1528 1805 1598 1865 pro-

302 1891 400 1970 prium
423 1898 453 1950 et
473 1889 602 1950 familiae
622 1889 710 1951 illius.

200 2002 290 2063 429‚6
385 1991 544 2053 Praeterea
565 1991 639 2053 illud
661 1995 738 2054 seire
761 1992 862 2063 debes,
887 2012 947 2054 nou
969 2012 1086 2054 omnem
1103 1994 1254 2054 hominem
1276 1991 1388 2052 babere
1409 1992 1464 2051 ista
1488 1993 1635 2051 11111115

302 2111 369 2155 nam
392 2102 490 2173 potest
510 2096 637 2155 inveniri
660 2095 766 2175 aliquis
788 2097 838 2175 qui
867 2114 960 2157 unum
982 2095 1088 2164 habet,
1110 2105 1143 2156 11
1164 2114 1280 2165 servus,
1304 2102 1336 2155 ut
1359 2092 1434 2163 dixi,
1459 2093 1598 2153 Gauden-

302 2198 374 2257 tius:
404 2214 474 2255 eece
502 2216 594 2257 unum
623 2197 714 2257 babet
740 2205 864 2259 tanturn.
909 2198 987 2279 apud
1016 2200 1145 2259 maiores
1172 2206 1290 2259 nostros
1318 2196 1391 2256 11111
1413 2195 1598 2257 consuetudo

302 2300 412 2368 luerat,
435 2306 468 2357 ut
490 2298 599 2378 singuli
623 2300 740 2378 singula
763 2300 910 2362 baberent
932 2302 1061 2363 nomina.
1108 2319 1178 2361 ecee
1200 2299 1343 2361 Romulus
1366 2316 1459 2359 unum
1482 2306 1598 2360 tantum

301 2399 405 2460 babet:
430 2399 508 2479 apud
531 2407 647 2462 veteres
669 2401 743 2462 uibil
764 2402 891 2481 legimus
913 2403 1051 2484 amplius,
1076 2404 1132 2463 nisi
1154 2402 1211 2462 boc
1233 2401 1337 2461 solum.
1382 2380 1474 2480 quid?
1507 2399 1600 2461 habet

300 2505 356 2563 iste
385 2520 549 2580 cognomen
576 2512 706 2573 tantum,
735 2505 765 2566 id
788 2513 833 2565 est
855 2508 1010 2585 proprium
1033 2524 1150 2565 nornen.
1197 2502 1291 2565 Numa
1314 2502 1488 2583 Pompilius:
1527 2513 1635 2563 occet-¹⁰

301 2604 359 2665 doo
382 2614 461 2666 sunt.
506 2606 564 2664 iam
587 2608 644 2666 iste
667 2605 758 2667 babet
780 2615 810 2667 et
831 2626 940 2669 nomen
963 2608 1092 2668 familiae
1115 2616 1144 2666 et
1165 2624 1251 2666 suurn
1274 2607 1440 2685 proprium.
1472 2603 1598 2666 Publius

301 2705 455 2784 Ver'gilius
482 2707 579 2768 Maro:
610 2726 679 2768 eece
707 2710 762 2770 tria
785 2708 890 2779 habet,
918 2728 1101 2790 praenomen
1123 2727 1232 2769 nomen
1255 2726 1430 2786 cognomen.
1475 2706 1600 2768 Publius

300 2808 457 2870 Cornelius
471 2810 571 2889 Scipio
586 2810 755 2870 Africanus:
779 2830 849 2872 eece
871 2820 1008 2892 quattuor
1030 2810 1133 2881 babet,
1163 2812 1261 2871 omnia
1289 2808 1387 2870 babet.
1423 2812 1515 2889 nequi
1544 2810 1599 2869 tibi

300 2910 379 2970 dieat
400 2911 483 2970 verbi
506 2930 609 2979 eausa,
633 2931 703 2973 eeoe
720 2914 866 2990 Vergilius
889 2934 948 2975 non
971 2914 1061 2975 habet
1084 2932 1246 2991 agnomen,
1270 2916 1336 2993 qrria
1361 2911 1433 2972 111111
1456 2912 1542 2981 11111,
1566 2921 1600 2972 11

300 3011 408 3090 diguus
430 3021 509 3073 esset
531 3015 702 3090 agnomine,
726 3017 879 3094 quianon
902 3016 1005 3077 hebuit
1028 3017 1144 3084 vitium,
1169 3022 1202 3076 ut
1223 3015 1293 3076 inde
1316 3015 1493 3077 traheretur.
1532 3014 1597 3074 Sal·
1612 3023 1635 3059 2⁵

298 3113 404 3174 lustius
437 3132 453 3173 e
487 3117 636 3176 contrario
670 3116 771 3177 haben
792 3136 953 3195 agnomen,
988 3117 1112 3179 Publius
1136 3118 1289 3179 Sallustios
1318 3116 1453 3197 Crispus:
1489 3116 1598 3177 dieitur

299 3217 415 3294 crispos
436 3216 574 3277 habuisse
596 3218 717 3300 oapillos
741 3218 875 3297 obtortos
898 3228 927 3279 et
949 3223 1063 3300 aceepit
1085 3240 1101 3281 a
1123 3239 1157 3281 re
1180 3238 1297 3281 nornen.
1344 3217 1408 3288 ille,
1432 3220 1500 3297 quia
1523 3216 1596 3278 nihil

299 3318 415 3388 babuit,
450 3338 510 3378 non
543 3323 656 3400 aceepit
688 3338 844 3400 agnomen.
892 3340 962 3400 ergo
993 3322 1075 3382 vides
1108 3324 1248 3401 quoniam
1283 3323 1440 3399 agnomina
1468 3318 1598 3381 erebus

298 3422 428 3481 veniunt.
460 3430 490 3481 et
510 3421 686 3502 plerumque
707 3426 874 3485 invenimus
896 3426 951 3485 ista
975 3424 1079 3484 ordine
1102 3430 1281 3484 commutato
1304 3424 1407 3503 positu,
1431 3421 1482 3483 sed
1506 3424 1596 3483 istum

299 3522 459 3601 Vergilium
483 3542 542 3583 non
570 3524 733 3586 seeundum
762 3535 896 3588 naturam
926 3529 983 3587 ianr
1012 3527 1164 3605 ponimus,
1194 3526 1246 3587 sed
1274 3531 1363 3605 prout
1384 3526 1634 3585 invenerimusw

297 3633 456 3704 praeterea
479 3645 517 3686 ne
545 3635 574 3687 te
602 3635 688 3706 cogat
716 3636 748 3689 ut
770 3628 850 3689 dicas
872 3629 1059 3689 haecomnia
1076 3630 1106 3688 11
1123 3646 1331 3709 unoquoque,
1356 3633 1385 3687 et
1406 3626 1486 3687 dieas
1508 3646 1596 3705 posse

297 3729 424 3788 inueniri
452 3730 523 3789 istas
550 3735 690 3809 quattuor
717 3749 766 3791 res
794 3732 825 3791 in
855 3730 1006 3800 omnibus,
1035 3730 1086 3791 sed
1116 3732 1256 3811 quoniam
1285 3748 1345 3790 uon
1375 3736 1498 3808 possunt
1520 3728 1596 3789 ultra

298 3838 439 3907 quattuor
468 3849 541 3892 esse.
587 3849 658 3911 ergo
686 3834 825 3912 quoniam
857 3830 987 3894 didicisti
1008 3834 1081 3894 istas
1103 3841 1242 3912 quattuor
1265 3838 1381 3911 partes
1404 3833 1482 3892 scire
1506 3830 1598 3892 debes

297 3934 366 4009 quia
388 3933 529 4012 quiequid
551 3942 671 4014 praeter
693 3934 745 3995 bas
768 3954 817 3995 res
840 3936 930 4012 luerit
951 3934 1160 4014 appellativum
1184 3942 1238 3995 est.

383 4035 495 4096 Deinde
516 4037 547 4095 in
569 4036 816 4116 responsionibus
837 4036 936 4097 callidi
959 4037 1104 4098 debemus
1127 4056 1202 4099 esse.
1247 4034 1422 4116 plerumque
1445 4043 1497 4095 aut
1520 4035 1633 4096 1111135

296 4138 514 4217 respondentes
540 4137 652 4198 iaciunt
680 4157 734 4198 nos
762 4139 861 4199 lacere
888 4136 1096 4199 soloecismum
1120 4146 1171 4201 aut
1191 4136 1268 4199 male
1289 4140 1520 4216 interrogantes.
1566 4146 1597 4197 ut

296 4247 384 4319 puta,
413 4242 490 4319 siqui
518 4240 597 4300 dicat
616 4240 786 4311 1111111111,
810 4243 853 4301 sio
877 4240 971 4301 debeo
995 4244 1195 4319 interrogare,
1218 4242 1261 4300 sic
1283 4240 1476 4320 respondere.
1502 4241 1598 4301 ‘ttri-

297 4361 388 4403 eanus
410 4361 486 4422 quae
507 4362 577 4421 pars
600 4344 780 4404 orationist’
803 4352 832 4403 et
854 4361 929 4421 puer
952 4342 1032 4403 dieat
1054 4344 1209 4403 ‘nomen'.
1244 4361 1300 4421 ego
1321 4344 1473 4422 interrogo
1496 4343 1597 4429 ‘quale

368 4600 514 4652 iordinem
532 4617 578 4654 om.
599 4600 633 4663 A,
653 4600 714 4652 add.
735 4615 752 4648 a
823 4598 857 4649 10
874 4614 934 4665 pars
953 4607 990 4648 est
1006 4600 1219 4666 propriiApars
1238 4602 1334 4667 proprii
1349 4600 1425 4651 nea
1498 4600 1530 4650 12
1547 4601 1596 4651 isla

296 4687 343 4722 om.
363 4669 396 4733 A,
414 4673 474 4727 add.
489 4690 506 4723 a
562 4671 594 4722 15
611 4678 743 4736 praeterea
761 4669 824 4719 illud
843 4670 909 4718 scire
922 4668 1000 4719 debes
1014 4671 1062 4720 Lu
1078 4677 1209 4736 praeterea
1223 4673 1289 4721 seire
1302 4672 1379 4721 debes
1397 4670 1450 4720 Ao
1465 4678 1597 4736 praeterea

297 4743 362 4791 seire
374 4743 497 4793 debemus
512 4742 538 4793 B
593 4742 625 4791 lo
644 4740 754 4790 inueniri
771 4739 841 4790 nea
858 4740 973 4789 inuenire
989 4740 1014 4787 A
1068 4742 1102 4792 26
1116 4740 1207 4791 dicitur
1225 4744 1326 4807 crispos
1344 4741 1428 4807 (corr.
1448 4742 1547 4805 crispus
1567 4742 1596 4803 u)

297 4812 384 4861 hebuit
399 4814 505 4877 capillos
522 4814 547 4861 A
636 4813 669 4862 27
690 4810 802 4860 obtorlos
815 4810 871 4859 AB
890 4818 914 4859 et
928 4810 1044 4861 tortosC
1109 4812 1223 4874 sortasse
1241 4823 1266 4862 et
1283 4814 1379 4878 aceepit
1398 4826 1526 4877 agnomen

296 4881 331 4935 30
350 4883 522 4931 irruenerimus
541 4884 584 4933 01
603 4882 777 4932 inueniremos
791 4880 817 4928 A
835 4882 1014 4930 irrueneremus
1035 4882 1057 4931 B
