3350 5442
311 322 374 387 ara
750 293 904 385 rourau
927 323 1162 384 couuuurvu

337 446 358 488 p.
373 436 417 474 uro.
429 437 455 474 so
471 432 490 472 t.

311 513 395 574 ribus
417 514 542 574 iacimus
564 513 642 572 hunc
666 519 794 593 tropum.
838 530 1003 572 sarcasmos
1030 510 1137 572 dicitur
1166 513 1260 572 ironia
1290 529 1356 572 cum
1384 511 1527 571 inrisione
1548 509 1593 568 ho·

215 628 218 634 '
311 616 382 678 stili:
407 617 528 676 omnino
550 613 607 674 lro'c
631 613 720 675 habet
741 632 915 675 sarcasmos.
961 613 1053 674 habes
1075 615 1106 673 iu
1129 613 1259 692 Vergilio

464 733 641 794 onagros
664 723 826 797 etquam
851 715 966 787 bello,
990 716 1167 785 Troiane,
1191 715 1345 795 petebas

463 820 683 899 Hesperiam
707 820 840 880 metire
862 819 1004 879 iacens:

311 922 433 984 insultat
456 923 498 991 ei,
528 921 579 982 sed
607 939 675 982 cum
703 938 817 982 summa
847 922 998 981 inrisione.
1044 922 1180 981 astismos
1211 919 1319 980 dicitur
1341 919 1493 981 urbanitas
1515 937 1612 999 quae-⁵

312 1025 379 1085 dam
401 1026 429 1084 in
454 1042 552 1085 seusu.
582 1023 674 1084 habes
697 1023 774 1103 apud
798 1022 971 1084 Ciceronem
994 1023 1244 1102 frequentissime,
1268 1020 1371 1083 ubiubi
1385 1025 1509 1091 iocatur,
1532 1023 1594 1080 ‘ius

313 1134 382 1188 tam
406 1119 561 1203 nequam
584 1143 665 1186 csse
687 1127 907 1186 verrinum'.
953 1123 1047 1186 habes
1068 1123 1146 1204 apud
1169 1124 1330 1202 Vergilium

465 1229 526 1303 qui
550 1227 698 1288 Bavium
723 1247 791 1288 non
816 1227 894 1288 odit
916 1234 1012 1288 amet
1035 1235 1094 1287 tua
1117 1227 1298 1296 carmina,
1321 1227 1446 1287 Maeui.

313 1329 385 1390 nihil
414 1331 544 1404 suavius,
579 1329 652 1389 nihil
683 1328 835 1390 urbanius,
867 1328 947 1389 ·duo
976 1328 1098 1389 luerunt
1124 1329 1245 1407 pessimi
1277 1335 1398 1408 poetae:
1437 1329 1521 1398 dicit,
1553 1329 1594 1404 qni

312 1435 401 1492 istum
431 1439 521 1502 amat,
550 1430 623 1492 illud
653 1451 707 1511 pro
735 1449 831 1510 poena
861 1432 1027 1507 contingat,
1066 1439 1098 1491 ut
1132 1439 1163 1490 et
1189 1428 1271 1490 illum
1300 1440 1392 1490 amet:
1434 1429 1489 1491 alia
1526 1431 1619 1490 enimn¹

312 1551 408 1612 poena
431 1533 474 1593 illi
497 1532 576 1593 nulla
600 1532 664 1592 talis
688 1535 752 1593 erit.
799 1541 828 1594 ct
850 1532 929 1594 aliud
953 1531 1032 1612 quod
1056 1533 1198 1612 sequitur,
1223 1531 1227 1614 l

465 1641 577 1712 atque
600 1634 694 1694 idem
717 1637 849 1713 iungat
870 1635 1001 1714 vulpes
1024 1641 1058 1694 ct
1079 1633 1244 1712 mulgeat
1265 1635 1401 1696 hircos

314 1745 344 1796 et
359 1738 479 1797 omnino
495 1736 633 1816 quicquid
650 1735 817 1798 urbanitate
840 1736 960 1814 plenum
984 1745 1029 1796 est
1050 1743 1080 1796 et
1101 1744 1183 1796 caret
1198 1737 1370 1805 rusticitate,
1395 1737 1529 1797 astismos
1547 1745 1591 1796 est

314 1838 481 1898 homoeosis
503 1839 625 1898 dicitur:
657 1845 686 1898 et
708 1840 766 1900 iste
789 1846 893 1918 tropus
920 1837 1068 1917 generalis
1098 1845 1155 1907 est,
1186 1836 1277 1898 hahet
1298 1841 1414 1918 species
1435 1847 1505 1899 tres.
1548 1838 1592 1897 lto·

314 1942 441 2000 moeosis
464 1947 508 2000 ost
530 1940 692 2001 similitudo
716 1940 875 2018 quaedam:
899 1941 951 2001 serl
974 1942 1048 2001 haec
1069 1939 1230 2001 similitudo
1246 1943 1277 2002 lit
1295 1949 1346 2002 aut
1360 1960 1376 2001 a
1392 1940 1483 2003 rebus
1497 1941 1593 2020 ignotis
1603 1958 1619 1992 u

313 2049 363 2103 aut
385 2061 400 2101 a
424 2040 513 2103 rebus
535 2043 717 2120 incongruis
742 2050 792 2103 aut
814 2061 829 2104 a
854 2041 945 2104 rebus
966 2041 1098 2122 paribus.

315 2179 507 2186 »ψῃ-..-

383 2243 460 2312 lieu]
492 2247 571 2310 Verp.
590 2248 654 2299 Aen.
674 2245 720 2295 Xll
738 2247 790 2298 359
859 2246 945 2313 liius]
969 2249 1058 2297 Cloio
1081 2249 1158 2296 Vm.
1176 2256 1227 2297 net.
1245 2264 1296 2301 aar.
1320 2248 1386 2311 tto,
1408 2249 1455 2298 lat
1524 2249 1591 2296 lne-

314 2314 399 2380 quam]
422 2332 511 2364 ueeum
528 2317 573 2368 CS
581 2319 603 2365 P
620 2327 703 2365 netum
725 2317 747 2365 B
817 2319 1016 2381 equinotium
1037 2317 1062 2365 B
1081 2319 1125 2380 qui
1145 2319 1247 2382 uapium
1265 2321 1304 2367 P:
1329 2321 1408 2383 Verg.
1428 2319 1507 2370 bucol.
1526 2318 1550 2371 3,
1563 2317 1592 2364 90

313 2383 594 2521 mionlfflaffiffpsslippa
609 2385 716 2437 BGSP
780 2387 812 2437 lo
828 2387 934 2453 paribus
952 2388 1007 2437 linit
1026 2386 1087 2436 liber
1104 2388 1206 2453 pompei
1222 2389 1381 2453 grammatici
1396 2387 1501 2437 feliciter
1517 2389 1540 2437 B
1556 2403 1591 2434 ex-
