3350 5442
718 1197 740 1280 I

485 1349 549 1422 EX
575 1349 715 1424 LIBRO
741 1349 968 1424 MAOROBII

162 1521 230 1615 llll
274 1509 710 1616 llllllllllllllll
754 1523 819 1614 ll
864 1521 1302 1616 deldldlllllb

77 1709 80 1714 ·
368 1687 571 1753 onnnor
599 1687 900 1769 unrrmqvn
928 1687 1089 1753 vnum

1064 2025 1086 2066 p.
1099 2013 1201 2054 ulti—29
1215 2013 1247 2055 cd.
1264 2013 1349 2055 l'ulscb.

43 2093 60 2132 ⁵
165 2085 295 2146 Graecae
319 2085 485 2164 latinaeque
509 2086 626 2162 linguae
642 2085 915 2147 coniunctissimam
930 2087 1135 2164 cognationem
1151 2095 1255 2147 natura
1278 2086 1370 2145 dedit.
1388 2092 1435 2140 187
1449 2091 1479 2138 v.

75 2207 148 2248 narn
176 2195 207 2248 et
234 2187 328 2248 isdem
354 2189 499 2248 orationis
521 2188 656 2267 partibus
679 2187 790 2267 absque
814 2187 949 2256 articulo,
978 2206 1067 2266 quern
1083 2187 1208 2248 Graecia
1230 2187 1291 2248 sola
1313 2205 1375 2248 sor·

75 2292 136 2350 tila
159 2296 214 2359 est,
237 2290 332 2350 isdem
348 2309 441 2369 paene
458 2289 715 2350 observationibus
732 2291 835 2366 liguris
852 2288 1124 2350 constructionibus
1140 2297 1264 2368 uterque
1279 2307 1377 2350 sermo

75 2392 290 2470 distinguitur,
308 2401 339 2452 ut
355 2392 568 2471 propemodum
595 2393 643 2472 qui
661 2394 806 2452 utramvis
828 2400 922 2453 artem
943 2392 1085 2453 didicerit
1106 2391 1207 2452 ambas
1224 2390 1228 2472 l
1251 2393 1376 2452 noverit.

76 2497 110 2554 in
140 2493 241 2555 multis
262 2500 360 2555 tamen
391 2494 532 2554 ditarunt
560 2503 589 2555 et
617 2493 761 2573 quasdam
788 2494 986 2573 proprietates
1013 2493 1137 2563 babent,
1167 2512 1241 2573 quae
1270 2511 1377 2571 graece

32 2607 61 2647 ιθ
78 2596 222 2658 idiomata
245 2604 396 2658 vocantur.

79 2797 128 2843 DE
152 2795 342 2844 vnussosvu
365 2795 561 2856 vustvsqu
583 2795 738 2844 ulnuvnn
767 2795 1013 2844 DIFFERENTIIS
1039 2796 1105 2843 VEL
1127 2794 1377 2843 socluraulssvs

167 2904 313 2965 Accidunt
346 2902 446 2964 verbis
467 2905 622 2983 utriusque
645 2902 761 2981 linguae
783 2921 909 2983 persona
932 2904 1049 2963 numeri
1072 2904 1165 2980 ligura
1188 2900 1376 2980 coniugatio!

80 3013 202 3085 tempus
224 3005 339 3075 modus,
362 3024 450 3084 quern
467 3005 572 3066 Graeci
589 3005 715 3066 enclisin
732 3016 846 3076 vocant,
869 3005 969 3067 Latini
984 3023 1051 3066 cum
1066 3005 1172 3065 lormis
1186 3006 1217 3064 in
1233 3004 1376 3084 qualitate

77 3115 255 3188 posuerunt,
277 3125 381 3185 genus
405 3107 483 3187 quod
507 3107 584 3187 apud
601 3107 729 3168 Graecos
744 3107 890 3168 diathesis
910 3114 1107 3187 nuncupatur.
1136 3106 1262 3166 eandem
1283 3123 1377 3185 paene

34 3226 150 3270 ascum
172 3208 291 3271 casibus
312 3211 565 3270 constructionem
587 3217 715 3280 servant,
738 3217 771 3272 ut
792 3212 940 3271 misereor
955 3209 1045 3280 illius,
1069 3227 1158 3289 parco
1174 3209 1227 3277 illi,
1251 3225 1377 3267 veneror

79 3312 173 3382 illum,
197 3309 363 3392 φροντίζω
385 3307 498 3390 τοῦδε,
522 3310 682 3392 πείθομαι
703 3309 800 3394 τῷδε,
823 3312 913 3392 φιλῶ
933 3307 1042 3373 τόνδε.
1074 3310 1233 3372 ablativum
1250 3310 1374 3370 Graecia

79 3433 140 3474 non
155 3416 274 3493 recipit.
304 3413 407 3474 eadem
423 3413 484 3475 illis
498 3433 692 3494 personarum
709 3413 887 3475 similitudo:
911 3417 1007 3493 prima
1032 3431 1110 3482 voco,
1127 3412 1255 3472 secunda
1280 3431 1374 3479 vocas,
1443 3446 1452 3456 ·

79 3519 169 3577 tertia
192 3523 285 3587 vocal,
314 3513 405 3577 καλῶ
428 3514 540 3587 καλεῖς
570 3516 677 3577 καλεῖ.
727 3519 757 3576 in
786 3517 920 3577 numeris
941 3534 1000 3576 una
1029 3515 1176 3575 dissensio
1205 3522 1265 3582 est,
1299 3513 1376 3593 quod

80 3613 217 3696 δυῑκόν,
241 3618 270 3678 id
294 3625 340 3678 cst
362 3618 496 3686 dualem,
527 3618 606 3678 nulla
630 3618 759 3680 latinitas
782 3618 912 3688 admisit,
936 3617 1041 3678 Graeci
1058 3635 1128 3677 vero
1151 3618 1182 3676 in
1204 3615 1303 3675 verbis
1325 3634 1377 3675 no·

35 3735 67 3772 2⁰
83 3719 275 3800 minibusquc
299 3715 400 3780 dvt'uol
423 3720 561 3780 ridentur
583 3719 705 3781 habere.

628 3903 674 3949 DE
697 3901 837 3952 provisis

166 4011 293 4088 Figurae
323 4009 467 4070 ambobus
495 4027 552 4069 non
581 4011 645 4070 sino
684 4009 865 4070 discretione
897 4028 995 4088 pares.
1046 4027 1100 4068 nos
1127 4008 1254 4070 dicimus
1286 4027 1376 4070 curro
1391 4021 1438 4071 148
1452 4020 1482 4074 t'.

82 4130 235 4192 percurro,
257 4111 300 4172 illi
323 4108 429 4192 τρέχω
451 4107 624 4191 decept—'xm
670 4119 809 4191 quattuor
837 4120 960 4192 'quoque
988 4111 1083 4171 modis
1111 4118 1141 4171 et
1169 4111 1242 4170 haec
1270 4119 1301 4173 et
1327 4112 1377 4172 illa

81 4223 299 4294 conponuntur,
324 4233 360 4274 ex
383 4214 499 4274 duobus
522 4215 649 4290 integris
671 4215 811 4293 produco,
836 4234 872 4274 ex
895 4217 1012 4292 integro
1035 4222 1065 4275 et
1086 4221 1227 4293 corrupto
1243 4215 1374 4292 perficio,

167 4406 193 4461 P
213 4407 307 4462 codex
328 4405 482 4460 Parisinus
505 4403 586 4460 7186

162 4509 186 4562 p
208 4493 291 4547 editio
312 4493 453 4562 princeps
477 4488 618 4562 Opsopoel
639 4507 666 4547 α.
690 4483 772 4547 1588

150 4723 257 4787 liquem
275 4739 293 4786 p
309 4724 398 4786 queP
467 4725 497 4775 il
518 4738 688 4774 trouvasoru.
710 4725 734 4773 P
788 4724 819 4775 13
838 4725 863 4773 in
883 4723 1004 4788 qualitate
1023 4739 1080 4774 exc.
1103 4723 1167 4777 Bob.
1188 4723 1334 4788 qualitatem
1354 4724 1378 4772 P

154 4795 185 4845 14
204 4795 285 4844 Latini
312 4795 417 4845 enrrdem
443 4808 523 4860 paene
542 4807 598 4844 cum
618 4793 720 4844 Graecis
747 4795 770 4843 in
794 4794 896 4845 casibus
920 4795 1132 4846 constructionem
1151 4804 1253 4844 servunt
1272 4797 1377 4846 coniecit

82 4867 227 4930 Opeopoeas
298 4866 331 4915 15
348 4861 434 4932 parco]
459 4877 535 4928 pareo
552 4879 569 4926 p
644 4863 674 4914 lb
690 4861 875 4930 φιλωντωνδε
894 4865 919 4913 P
