<?xml version="1.0" encoding="UTF-8"?>
<!DOCTYPE html PUBLIC "-//W3C//DTD XHTML 1.0 Transitional//EN"
    "http://www.w3.org/TR/xhtml1/DTD/xhtml1-transitional.dtd">
<html xmlns="http://www.w3.org/1999/xhtml" xml:lang="en" lang="en">
 <head>
  <title>
</title>
<meta http-equiv="Content-Type" content="text/html;charset=utf-8" />
  <meta name='ocr-system' content='tesseract 3.04.00' />
  <meta name='ocr-capabilities' content='ocr_page ocr_carea ocr_par ocr_line ocrx_word'/>
</head>
<body>
  <div class='ocr_page' id='page_1' title='image "./grammaticilatin02hagagoog_0032.png"; bbox 0 0 3350 5442; ppageno 0'>
   <div class='ocr_carea' id='block_1_1' title="bbox 701 301 1387 368">
    <p class='ocr_par' dir='ltr' id='par_1_1' title="bbox 701 301 1387 368">
     <span class='ocr_line' id='line_1_1' title="bbox 701 301 1387 368; baseline 0.001 -2"><span class='ocrx_word' id='word_1_1' title='bbox 701 301 771 366; x_wconf 83' lang='lat' dir='ltr'><strong>dllS</strong></span> <span class='ocrx_word' id='word_1_2' title='bbox 1346 304 1387 368; x_wconf 81' lang='lat'><strong>23</strong></span> 
     </span>
    </p>
   </div>
   <div class='ocr_carea' id='block_1_2' title="bbox 26 413 1502 4046">
    <p class='ocr_par' dir='ltr' id='par_1_2' title="bbox 26 413 1502 4046">
     <span class='ocr_line' id='line_1_2' title="bbox 1193 413 1361 468; baseline 0 -14"><span class='ocrx_word' id='word_1_3' title='bbox 1193 413 1361 468; x_wconf 63' lang='lat' dir='ltr'><strong>pwmn</strong></span> 
     </span>
     <span class='ocr_line' id='line_1_3' title="bbox 104 489 1502 572; baseline 0.001 -20"><span class='ocrx_word' id='word_1_4' title='bbox 104 491 142 552; x_wconf 88' lang='lat' dir='ltr'><strong>hie</strong></span> <span class='ocrx_word' id='word_1_5' title='bbox 160 497 277 569; x_wconf 90' lang='lat' dir='ltr'><strong>tempus</strong></span> <span class='ocrx_word' id='word_1_6' title='bbox 301 489 444 570; x_wconf 88' lang='lat' dir='ltr'><strong>designat.</strong></span> <span class='ocrx_word' id='word_1_7' title='bbox 472 525 507 536; x_wconf 92' lang='lat'>-</span> <span class='ocrx_word' id='word_1_8' title='bbox 531 491 671 554; x_wconf 83' lang='lat' dir='ltr'><strong>Tribus</strong></span> <span class='ocrx_word' id='word_1_9' title='bbox 693 493 916 572; x_wconf 85' lang='lat' dir='ltr'><strong>generibus,</strong></span> <span class='ocrx_word' id='word_1_10' title='bbox 945 493 1065 556; x_wconf 88' lang='lat' dir='ltr'><strong>utbie</strong></span> <span class='ocrx_word' id='word_1_11' title='bbox 1089 493 1239 556; x_wconf 89' lang='lat' dir='ltr'><strong>etbaec</strong></span> <span class='ocrx_word' id='word_1_12' title='bbox 1262 496 1502 564; x_wconf 66' lang='lat' dir='ltr'><strong>arthocaseus</strong></span> 
     </span>
     <span class='ocr_line' id='line_1_4' title="bbox 102 595 1385 678; baseline 0.006 -26"><span class='ocrx_word' id='word_1_13' title='bbox 102 595 230 670; x_wconf 86' lang='lat' dir='ltr'><strong>tegens:</strong></span> <span class='ocrx_word' id='word_1_14' title='bbox 252 595 414 674; x_wconf 87' lang='lat' dir='ltr'><strong>participia</strong></span> <span class='ocrx_word' id='word_1_15' title='bbox 436 597 534 656; x_wconf 90' lang='lat' dir='ltr'><strong>omnia</strong></span> <span class='ocrx_word' id='word_1_16' title='bbox 559 599 702 675; x_wconf 88' lang='lat' dir='ltr'><strong>temporis</strong></span> <span class='ocrx_word' id='word_1_17' title='bbox 724 599 907 678; x_wconf 89' lang='lat' dir='ltr'><strong>praesentis,</strong></span> <span class='ocrx_word' id='word_1_18' title='bbox 932 616 1007 677; x_wconf 91' lang='lat' dir='ltr'><strong>quae</strong></span> <span class='ocrx_word' id='word_1_19' title='bbox 1029 598 1152 658; x_wconf 87' lang='lat' dir='ltr'><strong>veniunt</strong></span> <span class='ocrx_word' id='word_1_20' title='bbox 1173 596 1210 657; x_wconf 89' lang='lat' dir='ltr'><strong>ab</strong></span> <span class='ocrx_word' id='word_1_21' title='bbox 1233 599 1333 660; x_wconf 81' lang='lat' dir='ltr'><strong>activis</strong></span> <span class='ocrx_word' id='word_1_22' title='bbox 1356 608 1385 660; x_wconf 87' lang='lat' dir='ltr'><strong>et</strong></span> 
     </span>
     <span class='ocr_line' id='line_1_5' title="bbox 102 694 1384 778; baseline 0.004 -22"><span class='ocrx_word' id='word_1_23' title='bbox 102 694 271 756; x_wconf 80' lang='lat' dir='ltr'><strong>neutralibus</strong></span> <span class='ocrx_word' id='word_1_24' title='bbox 294 694 394 757; x_wconf 84' lang='lat' dir='ltr'><strong>verbis</strong></span> <span class='ocrx_word' id='word_1_25' title='bbox 414 701 419 772; x_wconf 83' lang='grc' dir='ltr'>Ι</span> <span class='ocrx_word' id='word_1_26' title='bbox 439 696 483 757; x_wconf 87' lang='lat' dir='ltr'><strong>vel</strong></span> <span class='ocrx_word' id='word_1_27' title='bbox 506 717 522 758; x_wconf 91' lang='lat' dir='ltr'><strong>a</strong></span> <span class='ocrx_word' id='word_1_28' title='bbox 545 698 764 777; x_wconf 85' lang='lat' dir='ltr'><strong>deponentibus</strong></span> <span class='ocrx_word' id='word_1_29' title='bbox 779 700 826 760; x_wconf 92' lang='lat' dir='ltr'><strong>vel</strong></span> <span class='ocrx_word' id='word_1_30' title='bbox 849 718 865 760; x_wconf 91' lang='lat' dir='ltr'><strong>a</strong></span> <span class='ocrx_word' id='word_1_31' title='bbox 888 697 1107 770; x_wconf 85' lang='lat' dir='ltr'><strong>commonibus,</strong></span> <span class='ocrx_word' id='word_1_32' title='bbox 1130 717 1249 778; x_wconf 85' lang='lat' dir='ltr'><strong>semper</strong></span> <span class='ocrx_word' id='word_1_33' title='bbox 1264 703 1384 778; x_wconf 88' lang='lat' dir='ltr'><strong>generis</strong></span> 
     </span>
     <span class='ocr_line' id='line_1_6' title="bbox 100 799 1382 880; baseline 0.004 -22"><span class='ocrx_word' id='word_1_34' title='bbox 100 808 156 858; x_wconf 80' lang='lat' dir='ltr'><strong>sunt</strong></span> <span class='ocrx_word' id='word_1_35' title='bbox 181 799 289 859; x_wconf 89' lang='lat' dir='ltr'><strong>omnis.</strong></span> <span class='ocrx_word' id='word_1_36' title='bbox 334 801 489 880; x_wconf 86' lang='lat' dir='ltr'><strong>participia</strong></span> <span class='ocrx_word' id='word_1_37' title='bbox 518 819 636 879; x_wconf 85' lang='lat' dir='ltr'><strong>semper</strong></span> <span class='ocrx_word' id='word_1_38' title='bbox 664 803 755 862; x_wconf 91' lang='lat' dir='ltr'><strong>totius</strong></span> <span class='ocrx_word' id='word_1_39' title='bbox 782 803 902 880; x_wconf 77' lang='lat' dir='ltr'><strong>generis</strong></span> <span class='ocrx_word' id='word_1_40' title='bbox 930 800 1086 863; x_wconf 79' lang='lat' dir='ltr'><strong>ablativum</strong></span> <span class='ocrx_word' id='word_1_41' title='bbox 1110 800 1290 879; x_wconf 89' lang='lat' dir='ltr'><strong>singularem</strong></span> <span class='ocrx_word' id='word_1_42' title='bbox 1312 805 1342 862; x_wconf 92' lang='lat' dir='ltr'><strong>in</strong></span> <span class='ocrx_word' id='word_1_43' title='bbox 1367 822 1382 863; x_wconf 92' lang='lat' dir='ltr'><strong>e</strong></span> 
     </span>
     <span class='ocr_line' id='line_1_7' title="bbox 27 895 1436 989; baseline 0.004 -29"><span class='ocrx_word' id='word_1_44' title='bbox 27 972 28 989; x_wconf 13' lang='grc' dir='ltr'>χ</span> <span class='ocrx_word' id='word_1_45' title='bbox 81 901 211 961; x_wconf 72' lang='lat' dir='ltr'><strong>alitteram</strong></span> <span class='ocrx_word' id='word_1_46' title='bbox 227 901 361 962; x_wconf 87' lang='lat' dir='ltr'><strong>mittunt.</strong></span> <span class='ocrx_word' id='word_1_47' title='bbox 392 902 546 982; x_wconf 88' lang='lat' dir='ltr'><strong>participia</strong></span> <span class='ocrx_word' id='word_1_48' title='bbox 568 903 599 963; x_wconf 91' lang='lat' dir='ltr'><strong>in</strong></span> <span class='ocrx_word' id='word_1_49' title='bbox 622 921 655 962; x_wconf 89' lang='lat' dir='ltr'><strong>se</strong></span> <span class='ocrx_word' id='word_1_50' title='bbox 676 904 803 963; x_wconf 81' lang='lat' dir='ltr'><strong>invicem</strong></span> <span class='ocrx_word' id='word_1_51' title='bbox 825 905 865 965; x_wconf 89' lang='lat' dir='ltr'><strong>ita</strong></span> <span class='ocrx_word' id='word_1_52' title='bbox 887 910 1060 965; x_wconf 87' lang='lat' dir='ltr'><strong>recurrunt:</strong></span> <span class='ocrx_word' id='word_1_53' title='bbox 1084 905 1108 965; x_wconf 91' lang='lat' dir='ltr'><strong>si</strong></span> <span class='ocrx_word' id='word_1_54' title='bbox 1124 905 1280 983; x_wconf 89' lang='lat' dir='ltr'><strong>participio</strong></span> <span class='ocrx_word' id='word_1_55' title='bbox 1295 895 1381 984; x_wconf 84' lang='lat' dir='ltr'><strong>prae-</strong></span> <span class='ocrx_word' id='word_1_56' title='bbox 1430 951 1436 958; x_wconf 88' lang='lat'>.</span> 
     </span>
     <span class='ocr_line' id='line_1_8' title="bbox 26 990 1381 1085; baseline 0.003 -23"><span class='ocrx_word' id='word_1_57' title='bbox 26 990 27 1001; x_wconf 41' lang='lat'>¹</span> <span class='ocrx_word' id='word_1_58' title='bbox 98 1005 178 1063; x_wconf 89' lang='lat' dir='ltr'><strong>sentis</strong></span> <span class='ocrx_word' id='word_1_59' title='bbox 204 1005 353 1083; x_wconf 89' lang='lat' dir='ltr'><strong>temporis</strong></span> <span class='ocrx_word' id='word_1_60' title='bbox 381 1003 466 1065; x_wconf 90' lang='lat' dir='ltr'><strong>tollas</strong></span> <span class='ocrx_word' id='word_1_61' title='bbox 492 1023 508 1064; x_wconf 90' lang='lat' dir='ltr'><strong>s</strong></span> <span class='ocrx_word' id='word_1_62' title='bbox 535 1002 661 1066; x_wconf 89' lang='lat' dir='ltr'><strong>litteram</strong></span> <span class='ocrx_word' id='word_1_63' title='bbox 692 1012 722 1064; x_wconf 91' lang='lat' dir='ltr'><strong>et</strong></span> <span class='ocrx_word' id='word_1_64' title='bbox 749 1003 841 1066; x_wconf 88' lang='lat' dir='ltr'><strong>addas</strong></span> <span class='ocrx_word' id='word_1_65' title='bbox 869 1005 940 1075; x_wconf 91' lang='lat' dir='ltr'><strong>dus,</strong></span> <span class='ocrx_word' id='word_1_66' title='bbox 969 1006 1041 1066; x_wconf 87' lang='lat' dir='ltr'><strong>iacis</strong></span> <span class='ocrx_word' id='word_1_67' title='bbox 1067 1006 1199 1066; x_wconf 85' lang='lat' dir='ltr'><strong>loturum</strong></span> <span class='ocrx_word' id='word_1_68' title='bbox 1228 1013 1381 1085; x_wconf 88' lang='lat' dir='ltr'><strong>tempusa</strong></span> 
     </span>
     <span class='ocr_line' id='line_1_9' title="bbox 97 1105 1382 1186; baseline 0.004 -22"><span class='ocrx_word' id='word_1_69' title='bbox 97 1107 213 1185; x_wconf 80' lang='lat' dir='ltr'><strong>passivo,</strong></span> <span class='ocrx_word' id='word_1_70' title='bbox 237 1115 274 1166; x_wconf 91' lang='lat' dir='ltr'><strong>ut</strong></span> <span class='ocrx_word' id='word_1_71' title='bbox 296 1105 449 1167; x_wconf 88' lang='lat' dir='ltr'><strong>amandus.</strong></span> <span class='ocrx_word' id='word_1_72' title='bbox 480 1107 551 1167; x_wconf 88' lang='lat' dir='ltr'><strong>item</strong></span> <span class='ocrx_word' id='word_1_73' title='bbox 568 1107 592 1166; x_wconf 95' lang='lat' dir='ltr'><strong>si</strong></span> <span class='ocrx_word' id='word_1_74' title='bbox 609 1107 764 1186; x_wconf 92' lang='lat' dir='ltr'><strong>participio</strong></span> <span class='ocrx_word' id='word_1_75' title='bbox 786 1108 939 1185; x_wconf 89' lang='lat' dir='ltr'><strong>praeteriti</strong></span> <span class='ocrx_word' id='word_1_76' title='bbox 956 1107 1099 1185; x_wconf 91' lang='lat' dir='ltr'><strong>temporis</strong></span> <span class='ocrx_word' id='word_1_77' title='bbox 1121 1105 1157 1168; x_wconf 91' lang='lat' dir='ltr'><strong>ab</strong></span> <span class='ocrx_word' id='word_1_78' title='bbox 1181 1109 1275 1168; x_wconf 87' lang='lat' dir='ltr'><strong>activo</strong></span> <span class='ocrx_word' id='word_1_79' title='bbox 1297 1105 1382 1169; x_wconf 90' lang='lat' dir='ltr'><strong>tollas</strong></span> 
     </span>
     <span class='ocr_line' id='line_1_10' title="bbox 96 1206 1381 1288; baseline 0.002 -21"><span class='ocrx_word' id='word_1_80' title='bbox 96 1217 152 1267; x_wconf 84' lang='lat' dir='ltr'><strong>set</strong></span> <span class='ocrx_word' id='word_1_81' title='bbox 171 1206 265 1268; x_wconf 92' lang='lat' dir='ltr'><strong>addas</strong></span> <span class='ocrx_word' id='word_1_82' title='bbox 288 1227 356 1277; x_wconf 89' lang='lat' dir='ltr'><strong>rus,</strong></span> <span class='ocrx_word' id='word_1_83' title='bbox 380 1208 470 1268; x_wconf 83' lang='lat' dir='ltr'><strong>iacies</strong></span> <span class='ocrx_word' id='word_1_84' title='bbox 491 1208 679 1286; x_wconf 80' lang='lat' dir='ltr'><strong>participium</strong></span> <span class='ocrx_word' id='word_1_85' title='bbox 703 1207 794 1268; x_wconf 87' lang='lat' dir='ltr'><strong>loturi</strong></span> <span class='ocrx_word' id='word_1_86' title='bbox 816 1209 958 1288; x_wconf 90' lang='lat' dir='ltr'><strong>temporis</strong></span> <span class='ocrx_word' id='word_1_87' title='bbox 980 1207 1016 1270; x_wconf 94' lang='lat' dir='ltr'><strong>ab</strong></span> <span class='ocrx_word' id='word_1_88' title='bbox 1039 1209 1143 1278; x_wconf 91' lang='lat' dir='ltr'><strong>activo,</strong></span> <span class='ocrx_word' id='word_1_89' title='bbox 1167 1217 1199 1269; x_wconf 91' lang='lat' dir='ltr'><strong>ut</strong></span> <span class='ocrx_word' id='word_1_90' title='bbox 1221 1217 1381 1272; x_wconf 89' lang='lat' dir='ltr'><strong>amaturus.</strong></span> 
     </span>
     <span class='ocr_line' id='line_1_11' title="bbox 97 1309 1381 1392; baseline 0.001 -22"><span class='ocrx_word' id='word_1_91' title='bbox 97 1311 183 1370; x_wconf 89' lang='lat' dir='ltr'><strong>neutri</strong></span> <span class='ocrx_word' id='word_1_92' title='bbox 203 1309 342 1388; x_wconf 83' lang='lat' dir='ltr'><strong>regulam</strong></span> <span class='ocrx_word' id='word_1_93' title='bbox 364 1309 401 1370; x_wconf 93' lang='lat' dir='ltr'><strong>ab</strong></span> <span class='ocrx_word' id='word_1_94' title='bbox 430 1311 515 1372; x_wconf 87' lang='lat' dir='ltr'><strong>activi</strong></span> <span class='ocrx_word' id='word_1_95' title='bbox 542 1309 706 1388; x_wconf 84' lang='lat' dir='ltr'><strong>intellegis,</strong></span> <span class='ocrx_word' id='word_1_96' title='bbox 737 1313 804 1390; x_wconf 90' lang='lat' dir='ltr'><strong>quia</strong></span> <span class='ocrx_word' id='word_1_97' title='bbox 832 1312 926 1390; x_wconf 85' lang='lat' dir='ltr'><strong>ipsam</strong></span> <span class='ocrx_word' id='word_1_98' title='bbox 955 1313 1096 1390; x_wconf 86' lang='lat' dir='ltr'><strong>sequitur.</strong></span> <span class='ocrx_word' id='word_1_99' title='bbox 1143 1311 1295 1392; x_wconf 91' lang='lat' dir='ltr'><strong>deponens</strong></span> <span class='ocrx_word' id='word_1_100' title='bbox 1317 1330 1381 1372; x_wconf 90' lang='lat' dir='ltr'><strong>ver-</strong></span> 
     </span>
     <span class='ocr_line' id='line_1_12' title="bbox 70 1411 1428 1493; baseline 0 -21"><span class='ocrx_word' id='word_1_101' title='bbox 70 1413 155 1472; x_wconf 77' lang='lat' dir='ltr'><strong>1tbnm</strong></span> <span class='ocrx_word' id='word_1_102' title='bbox 180 1414 294 1492; x_wconf 82' lang='lat' dir='ltr'><strong>passivi</strong></span> <span class='ocrx_word' id='word_1_103' title='bbox 321 1411 454 1490; x_wconf 88' lang='lat' dir='ltr'><strong>regulam</strong></span> <span class='ocrx_word' id='word_1_104' title='bbox 485 1414 628 1492; x_wconf 89' lang='lat' dir='ltr'><strong>sequitur.</strong></span> <span class='ocrx_word' id='word_1_105' title='bbox 659 1446 694 1458; x_wconf 91' lang='lat'>-</span> <span class='ocrx_word' id='word_1_106' title='bbox 725 1413 904 1493; x_wconf 84' lang='lat' dir='ltr'><strong>Tempora</strong></span> <span class='ocrx_word' id='word_1_107' title='bbox 933 1415 1238 1493; x_wconf 85' lang='lat' dir='ltr'><strong>participiorum:</strong></span> <span class='ocrx_word' id='word_1_108' title='bbox 1262 1415 1428 1493; x_wconf 77' lang='lat' dir='ltr'><strong>pertici-22</strong></span> 
     </span>
     <span class='ocr_line' id='line_1_13' title="bbox 95 1512 1383 1595; baseline 0.001 -20"><span class='ocrx_word' id='word_1_109' title='bbox 95 1518 164 1594; x_wconf 90' lang='lat' dir='ltr'><strong>pium</strong></span> <span class='ocrx_word' id='word_1_110' title='bbox 185 1532 334 1595; x_wconf 85' lang='lat' dir='ltr'><strong>praesens</strong></span> <span class='ocrx_word' id='word_1_111' title='bbox 355 1517 387 1574; x_wconf 92' lang='lat' dir='ltr'><strong>in</strong></span> <span class='ocrx_word' id='word_1_112' title='bbox 410 1533 447 1575; x_wconf 91' lang='lat' dir='ltr'><strong>ns</strong></span> <span class='ocrx_word' id='word_1_113' title='bbox 468 1513 582 1575; x_wconf 85' lang='lat' dir='ltr'><strong>litteras</strong></span> <span class='ocrx_word' id='word_1_114' title='bbox 603 1533 723 1594; x_wconf 86' lang='lat' dir='ltr'><strong>semper</strong></span> <span class='ocrx_word' id='word_1_115' title='bbox 746 1516 922 1576; x_wconf 90' lang='lat' dir='ltr'><strong>terminatur</strong></span> <span class='ocrx_word' id='word_1_116' title='bbox 951 1512 987 1576; x_wconf 86' lang='lat' dir='ltr'><strong>ab</strong></span> <span class='ocrx_word' id='word_1_117' title='bbox 1017 1517 1098 1575; x_wconf 92' lang='lat' dir='ltr'><strong>omni</strong></span> <span class='ocrx_word' id='word_1_118' title='bbox 1127 1513 1219 1575; x_wconf 89' lang='lat' dir='ltr'><strong>verbo</strong></span> <span class='ocrx_word' id='word_1_119' title='bbox 1242 1515 1278 1576; x_wconf 92' lang='lat' dir='ltr'><strong>ab</strong></span> <span class='ocrx_word' id='word_1_120' title='bbox 1302 1517 1383 1576; x_wconf 92' lang='lat' dir='ltr'><strong>omni</strong></span> 
     </span>
     <span class='ocr_line' id='line_1_14' title="bbox 95 1614 1381 1697; baseline -0.002 -18"><span class='ocrx_word' id='word_1_121' title='bbox 95 1619 307 1696; x_wconf 83' lang='lat' dir='ltr'><strong>coniugatione,</strong></span> <span class='ocrx_word' id='word_1_122' title='bbox 337 1626 371 1677; x_wconf 90' lang='lat' dir='ltr'><strong>ut</strong></span> <span class='ocrx_word' id='word_1_123' title='bbox 399 1635 502 1677; x_wconf 91' lang='lat' dir='ltr'><strong>amans</strong></span> <span class='ocrx_word' id='word_1_124' title='bbox 530 1615 640 1677; x_wconf 89' lang='lat' dir='ltr'><strong>docens</strong></span> <span class='ocrx_word' id='word_1_125' title='bbox 662 1614 773 1695; x_wconf 89' lang='lat' dir='ltr'><strong>legens.</strong></span> <span class='ocrx_word' id='word_1_126' title='bbox 818 1619 1011 1697; x_wconf 87' lang='lat' dir='ltr'><strong>praeteritum</strong></span> <span class='ocrx_word' id='word_1_127' title='bbox 1034 1619 1222 1697; x_wconf 82' lang='lat' dir='ltr'><strong>participium</strong></span> <span class='ocrx_word' id='word_1_128' title='bbox 1245 1635 1281 1678; x_wconf 90' lang='lat' dir='ltr'><strong>us</strong></span> <span class='ocrx_word' id='word_1_129' title='bbox 1305 1635 1381 1678; x_wconf 90' lang='lat' dir='ltr'><strong>sem-</strong></span> 
     </span>
     <span class='ocr_line' id='line_1_15' title="bbox 94 1717 1380 1800; baseline -0.002 -19"><span class='ocrx_word' id='word_1_130' title='bbox 94 1739 140 1800; x_wconf 89' lang='lat' dir='ltr'><strong>per</strong></span> <span class='ocrx_word' id='word_1_131' title='bbox 158 1721 338 1782; x_wconf 90' lang='lat' dir='ltr'><strong>terminator</strong></span> <span class='ocrx_word' id='word_1_132' title='bbox 361 1726 391 1779; x_wconf 92' lang='lat' dir='ltr'><strong>et</strong></span> <span class='ocrx_word' id='word_1_133' title='bbox 414 1726 458 1780; x_wconf 90' lang='lat' dir='ltr'><strong>est</strong></span> <span class='ocrx_word' id='word_1_134' title='bbox 479 1720 598 1798; x_wconf 88' lang='lat' dir='ltr'><strong>generis</strong></span> <span class='ocrx_word' id='word_1_135' title='bbox 620 1718 792 1789; x_wconf 89' lang='lat' dir='ltr'><strong>masculini,</strong></span> <span class='ocrx_word' id='word_1_136' title='bbox 815 1726 849 1780; x_wconf 90' lang='lat' dir='ltr'><strong>ut</strong></span> <span class='ocrx_word' id='word_1_137' title='bbox 864 1719 969 1781; x_wconf 91' lang='lat' dir='ltr'><strong>doctus</strong></span> <span class='ocrx_word' id='word_1_138' title='bbox 985 1717 1218 1780; x_wconf 84' lang='lat' dir='ltr'><strong>amatuslectus.</strong></span> <span class='ocrx_word' id='word_1_139' title='bbox 1248 1719 1380 1781; x_wconf 85' lang='lat' dir='ltr'><strong>sutorum</strong></span> 
     </span>
     <span class='ocr_line' id='line_1_16' title="bbox 95 1819 1380 1904; baseline -0.002 -20"><span class='ocrx_word' id='word_1_140' title='bbox 95 1823 273 1904; x_wconf 89' lang='lat' dir='ltr'><strong>participium</strong></span> <span class='ocrx_word' id='word_1_141' title='bbox 293 1825 299 1896; x_wconf 92' lang='grc'>1</span> <span class='ocrx_word' id='word_1_142' title='bbox 317 1820 432 1882; x_wconf 93' lang='lat' dir='ltr'><strong>duabus</strong></span> <span class='ocrx_word' id='word_1_143' title='bbox 448 1819 561 1898; x_wconf 87' lang='lat' dir='ltr'><strong>regulis</strong></span> <span class='ocrx_word' id='word_1_144' title='bbox 575 1821 767 1891; x_wconf 90' lang='lat' dir='ltr'><strong>terminatur,</strong></span> <span class='ocrx_word' id='word_1_145' title='bbox 790 1832 824 1882; x_wconf 91' lang='lat' dir='ltr'><strong>ut</strong></span> <span class='ocrx_word' id='word_1_146' title='bbox 841 1819 956 1901; x_wconf 73' lang='lat' dir='ltr'><strong>ssegeus</strong></span> <span class='ocrx_word' id='word_1_147' title='bbox 972 1820 1116 1882; x_wconf 88' lang='lat' dir='ltr'><strong>lecturus:</strong></span> <span class='ocrx_word' id='word_1_148' title='bbox 1140 1823 1302 1900; x_wconf 91' lang='lat' dir='ltr'><strong>praeterito</strong></span> <span class='ocrx_word' id='word_1_149' title='bbox 1325 1829 1380 1896; x_wconf 78' lang='lat' dir='ltr'><strong>tua,</strong></span> 
     </span>
     <span class='ocr_line' id='line_1_17' title="bbox 69 1921 1427 2005; baseline -0.001 -20"><span class='ocrx_word' id='word_1_150' title='bbox 69 1935 123 1986; x_wconf 77' lang='lat' dir='ltr'><strong>¹⁵ut</strong></span> <span class='ocrx_word' id='word_1_151' title='bbox 141 1921 250 2005; x_wconf 89' lang='lat' dir='ltr'><strong>lectus]</strong></span> <span class='ocrx_word' id='word_1_152' title='bbox 275 1924 420 2002; x_wconf 88' lang='lat' dir='ltr'><strong>legendus</strong></span> <span class='ocrx_word' id='word_1_153' title='bbox 442 1923 583 1985; x_wconf 91' lang='lat' dir='ltr'><strong>lecturus.</strong></span> <span class='ocrx_word' id='word_1_154' title='bbox 607 1956 649 1967; x_wconf 96' lang='lat'>—</span> <span class='ocrx_word' id='word_1_155' title='bbox 670 1925 693 1984; x_wconf 76' lang='lat' dir='ltr'><strong>,l</strong></span> <span class='ocrx_word' id='word_1_156' title='bbox 717 1925 913 1985; x_wconf 91' lang='lat' dir='ltr'><strong>communi:</strong></span> <span class='ocrx_word' id='word_1_157' title='bbox 930 1923 1010 1984; x_wconf 83' lang='lat' dir='ltr'><strong>&#39;ideo</strong></span> <span class='ocrx_word' id='word_1_158' title='bbox 1034 1925 1099 2004; x_wconf 87' lang='lat' dir='ltr'><strong>quia</strong></span> <span class='ocrx_word' id='word_1_159' title='bbox 1123 1924 1207 1985; x_wconf 86' lang='lat' dir='ltr'><strong>activi</strong></span> <span class='ocrx_word' id='word_1_160' title='bbox 1232 1922 1290 1984; x_wconf 90' lang='lat' dir='ltr'><strong>duo</strong></span> <span class='ocrx_word' id='word_1_161' title='bbox 1313 1941 1380 2002; x_wconf 88' lang='lat' dir='ltr'><strong>par·</strong></span> <span class='ocrx_word' id='word_1_162' title='bbox 1394 1929 1427 1978; x_wconf 78' lang='lat'><strong>28</strong></span> 
     </span>
     <span class='ocr_line' id='line_1_18' title="bbox 95 2023 1381 2107; baseline -0.002 -21"><span class='ocrx_word' id='word_1_163' title='bbox 95 2028 183 2107; x_wconf 85' lang='lat' dir='ltr'><strong>ticipia</strong></span> <span class='ocrx_word' id='word_1_164' title='bbox 203 2033 292 2087; x_wconf 88' lang='lat' dir='ltr'><strong>tenet</strong></span> <span class='ocrx_word' id='word_1_165' title='bbox 313 2033 343 2086; x_wconf 94' lang='lat' dir='ltr'><strong>et</strong></span> <span class='ocrx_word' id='word_1_166' title='bbox 364 2026 424 2086; x_wconf 93' lang='lat' dir='ltr'><strong>duo</strong></span> <span class='ocrx_word' id='word_1_167' title='bbox 445 2027 567 2107; x_wconf 84' lang='lat' dir='ltr'><strong>passivi,</strong></span> <span class='ocrx_word' id='word_1_168' title='bbox 591 2033 749 2106; x_wconf 90' lang='lat' dir='ltr'><strong>propterea</strong></span> <span class='ocrx_word' id='word_1_169' title='bbox 772 2043 930 2086; x_wconf 88' lang='lat' dir='ltr'><strong>commune</strong></span> <span class='ocrx_word' id='word_1_170' title='bbox 953 2023 1074 2086; x_wconf 83' lang='lat' dir='ltr'><strong>verbnm</strong></span> <span class='ocrx_word' id='word_1_171' title='bbox 1098 2033 1239 2105; x_wconf 90' lang='lat' dir='ltr'><strong>quattuor</strong></span> <span class='ocrx_word' id='word_1_172' title='bbox 1261 2026 1381 2104; x_wconf 90' lang='lat' dir='ltr'><strong>partici-</strong></span> 
     </span>
     <span class='ocr_line' id='line_1_19' title="bbox 92 2127 1380 2209; baseline -0.001 -21"><span class='ocrx_word' id='word_1_173' title='bbox 92 2130 133 2207; x_wconf 87' lang='lat' dir='ltr'><strong>pia</strong></span> <span class='ocrx_word' id='word_1_174' title='bbox 152 2130 260 2208; x_wconf 85' lang='lat' dir='ltr'><strong>recipit</strong></span> <span class='ocrx_word' id='word_1_175' title='bbox 290 2127 370 2209; x_wconf 84' lang='lat' dir='ltr'><strong>[quia</strong></span> <span class='ocrx_word' id='word_1_176' title='bbox 401 2129 486 2189; x_wconf 91' lang='lat' dir='ltr'><strong>activi</strong></span> <span class='ocrx_word' id='word_1_177' title='bbox 513 2128 678 2207; x_wconf 86' lang='lat' dir='ltr'><strong>passivique</strong></span> <span class='ocrx_word' id='word_1_178' title='bbox 712 2127 959 2204; x_wconf 83' lang='lat' dir='ltr'><strong>significationem</strong></span> <span class='ocrx_word' id='word_1_179' title='bbox 988 2128 1186 2197; x_wconf 88' lang='lat' dir='ltr'><strong>demonstrat,</strong></span> <span class='ocrx_word' id='word_1_180' title='bbox 1221 2135 1380 2208; x_wconf 90' lang='lat' dir='ltr'><strong>propterea</strong></span> 
     </span>
     <span class='ocr_line' id='line_1_20' title="bbox 94 2226 1427 2310; baseline -0.001 -19"><span class='ocrx_word' id='word_1_181' title='bbox 94 2249 186 2292; x_wconf 88' lang='lat' dir='ltr'><strong>eorum</strong></span> <span class='ocrx_word' id='word_1_182' title='bbox 208 2229 283 2292; x_wconf 88' lang='lat' dir='ltr'><strong>bina</strong></span> <span class='ocrx_word' id='word_1_183' title='bbox 305 2226 485 2310; x_wconf 69' lang='lat' dir='ltr'><strong>participia}</strong></span> <span class='ocrx_word' id='word_1_184' title='bbox 507 2229 712 2290; x_wconf 90' lang='lat' dir='ltr'><strong>—Numeri</strong></span> <span class='ocrx_word' id='word_1_185' title='bbox 734 2230 1025 2308; x_wconf 87' lang='lat' dir='ltr'><strong>participiorum</strong></span> <span class='ocrx_word' id='word_1_186' title='bbox 1049 2237 1138 2310; x_wconf 91' lang='lat' dir='ltr'><strong>quot</strong></span> <span class='ocrx_word' id='word_1_187' title='bbox 1160 2229 1277 2291; x_wconf 79' lang='lat' dir='ltr'><strong>sonti:</strong></span> <span class='ocrx_word' id='word_1_188' title='bbox 1301 2235 1427 2290; x_wconf 85' lang='lat' dir='ltr'><strong>com-30</strong></span> 
     </span>
     <span class='ocr_line' id='line_1_21' title="bbox 93 2330 1425 2413; baseline -0.001 -20"><span class='ocrx_word' id='word_1_189' title='bbox 93 2335 179 2393; x_wconf 88' lang='lat' dir='ltr'><strong>munis</strong></span> <span class='ocrx_word' id='word_1_190' title='bbox 200 2352 346 2393; x_wconf 84' lang='lat' dir='ltr'><strong>uumerus</strong></span> <span class='ocrx_word' id='word_1_191' title='bbox 368 2334 399 2392; x_wconf 87' lang='lat' dir='ltr'><strong>in</strong></span> <span class='ocrx_word' id='word_1_192' title='bbox 421 2333 585 2413; x_wconf 89' lang='lat' dir='ltr'><strong>participiis</strong></span> <span class='ocrx_word' id='word_1_193' title='bbox 607 2349 767 2409; x_wconf 88' lang='lat' dir='ltr'><strong>numquam</strong></span> <span class='ocrx_word' id='word_1_194' title='bbox 790 2330 1033 2411; x_wconf 88' lang='lat' dir='ltr'><strong>deprehenditur.</strong></span> <span class='ocrx_word' id='word_1_195' title='bbox 1054 2367 1086 2379; x_wconf 84' lang='lat'>-</span> <span class='ocrx_word' id='word_1_196' title='bbox 1113 2333 1272 2410; x_wconf 84' lang='lat' dir='ltr'><strong>Figurae</strong></span> <span class='ocrx_word' id='word_1_197' title='bbox 1294 2349 1380 2412; x_wconf 92' lang='lat' dir='ltr'><strong>par·</strong></span> <span class='ocrx_word' id='word_1_198' title='bbox 1394 2335 1425 2384; x_wconf 80' lang='lat'><strong>³1</strong></span> 
     </span>
     <span class='ocr_line' id='line_1_22' title="bbox 64 2431 1413 2518; baseline -0.002 -23"><span class='ocrx_word' id='word_1_199' title='bbox 64 2437 307 2515; x_wconf 73' lang='lat' dir='ltr'><strong>arietpiornm</strong></span> <span class='ocrx_word' id='word_1_200' title='bbox 331 2443 419 2514; x_wconf 84' lang='lat' dir='ltr'><strong>quot</strong></span> <span class='ocrx_word' id='word_1_201' title='bbox 440 2435 545 2496; x_wconf 81' lang='lat' dir='ltr'><strong>sunt?</strong></span> <span class='ocrx_word' id='word_1_202' title='bbox 572 2433 679 2495; x_wconf 86' lang='lat' dir='ltr'><strong>duae:</strong></span> <span class='ocrx_word' id='word_1_203' title='bbox 714 2453 773 2513; x_wconf 89' lang='lat' dir='ltr'><strong>quo</strong></span> <span class='ocrx_word' id='word_1_204' title='bbox 803 2433 908 2495; x_wconf 89' lang='lat' dir='ltr'><strong>ordine</strong></span> <span class='ocrx_word' id='word_1_205' title='bbox 928 2431 941 2518; x_wconf 80' lang='grc' dir='ltr'><strong>ΙΙ</strong></span> <span class='ocrx_word' id='word_1_206' title='bbox 965 2435 1120 2514; x_wconf 89' lang='lat' dir='ltr'><strong>participia</strong></span> <span class='ocrx_word' id='word_1_207' title='bbox 1144 2435 1382 2514; x_wconf 84' lang='lat' dir='ltr'><strong>componuntur?</strong></span> <span class='ocrx_word' id='word_1_208' title='bbox 1410 2488 1413 2508; x_wconf 80' lang='grc'>,</span> 
     </span>
     <span class='ocr_line' id='line_1_23' title="bbox 93 2534 1425 2617; baseline -0.001 -20"><span class='ocrx_word' id='word_1_209' title='bbox 93 2557 143 2617; x_wconf 67' lang='lat' dir='ltr'><strong>elno</strong></span> <span class='ocrx_word' id='word_1_210' title='bbox 163 2545 194 2598; x_wconf 90' lang='lat' dir='ltr'><strong>et</strong></span> <span class='ocrx_word' id='word_1_211' title='bbox 214 2537 347 2599; x_wconf 88' lang='lat' dir='ltr'><strong>nomina.</strong></span> <span class='ocrx_word' id='word_1_212' title='bbox 374 2570 409 2582; x_wconf 90' lang='lat'>-</span> <span class='ocrx_word' id='word_1_213' title='bbox 436 2537 483 2598; x_wconf 85' lang='lat' dir='ltr'><strong>Da</strong></span> <span class='ocrx_word' id='word_1_214' title='bbox 506 2534 802 2597; x_wconf 89' lang='lat' dir='ltr'><strong>declinationem</strong></span> <span class='ocrx_word' id='word_1_215' title='bbox 830 2537 1028 2617; x_wconf 88' lang='lat' dir='ltr'><strong>participii</strong></span> <span class='ocrx_word' id='word_1_216' title='bbox 1055 2537 1270 2616; x_wconf 89' lang='lat' dir='ltr'><strong>praesentis</strong></span> <span class='ocrx_word' id='word_1_217' title='bbox 1291 2539 1425 2597; x_wconf 80' lang='lat' dir='ltr'><strong>tem-³2</strong></span> 
     </span>
     <span class='ocr_line' id='line_1_24' title="bbox 92 2637 1381 2720; baseline 0 -20"><span class='ocrx_word' id='word_1_218' title='bbox 92 2642 200 2718; x_wconf 91' lang='lat' dir='ltr'><strong>poris:</strong></span> <span class='ocrx_word' id='word_1_219' title='bbox 225 2640 387 2719; x_wconf 85' lang='lat' dir='ltr'><strong>participia</strong></span> <span class='ocrx_word' id='word_1_220' title='bbox 409 2657 485 2720; x_wconf 85' lang='lat' dir='ltr'><strong>quac·</strong></span> <span class='ocrx_word' id='word_1_221' title='bbox 507 2639 629 2700; x_wconf 86' lang='lat' dir='ltr'><strong>veniunt</strong></span> <span class='ocrx_word' id='word_1_222' title='bbox 650 2637 687 2698; x_wconf 90' lang='lat' dir='ltr'><strong>ab</strong></span> <span class='ocrx_word' id='word_1_223' title='bbox 710 2639 803 2699; x_wconf 85' lang='lat' dir='ltr'><strong>activo</strong></span> <span class='ocrx_word' id='word_1_224' title='bbox 819 2637 866 2698; x_wconf 88' lang='lat' dir='ltr'><strong>vel</strong></span> <span class='ocrx_word' id='word_1_225' title='bbox 881 2637 1009 2700; x_wconf 88' lang='lat' dir='ltr'><strong>neutrali</strong></span> <span class='ocrx_word' id='word_1_226' title='bbox 1024 2638 1113 2699; x_wconf 87' lang='lat' dir='ltr'><strong>verbo</strong></span> <span class='ocrx_word' id='word_1_227' title='bbox 1129 2656 1248 2718; x_wconf 89' lang='lat' dir='ltr'><strong>semper</strong></span> <span class='ocrx_word' id='word_1_228' title='bbox 1262 2640 1381 2716; x_wconf 89' lang='lat' dir='ltr'><strong>generis</strong></span> 
     </span>
     <span class='ocr_line' id='line_1_25' title="bbox 92 2740 1425 2821; baseline 0.001 -20"><span class='ocrx_word' id='word_1_229' title='bbox 92 2749 152 2802; x_wconf 88' lang='lat' dir='ltr'><strong>sunt</strong></span> <span class='ocrx_word' id='word_1_230' title='bbox 177 2743 288 2804; x_wconf 89' lang='lat' dir='ltr'><strong>omnis.</strong></span> <span class='ocrx_word' id='word_1_231' title='bbox 320 2776 354 2785; x_wconf 92' lang='lat'>—</span> <span class='ocrx_word' id='word_1_232' title='bbox 386 2743 409 2803; x_wconf 78' lang='grc' dir='ltr'><strong>Α</strong></span> <span class='ocrx_word' id='word_1_233' title='bbox 437 2740 550 2802; x_wconf 87' lang='lat' dir='ltr'><strong>verbo</strong></span> <span class='ocrx_word' id='word_1_234' title='bbox 584 2741 706 2801; x_wconf 81' lang='lat' dir='ltr'><strong>activo</strong></span> <span class='ocrx_word' id='word_1_235' title='bbox 739 2742 920 2819; x_wconf 89' lang='lat' dir='ltr'><strong>temporis</strong></span> <span class='ocrx_word' id='word_1_236' title='bbox 953 2743 1186 2820; x_wconf 88' lang='lat' dir='ltr'><strong>praesentis:</strong></span> <span class='ocrx_word' id='word_1_237' title='bbox 1224 2742 1425 2821; x_wconf 84' lang='lat' dir='ltr'><strong>participia³3</strong></span> 
     </span>
     <span class='ocr_line' id='line_1_26' title="bbox 92 2841 1379 2924; baseline 0 -20"><span class='ocrx_word' id='word_1_238' title='bbox 92 2846 139 2905; x_wconf 85' lang='lat' dir='ltr'><strong>ista</strong></span> <span class='ocrx_word' id='word_1_239' title='bbox 159 2846 328 2924; x_wconf 88' lang='lat' dir='ltr'><strong>praesentis</strong></span> <span class='ocrx_word' id='word_1_240' title='bbox 352 2846 494 2924; x_wconf 84' lang='lat' dir='ltr'><strong>temporis</strong></span> <span class='ocrx_word' id='word_1_241' title='bbox 516 2861 635 2924; x_wconf 90' lang='lat' dir='ltr'><strong>semper</strong></span> <span class='ocrx_word' id='word_1_242' title='bbox 657 2845 763 2904; x_wconf 90' lang='lat' dir='ltr'><strong>tertiae</strong></span> <span class='ocrx_word' id='word_1_243' title='bbox 784 2848 855 2904; x_wconf 90' lang='lat' dir='ltr'><strong>sunt</strong></span> <span class='ocrx_word' id='word_1_244' title='bbox 881 2842 1095 2904; x_wconf 87' lang='lat' dir='ltr'><strong>declinationis.</strong></span> <span class='ocrx_word' id='word_1_245' title='bbox 1125 2843 1250 2904; x_wconf 86' lang='lat' dir='ltr'><strong>ethaeo</strong></span> <span class='ocrx_word' id='word_1_246' title='bbox 1274 2851 1303 2904; x_wconf 89' lang='lat' dir='ltr'><strong>et</strong></span> <span class='ocrx_word' id='word_1_247' title='bbox 1324 2841 1379 2905; x_wconf 88' lang='lat' dir='ltr'><strong>alia</strong></span> 
     </span>
     <span class='ocr_line' id='line_1_27' title="bbox 64 2941 1480 3028; baseline 0.004 -22"><span class='ocrx_word' id='word_1_248' title='bbox 64 2946 187 3008; x_wconf 62' lang='lat' dir='ltr'><strong>:astuitia</strong></span> <span class='ocrx_word' id='word_1_249' title='bbox 217 2949 303 3008; x_wconf 81' lang='lat' dir='ltr'><strong>iuxta</strong></span> <span class='ocrx_word' id='word_1_250' title='bbox 329 2949 416 3007; x_wconf 88' lang='lat' dir='ltr'><strong>istam</strong></span> <span class='ocrx_word' id='word_1_251' title='bbox 444 2944 671 3008; x_wconf 87' lang='lat' dir='ltr'><strong>declinationem</strong></span> <span class='ocrx_word' id='word_1_252' title='bbox 700 2941 921 3028; x_wconf 63' lang='lat' dir='ltr'><strong>immolemus}</strong></span> <span class='ocrx_word' id='word_1_253' title='bbox 951 2980 989 2989; x_wconf 92' lang='lat'>—</span> <span class='ocrx_word' id='word_1_254' title='bbox 1020 2944 1070 3005; x_wconf 82' lang='lat' dir='ltr'><strong>Ab</strong></span> <span class='ocrx_word' id='word_1_255' title='bbox 1097 2945 1165 3007; x_wconf 94' lang='lat' dir='ltr'><strong>boc</strong></span> <span class='ocrx_word' id='word_1_256' title='bbox 1189 2954 1224 3006; x_wconf 88' lang='lat' dir='ltr'><strong>et</strong></span> <span class='ocrx_word' id='word_1_257' title='bbox 1247 2945 1291 3006; x_wconf 91' lang='lat' dir='ltr'><strong>ab</strong></span> <span class='ocrx_word' id='word_1_258' title='bbox 1314 2946 1480 3011; x_wconf 68' lang='lat' dir='ltr'><strong>nacarat</strong></span> 
     </span>
     <span class='ocr_line' id='line_1_28' title="bbox 93 3047 1378 3128; baseline 0.001 -21"><span class='ocrx_word' id='word_1_259' title='bbox 93 3055 124 3107; x_wconf 89' lang='lat' dir='ltr'><strong>et</strong></span> <span class='ocrx_word' id='word_1_260' title='bbox 146 3047 188 3111; x_wconf 89' lang='lat' dir='ltr'><strong>ab</strong></span> <span class='ocrx_word' id='word_1_261' title='bbox 216 3048 290 3109; x_wconf 91' lang='lat' dir='ltr'><strong>boc</strong></span> <span class='ocrx_word' id='word_1_262' title='bbox 317 3047 486 3128; x_wconf 86' lang='lat' dir='ltr'><strong>legente:</strong></span> <span class='ocrx_word' id='word_1_263' title='bbox 524 3067 642 3127; x_wconf 89' lang='lat' dir='ltr'><strong>semper</strong></span> <span class='ocrx_word' id='word_1_264' title='bbox 675 3047 831 3127; x_wconf 89' lang='lat' dir='ltr'><strong>participia</strong></span> <span class='ocrx_word' id='word_1_265' title='bbox 858 3048 1025 3127; x_wconf 89' lang='lat' dir='ltr'><strong>praesentis</strong></span> <span class='ocrx_word' id='word_1_266' title='bbox 1051 3049 1194 3128; x_wconf 89' lang='lat' dir='ltr'><strong>temporis</strong></span> <span class='ocrx_word' id='word_1_267' title='bbox 1222 3047 1378 3109; x_wconf 82' lang='lat' dir='ltr'><strong>ablativum</strong></span> 
     </span>
     <span class='ocr_line' id='line_1_29' title="bbox 92 3147 1378 3229; baseline -0.001 -19"><span class='ocrx_word' id='word_1_268' title='bbox 92 3149 266 3229; x_wconf 79' lang='lat' dir='ltr'><strong>singrdarem</strong></span> <span class='ocrx_word' id='word_1_269' title='bbox 293 3152 324 3211; x_wconf 92' lang='lat' dir='ltr'><strong>in</strong></span> <span class='ocrx_word' id='word_1_270' title='bbox 352 3169 370 3211; x_wconf 90' lang='lat' dir='ltr'><strong>e</strong></span> <span class='ocrx_word' id='word_1_271' title='bbox 397 3148 526 3212; x_wconf 89' lang='lat' dir='ltr'><strong>litteram</strong></span> <span class='ocrx_word' id='word_1_272' title='bbox 552 3151 688 3219; x_wconf 89' lang='lat' dir='ltr'><strong>mittunt,</strong></span> <span class='ocrx_word' id='word_1_273' title='bbox 716 3149 786 3210; x_wconf 89' lang='lat' dir='ltr'><strong>licet</strong></span> <span class='ocrx_word' id='word_1_274' title='bbox 813 3151 981 3228; x_wconf 82' lang='lat' dir='ltr'><strong>genetivum</strong></span> <span class='ocrx_word' id='word_1_275' title='bbox 1004 3147 1149 3229; x_wconf 86' lang='lat' dir='ltr'><strong>pluralem</strong></span> <span class='ocrx_word' id='word_1_276' title='bbox 1172 3151 1203 3210; x_wconf 93' lang='lat' dir='ltr'><strong>in</strong></span> <span class='ocrx_word' id='word_1_277' title='bbox 1225 3151 1287 3211; x_wconf 90' lang='lat' dir='ltr'><strong>ium</strong></span> <span class='ocrx_word' id='word_1_278' title='bbox 1310 3152 1378 3211; x_wconf 92' lang='lat' dir='ltr'><strong>mit·</strong></span> 
     </span>
     <span class='ocr_line' id='line_1_30' title="bbox 93 3251 1408 3332; baseline 0.002 -22"><span class='ocrx_word' id='word_1_279' title='bbox 93 3259 157 3311; x_wconf 89' lang='lat' dir='ltr'><strong>tunt.</strong></span> <span class='ocrx_word' id='word_1_280' title='bbox 184 3288 218 3297; x_wconf 92' lang='lat'>—</span> <span class='ocrx_word' id='word_1_281' title='bbox 245 3254 271 3312; x_wconf 82' lang='grc' dir='ltr'><strong>Α</strong></span> <span class='ocrx_word' id='word_1_282' title='bbox 293 3251 409 3313; x_wconf 84' lang='lat' dir='ltr'><strong>verbo</strong></span> <span class='ocrx_word' id='word_1_283' title='bbox 431 3253 552 3313; x_wconf 90' lang='lat' dir='ltr'><strong>activo</strong></span> <span class='ocrx_word' id='word_1_284' title='bbox 575 3253 754 3332; x_wconf 88' lang='lat' dir='ltr'><strong>temporis</strong></span> <span class='ocrx_word' id='word_1_285' title='bbox 775 3252 908 3312; x_wconf 81' lang='lat' dir='ltr'><strong>futuri:</strong></span> <span class='ocrx_word' id='word_1_286' title='bbox 937 3253 1093 3330; x_wconf 90' lang='lat' dir='ltr'><strong>participia</strong></span> <span class='ocrx_word' id='word_1_287' title='bbox 1115 3254 1170 3314; x_wconf 90' lang='lat' dir='ltr'><strong>ista</strong></span> <span class='ocrx_word' id='word_1_288' title='bbox 1192 3252 1284 3313; x_wconf 79' lang='lat' dir='ltr'><strong>futuri</strong></span> <span class='ocrx_word' id='word_1_289' title='bbox 1306 3257 1408 3312; x_wconf 82' lang='lat' dir='ltr'><strong>tem-⁷</strong></span> 
     </span>
     <span class='ocr_line' id='line_1_31' title="bbox 93 3352 1378 3432; baseline 0 -18"><span class='ocrx_word' id='word_1_290' title='bbox 93 3357 164 3432; x_wconf 87' lang='lat' dir='ltr'><strong>poris</strong></span> <span class='ocrx_word' id='word_1_291' title='bbox 190 3354 229 3416; x_wconf 92' lang='lat' dir='ltr'><strong>ab</strong></span> <span class='ocrx_word' id='word_1_292' title='bbox 260 3356 355 3414; x_wconf 82' lang='lat' dir='ltr'><strong>activo</strong></span> <span class='ocrx_word' id='word_1_293' title='bbox 385 3354 580 3415; x_wconf 88' lang='lat' dir='ltr'><strong>masculinum</strong></span> <span class='ocrx_word' id='word_1_294' title='bbox 610 3363 639 3414; x_wconf 89' lang='lat' dir='ltr'><strong>et</strong></span> <span class='ocrx_word' id='word_1_295' title='bbox 667 3361 807 3414; x_wconf 90' lang='lat' dir='ltr'><strong>neutrum</strong></span> <span class='ocrx_word' id='word_1_296' title='bbox 835 3352 983 3414; x_wconf 87' lang='lat' dir='ltr'><strong>secundae</strong></span> <span class='ocrx_word' id='word_1_297' title='bbox 1018 3352 1224 3415; x_wconf 88' lang='lat' dir='ltr'><strong>declinationis</strong></span> <span class='ocrx_word' id='word_1_298' title='bbox 1258 3352 1378 3424; x_wconf 88' lang='lat' dir='ltr'><strong>habent,</strong></span> 
     </span>
     <span class='ocr_line' id='line_1_32' title="bbox 64 3453 1379 3536; baseline 0.002 -23"><span class='ocrx_word' id='word_1_299' title='bbox 64 3471 83 3505; x_wconf 79' lang='lat' dir='ltr'><strong>n</strong></span> <span class='ocrx_word' id='word_1_300' title='bbox 93 3457 260 3518; x_wconf 78' lang='lat' dir='ltr'><strong>femininum</strong></span> <span class='ocrx_word' id='word_1_301' title='bbox 276 3458 401 3536; x_wconf 89' lang='lat' dir='ltr'><strong>primae.</strong></span> <span class='ocrx_word' id='word_1_302' title='bbox 432 3456 506 3518; x_wconf 89' lang='lat' dir='ltr'><strong>hacc</strong></span> <span class='ocrx_word' id='word_1_303' title='bbox 522 3464 552 3516; x_wconf 90' lang='lat' dir='ltr'><strong>ct</strong></span> <span class='ocrx_word' id='word_1_304' title='bbox 567 3454 621 3518; x_wconf 90' lang='lat' dir='ltr'><strong>alia</strong></span> <span class='ocrx_word' id='word_1_305' title='bbox 636 3455 743 3516; x_wconf 91' lang='lat' dir='ltr'><strong>similia</strong></span> <span class='ocrx_word' id='word_1_306' title='bbox 759 3457 839 3516; x_wconf 80' lang='lat' dir='ltr'><strong>iuxta</strong></span> <span class='ocrx_word' id='word_1_307' title='bbox 864 3453 938 3516; x_wconf 80' lang='lat' dir='ltr'><strong>barac</strong></span> <span class='ocrx_word' id='word_1_308' title='bbox 954 3455 1180 3517; x_wconf 89' lang='lat' dir='ltr'><strong>declinationem</strong></span> <span class='ocrx_word' id='word_1_309' title='bbox 1202 3455 1379 3516; x_wconf 87' lang='lat' dir='ltr'><strong>inflectenda</strong></span> 
     </span>
     <span class='ocr_line' id='line_1_33' title="bbox 92 3545 1424 3638; baseline 0 -21"><span class='ocrx_word' id='word_1_310' title='bbox 92 3566 160 3618; x_wconf 86' lang='lat' dir='ltr'><strong>sunt</strong></span> <span class='ocrx_word' id='word_1_311' title='bbox 187 3593 222 3602; x_wconf 91' lang='lat'>—</span> <span class='ocrx_word' id='word_1_312' title='bbox 248 3561 273 3618; x_wconf 77' lang='grc' dir='ltr'>Α</span> <span class='ocrx_word' id='word_1_313' title='bbox 296 3557 411 3619; x_wconf 82' lang='lat' dir='ltr'><strong>verbo</strong></span> <span class='ocrx_word' id='word_1_314' title='bbox 431 3562 586 3635; x_wconf 78' lang='lat' dir='ltr'><strong>passivo</strong></span> <span class='ocrx_word' id='word_1_315' title='bbox 607 3560 789 3638; x_wconf 89' lang='lat' dir='ltr'><strong>temporis</strong></span> <span class='ocrx_word' id='word_1_316' title='bbox 812 3559 1030 3638; x_wconf 89' lang='lat' dir='ltr'><strong>praeteriti:</strong></span> <span class='ocrx_word' id='word_1_317' title='bbox 1054 3559 1207 3638; x_wconf 87' lang='lat' dir='ltr'><strong>participia</strong></span> <span class='ocrx_word' id='word_1_318' title='bbox 1223 3545 1378 3637; x_wconf 78' lang='lat' dir='ltr'><strong>istaprae-</strong></span> <span class='ocrx_word' id='word_1_319' title='bbox 1394 3561 1424 3610; x_wconf 84' lang='lat'><strong>15</strong></span> 
     </span>
     <span class='ocr_line' id='line_1_34' title="bbox 92 3658 1376 3740; baseline 0.002 -23"><span class='ocrx_word' id='word_1_320' title='bbox 92 3661 160 3720; x_wconf 90' lang='lat' dir='ltr'><strong>teriti</strong></span> <span class='ocrx_word' id='word_1_321' title='bbox 188 3661 335 3740; x_wconf 87' lang='lat' dir='ltr'><strong>temporis</strong></span> <span class='ocrx_word' id='word_1_322' title='bbox 364 3680 379 3720; x_wconf 89' lang='lat' dir='ltr'><strong>a</strong></span> <span class='ocrx_word' id='word_1_323' title='bbox 409 3661 524 3740; x_wconf 84' lang='lat' dir='ltr'><strong>passivo</strong></span> <span class='ocrx_word' id='word_1_324' title='bbox 547 3658 600 3720; x_wconf 90' lang='lat' dir='ltr'><strong>bas</strong></span> <span class='ocrx_word' id='word_1_325' title='bbox 623 3658 835 3721; x_wconf 87' lang='lat' dir='ltr'><strong>declinationes</strong></span> <span class='ocrx_word' id='word_1_326' title='bbox 858 3659 982 3730; x_wconf 89' lang='lat' dir='ltr'><strong>babent,</strong></span> <span class='ocrx_word' id='word_1_327' title='bbox 1007 3678 1078 3740; x_wconf 89' lang='lat' dir='ltr'><strong>quas</strong></span> <span class='ocrx_word' id='word_1_328' title='bbox 1101 3659 1192 3720; x_wconf 82' lang='lat' dir='ltr'><strong>futuri</strong></span> <span class='ocrx_word' id='word_1_329' title='bbox 1214 3658 1251 3720; x_wconf 90' lang='lat' dir='ltr'><strong>ab</strong></span> <span class='ocrx_word' id='word_1_330' title='bbox 1274 3661 1376 3721; x_wconf 87' lang='lat' dir='ltr'><strong>activo.</strong></span> 
     </span>
     <span class='ocr_line' id='line_1_35' title="bbox 94 3760 1375 3842; baseline 0 -20"><span class='ocrx_word' id='word_1_331' title='bbox 94 3795 126 3803; x_wconf 96' lang='lat'><em>-</em></span> <span class='ocrx_word' id='word_1_332' title='bbox 145 3761 355 3842; x_wconf 88' lang='lat' dir='ltr'><strong>Participia</strong></span> <span class='ocrx_word' id='word_1_333' title='bbox 370 3763 561 3822; x_wconf 89' lang='lat' dir='ltr'><strong>venientia</strong></span> <span class='ocrx_word' id='word_1_334' title='bbox 577 3781 593 3822; x_wconf 92' lang='lat' dir='ltr'><strong>a</strong></span> <span class='ocrx_word' id='word_1_335' title='bbox 609 3760 723 3822; x_wconf 88' lang='lat' dir='ltr'><strong>verbo</strong></span> <span class='ocrx_word' id='word_1_336' title='bbox 738 3763 888 3841; x_wconf 88' lang='lat' dir='ltr'><strong>passivo</strong></span> <span class='ocrx_word' id='word_1_337' title='bbox 904 3760 1015 3823; x_wconf 89' lang='lat' dir='ltr'><strong>similes</strong></span> <span class='ocrx_word' id='word_1_338' title='bbox 1030 3761 1241 3823; x_wconf 88' lang='lat' dir='ltr'><strong>declinationes</strong></span> <span class='ocrx_word' id='word_1_339' title='bbox 1256 3761 1375 3824; x_wconf 93' lang='lat' dir='ltr'><strong>habent.</strong></span> 
     </span>
     <span class='ocr_line' id='line_1_36' title="bbox 92 3861 1378 3944; baseline 0.003 -22"><span class='ocrx_word' id='word_1_340' title='bbox 92 3861 155 3924; x_wconf 88' lang='lat' dir='ltr'><strong>baec</strong></span> <span class='ocrx_word' id='word_1_341' title='bbox 176 3865 333 3944; x_wconf 89' lang='lat' dir='ltr'><strong>praeteriti</strong></span> <span class='ocrx_word' id='word_1_342' title='bbox 356 3865 499 3943; x_wconf 85' lang='lat' dir='ltr'><strong>tenrporis</strong></span> <span class='ocrx_word' id='word_1_343' title='bbox 521 3865 669 3925; x_wconf 89' lang='lat' dir='ltr'><strong>secundae</strong></span> <span class='ocrx_word' id='word_1_344' title='bbox 696 3863 903 3925; x_wconf 90' lang='lat' dir='ltr'><strong>declinationis</strong></span> <span class='ocrx_word' id='word_1_345' title='bbox 925 3865 1046 3926; x_wconf 92' lang='lat' dir='ltr'><strong>suntin</strong></span> <span class='ocrx_word' id='word_1_346' title='bbox 1070 3864 1232 3925; x_wconf 87' lang='lat' dir='ltr'><strong>masculino</strong></span> <span class='ocrx_word' id='word_1_347' title='bbox 1255 3872 1285 3926; x_wconf 86' lang='lat' dir='ltr'><strong>et</strong></span> <span class='ocrx_word' id='word_1_348' title='bbox 1306 3883 1378 3926; x_wconf 88' lang='lat' dir='ltr'><strong>neu·</strong></span> 
     </span>
     <span class='ocr_line' id='line_1_37' title="bbox 65 3967 505 4046; baseline 0.005 -22"><span class='ocrx_word' id='word_1_349' title='bbox 65 3973 140 4036; x_wconf 72' lang='lat' dir='ltr'><strong>auo,</strong></span> <span class='ocrx_word' id='word_1_350' title='bbox 162 3969 192 4028; x_wconf 94' lang='lat' dir='ltr'><strong>in</strong></span> <span class='ocrx_word' id='word_1_351' title='bbox 215 3967 360 4029; x_wconf 75' lang='lat' dir='ltr'><strong>feminino</strong></span> <span class='ocrx_word' id='word_1_352' title='bbox 383 3969 505 4046; x_wconf 87' lang='lat' dir='ltr'><strong>primae.</strong></span> 
     </span>
    </p>
   </div>
   <div class='ocr_carea' id='block_1_3' title="bbox 91 4205 1379 4484">
    <p class='ocr_par' dir='ltr' id='par_1_3' title="bbox 91 4205 1379 4484">
     <span class='ocr_line' id='line_1_38' title="bbox 151 4205 1379 4271; baseline -0.002 -13"><span class='ocrx_word' id='word_1_353' title='bbox 151 4207 212 4258; x_wconf 77' lang='lat' dir='ltr'><strong>eod.</strong></span> <span class='ocrx_word' id='word_1_354' title='bbox 232 4207 315 4258; x_wconf 82' lang='lat' dir='ltr'><strong>Bem.</strong></span> <span class='ocrx_word' id='word_1_355' title='bbox 333 4205 497 4256; x_wconf 57' lang='lat' dir='ltr'><strong>lieth-tv</strong></span> <span class='ocrx_word' id='word_1_356' title='bbox 518 4207 541 4256; x_wconf 93' lang='lat' dir='ltr'><strong>l.</strong></span> <span class='ocrx_word' id='word_1_357' title='bbox 612 4207 775 4268; x_wconf 78' lang='lat' dir='ltr'><strong>bpraesenti</strong></span> <span class='ocrx_word' id='word_1_358' title='bbox 792 4208 916 4271; x_wconf 85' lang='lat' dir='ltr'><strong>temporis</strong></span> <span class='ocrx_word' id='word_1_359' title='bbox 987 4206 1131 4258; x_wconf 73' lang='lat' dir='ltr'><strong>delitiose</strong></span> <span class='ocrx_word' id='word_1_360' title='bbox 1201 4205 1277 4269; x_wconf 78' lang='lat' dir='ltr'><strong>aqut</strong></span> <span class='ocrx_word' id='word_1_361' title='bbox 1296 4205 1379 4271; x_wconf 80' lang='lat' dir='ltr'><strong>ipsam</strong></span> 
     </span>
     <span class='ocr_line' id='line_1_39' title="bbox 153 4273 1379 4342; baseline 0.001 -16"><span class='ocrx_word' id='word_1_362' title='bbox 153 4277 182 4327; x_wconf 90' lang='lat' dir='ltr'><strong>ll</strong></span> <span class='ocrx_word' id='word_1_363' title='bbox 201 4279 227 4327; x_wconf 92' lang='lat' dir='ltr'><strong>io</strong></span> <span class='ocrx_word' id='word_1_364' title='bbox 244 4293 274 4327; x_wconf 86' lang='lat' dir='ltr'><strong>ns</strong></span> <span class='ocrx_word' id='word_1_365' title='bbox 291 4278 375 4326; x_wconf 81' lang='lat' dir='ltr'><strong>littera</strong></span> <span class='ocrx_word' id='word_1_366' title='bbox 444 4276 476 4326; x_wconf 78' lang='lat'><strong>12</strong></span> <span class='ocrx_word' id='word_1_367' title='bbox 495 4273 534 4342; x_wconf 86' lang='lat' dir='ltr'><strong>us]</strong></span> <span class='ocrx_word' id='word_1_368' title='bbox 556 4289 585 4326; x_wconf 86' lang='lat' dir='ltr'><strong>os</strong></span> <span class='ocrx_word' id='word_1_369' title='bbox 641 4277 672 4326; x_wconf 81' lang='lat'><strong>14</strong></span> <span class='ocrx_word' id='word_1_370' title='bbox 689 4274 740 4339; x_wconf 88' lang='lat' dir='ltr'><strong>tus]</strong></span> <span class='ocrx_word' id='word_1_371' title='bbox 762 4277 809 4324; x_wconf 76' lang='lat' dir='ltr'><strong>dnus</strong></span> <span class='ocrx_word' id='word_1_372' title='bbox 870 4275 901 4326; x_wconf 84' lang='grc'><strong>18</strong></span> <span class='ocrx_word' id='word_1_373' title='bbox 917 4277 985 4339; x_wconf 90' lang='lat' dir='ltr'><strong>quod</strong></span> <span class='ocrx_word' id='word_1_374' title='bbox 1004 4284 1062 4328; x_wconf 84' lang='lat' dir='ltr'><strong>snm</strong></span> <span class='ocrx_word' id='word_1_375' title='bbox 1114 4275 1147 4327; x_wconf 79' lang='lat'><strong>19</strong></span> <span class='ocrx_word' id='word_1_376' title='bbox 1165 4274 1379 4340; x_wconf 78' lang='lat' dir='ltr'><strong>depraehenditus</strong></span> 
     </span>
     <span class='ocr_line' id='line_1_40' title="bbox 150 4345 1378 4412; baseline 0 -16"><span class='ocrx_word' id='word_1_377' title='bbox 150 4347 185 4396; x_wconf 78' lang='lat'><strong>20</strong></span> <span class='ocrx_word' id='word_1_378' title='bbox 202 4348 272 4412; x_wconf 88' lang='lat' dir='ltr'><strong>quod</strong></span> <span class='ocrx_word' id='word_1_379' title='bbox 291 4356 351 4397; x_wconf 87' lang='lat' dir='ltr'><strong>sunt</strong></span> <span class='ocrx_word' id='word_1_380' title='bbox 419 4357 597 4412; x_wconf 83' lang='lat' dir='ltr'><strong>comparantur</strong></span> <span class='ocrx_word' id='word_1_381' title='bbox 665 4347 699 4396; x_wconf 74' lang='lat'><strong>23</strong></span> <span class='ocrx_word' id='word_1_382' title='bbox 718 4347 825 4410; x_wconf 87' lang='lat' dir='ltr'><strong>tempori</strong></span> <span class='ocrx_word' id='word_1_383' title='bbox 846 4348 986 4409; x_wconf 85' lang='lat' dir='ltr'><strong>praesentis</strong></span> <span class='ocrx_word' id='word_1_384' title='bbox 1058 4347 1089 4397; x_wconf 89' lang='lat'><strong>31</strong></span> <span class='ocrx_word' id='word_1_385' title='bbox 1111 4362 1126 4396; x_wconf 85' lang='lat' dir='ltr'><strong>u</strong></span> <span class='ocrx_word' id='word_1_386' title='bbox 1145 4345 1221 4395; x_wconf 86' lang='lat' dir='ltr'><strong>berbo</strong></span> <span class='ocrx_word' id='word_1_387' title='bbox 1242 4347 1322 4406; x_wconf 86' lang='lat' dir='ltr'><strong>(corr.</strong></span> <span class='ocrx_word' id='word_1_388' title='bbox 1342 4349 1378 4396; x_wconf 85' lang='lat' dir='ltr'><strong>at.</strong></span> 
     </span>
     <span class='ocr_line' id='line_1_41' title="bbox 91 4415 1378 4484; baseline 0.002 -21"><span class='ocrx_word' id='word_1_389' title='bbox 91 4430 148 4468; x_wconf 71' lang='lat' dir='ltr'><strong>aaa.</strong></span> <span class='ocrx_word' id='word_1_390' title='bbox 163 4417 257 4484; x_wconf 78' lang='lat' dir='ltr'><strong>uerbo)</strong></span> <span class='ocrx_word' id='word_1_391' title='bbox 274 4418 397 4482; x_wconf 85' lang='lat' dir='ltr'><strong>temporis</strong></span> <span class='ocrx_word' id='word_1_392' title='bbox 413 4418 555 4481; x_wconf 84' lang='lat' dir='ltr'><strong>praesentis</strong></span> <span class='ocrx_word' id='word_1_393' title='bbox 573 4417 707 4481; x_wconf 86' lang='lat' dir='ltr'><strong>participia</strong></span> <span class='ocrx_word' id='word_1_394' title='bbox 771 4418 804 4468; x_wconf 71' lang='lat'><strong>34</strong></span> <span class='ocrx_word' id='word_1_395' title='bbox 823 4417 849 4464; x_wconf 88' lang='lat' dir='ltr'><strong>in</strong></span> <span class='ocrx_word' id='word_1_396' title='bbox 868 4417 1036 4466; x_wconf 79' lang='lat' dir='ltr'><strong>masculinum</strong></span> <span class='ocrx_word' id='word_1_397' title='bbox 1053 4427 1077 4466; x_wconf 85' lang='lat' dir='ltr'><strong>et</strong></span> <span class='ocrx_word' id='word_1_398' title='bbox 1094 4423 1209 4466; x_wconf 89' lang='lat' dir='ltr'><strong>neutrum</strong></span> <span class='ocrx_word' id='word_1_399' title='bbox 1228 4415 1378 4468; x_wconf 77' lang='lat' dir='ltr'><strong>femininum</strong></span> 
     </span>
    </p>
   </div>
   <div class='ocr_carea' id='block_1_4' title="bbox 95 4538 236 4548">
    <p class='ocr_par' dir='ltr' id='par_1_4' title="bbox 95 4538 236 4548">
     <span class='ocr_line' id='line_1_42' title="bbox 95 4538 236 4548; baseline 0 0"><span class='ocrx_word' id='word_1_400' title='bbox 95 4538 236 4548; x_wconf 67' lang='lat' dir='ltr'>——n—-</span> 
     </span>
    </p>
   </div>
   <div class='ocr_carea' id='block_1_5' title="bbox 91 4605 1377 4877">
    <p class='ocr_par' dir='ltr' id='par_1_5' title="bbox 91 4605 1377 4877">
     <span class='ocr_line' id='line_1_43' title="bbox 152 4605 1377 4672; baseline -0.001 -17"><span class='ocrx_word' id='word_1_401' title='bbox 152 4607 218 4657; x_wconf 74' lang='lat' dir='ltr'><strong>aab</strong></span> <span class='ocrx_word' id='word_1_402' title='bbox 236 4608 322 4658; x_wconf 84' lang='lat' dir='ltr'><strong>actiuo</strong></span> <span class='ocrx_word' id='word_1_403' title='bbox 340 4607 481 4657; x_wconf 81' lang='lat' dir='ltr'><strong>Putacdiue.</strong></span> <span class='ocrx_word' id='word_1_404' title='bbox 502 4605 658 4655; x_wconf 80' lang='lat' dir='ltr'><strong>scribendum</strong></span> <span class='ocrx_word' id='word_1_405' title='bbox 675 4605 776 4655; x_wconf 85' lang='lat' dir='ltr'><strong>uidetur</strong></span> <span class='ocrx_word' id='word_1_406' title='bbox 792 4613 836 4654; x_wconf 85' lang='lat' dir='ltr'><strong>out</strong></span> <span class='ocrx_word' id='word_1_407' title='bbox 852 4605 883 4652; x_wconf 84' lang='lat' dir='ltr'><strong>ab</strong></span> <span class='ocrx_word' id='word_1_408' title='bbox 903 4605 978 4654; x_wconf 87' lang='lat' dir='ltr'><strong>activi</strong></span> <span class='ocrx_word' id='word_1_409' title='bbox 997 4605 1097 4672; x_wconf 81' lang='lat' dir='ltr'><strong>regula,</strong></span> <span class='ocrx_word' id='word_1_410' title='bbox 1116 4606 1176 4668; x_wconf 81' lang='lat' dir='ltr'><strong>quia</strong></span> <span class='ocrx_word' id='word_1_411' title='bbox 1194 4605 1277 4669; x_wconf 81' lang='lat' dir='ltr'><strong>ipsam</strong></span> <span class='ocrx_word' id='word_1_412' title='bbox 1293 4605 1377 4670; x_wconf 87' lang='lat' dir='ltr'><strong>seqni-</strong></span> 
     </span>
     <span class='ocr_line' id='line_1_44' title="bbox 92 4675 1377 4742; baseline 0.003 -20"><span class='ocrx_word' id='word_1_413' title='bbox 92 4687 128 4724; x_wconf 78' lang='lat' dir='ltr'><strong>tur</strong></span> <span class='ocrx_word' id='word_1_414' title='bbox 145 4686 188 4728; x_wconf 82' lang='lat' dir='ltr'><strong>aut</strong></span> <span class='ocrx_word' id='word_1_415' title='bbox 205 4679 236 4728; x_wconf 82' lang='lat' dir='ltr'><strong>ab</strong></span> <span class='ocrx_word' id='word_1_416' title='bbox 250 4678 344 4738; x_wconf 83' lang='lat' dir='ltr'><strong>activo,</strong></span> <span class='ocrx_word' id='word_1_417' title='bbox 363 4679 431 4740; x_wconf 86' lang='lat' dir='ltr'><strong>quod</strong></span> <span class='ocrx_word' id='word_1_418' title='bbox 445 4678 528 4742; x_wconf 88' lang='lat' dir='ltr'><strong>ipsum</strong></span> <span class='ocrx_word' id='word_1_419' title='bbox 548 4677 663 4739; x_wconf 88' lang='lat' dir='ltr'><strong>sequitur</strong></span> <span class='ocrx_word' id='word_1_420' title='bbox 716 4677 748 4726; x_wconf 80' lang='grc'><strong>14</strong></span> <span class='ocrx_word' id='word_1_421' title='bbox 766 4676 798 4725; x_wconf 84' lang='lat' dir='ltr'><strong>de</strong></span> <span class='ocrx_word' id='word_1_422' title='bbox 812 4675 911 4724; x_wconf 84' lang='lat' dir='ltr'><strong>duabus</strong></span> <span class='ocrx_word' id='word_1_423' title='bbox 922 4677 1018 4740; x_wconf 77' lang='lat' dir='ltr'><strong>repulia</strong></span> <span class='ocrx_word' id='word_1_424' title='bbox 1032 4677 1165 4738; x_wconf 79' lang='lat' dir='ltr'><strong>participii</strong></span> <span class='ocrx_word' id='word_1_425' title='bbox 1179 4675 1262 4736; x_wconf 72' lang='lat' dir='ltr'><strong>futuri</strong></span> <span class='ocrx_word' id='word_1_426' title='bbox 1277 4675 1377 4726; x_wconf 70' lang='lat' dir='ltr'><strong>uberius</strong></span> 
     </span>
     <span class='ocr_line' id='line_1_45' title="bbox 91 4745 1375 4812; baseline -0.003 -16"><span class='ocrx_word' id='word_1_427' title='bbox 91 4753 221 4808; x_wconf 70' lang='grc' dir='ltr'><strong>αροεῐιωιι</strong></span> <span class='ocrx_word' id='word_1_428' title='bbox 244 4749 329 4812; x_wconf 74' lang='lat' dir='ltr'><strong>[uisse</strong></span> <span class='ocrx_word' id='word_1_429' title='bbox 354 4748 453 4797; x_wconf 77' lang='lat' dir='ltr'><strong>videtur</strong></span> <span class='ocrx_word' id='word_1_430' title='bbox 475 4763 492 4796; x_wconf 82' lang='lat' dir='ltr'><strong>a</strong></span> <span class='ocrx_word' id='word_1_431' title='bbox 514 4747 685 4810; x_wconf 74' lang='lat' dir='ltr'><strong>grmrmaotieo.</strong></span> <span class='ocrx_word' id='word_1_432' title='bbox 722 4746 812 4795; x_wconf 80' lang='lat' dir='ltr'><strong>deinde</strong></span> <span class='ocrx_word' id='word_1_433' title='bbox 834 4761 900 4811; x_wconf 81' lang='lat' dir='ltr'><strong>quoe</strong></span> <span class='ocrx_word' id='word_1_434' title='bbox 921 4747 992 4795; x_wconf 82' lang='lat' dir='ltr'><strong>uncie</strong></span> <span class='ocrx_word' id='word_1_435' title='bbox 1010 4747 1100 4796; x_wconf 80' lang='lat' dir='ltr'><strong>inclusi</strong></span> <span class='ocrx_word' id='word_1_436' title='bbox 1119 4746 1156 4796; x_wconf 85' lang='lat' dir='ltr'><strong>ad</strong></span> <span class='ocrx_word' id='word_1_437' title='bbox 1171 4747 1237 4800; x_wconf 80' lang='lat' dir='ltr'><strong>Dora.</strong></span> <span class='ocrx_word' id='word_1_438' title='bbox 1260 4745 1325 4806; x_wconf 80' lang='grc'><strong>363,</strong></span> <span class='ocrx_word' id='word_1_439' title='bbox 1343 4749 1375 4793; x_wconf 69' lang='lat' dir='ltr'><strong>&#39;ti</strong></span> 
     </span>
     <span class='ocr_line' id='line_1_46' title="bbox 91 4820 208 4877; baseline -0.009 -8"><span class='ocrx_word' id='word_1_440' title='bbox 91 4820 208 4877; x_wconf 60' lang='lat' dir='ltr'><strong>maneat</strong></span> 
     </span>
    </p>
   </div>
   <div class='ocr_carea' id='block_1_6' title="bbox 0 0 1680 5442">
    <p class='ocr_par' dir='ltr' id='par_1_6' title="bbox 0 0 1680 5442">
     <span class='ocr_line' id='line_1_47' title="bbox 0 0 1680 5442; baseline 0 5"><span class='ocrx_word' id='word_1_441' title='bbox 0 0 1680 5442; x_wconf 95' lang='lat' dir='ltr'><strong> </strong></span> 
     </span>
    </p>
   </div>
  </div>
 </body>
</html>
