3350 5442
575 381 646 444 lus
675 377 688 442 Ι
711 383 823 444 8-11
847 389 865 448 2
1301 379 1363 445 457

97 501 119 544 p.
133 487 234 533 brad-56
248 485 270 531 1.
1183 504 1204 544 p.
1218 492 1262 534 133
1274 493 1301 534 ot
1314 490 1337 534 la

69 573 171 650 ipsum
193 571 317 634 verbum
340 576 492 635 anomine
513 573 683 636 traductum
706 589 724 631 o
746 572 867 634 finalem
882 576 1080 655 praecedente
1102 581 1282 634 consonante
1304 591 1364 633 non
1462 577 1466 585 '

68 671 108 732 ad
133 675 218 738 aliam
240 677 298 738 nisi
321 675 357 737 ad
380 678 507 756 primam
528 674 688 737 verborum
708 675 841 752 pertinet
867 681 1123 758 coniugationem;
1151 676 1240 758 idque
1268 677 1364 738 mani·

67 775 178 841 festius
199 777 368 860 apparebit,
392 781 417 840 si
439 797 494 860 per
516 779 648 858 singulas
669 775 721 836 uni
744 777 852 857 enque
873 779 1106 844 declinationum
1122 778 1280 842 attributas
1301 785 1363 840 ter·

68 883 250 942 minationes
277 881 409 960 exempla
438 881 615 952 decurrant;
648 879 708 938 nisi
736 877 813 940 lorte
842 883 888 943 vel
915 902 998 946 mere
1026 901 1153 964 graecae
1181 883 1254 952 siut,
1289 899 1365 961 quae

40 983 248 1063 oplerumque
277 985 308 1044 in
336 984 507 1045 nominibus
531 980 544 1067 11
572 987 709 1045 13333133
738 987 872 1068 propriis
898 993 1003 1048 carent
1028 986 1119 1047 huius
1145 983 1226 1045 modi
1254 981 1364 1054 verbis,

66 1085 118 1146 rel
140 1086 200 1146 nisi
223 1092 274 1146 aut
296 1104 312 1146 3
333 1089 466 1166 propriis
489 1088 629 1149 Romanis
657 1093 822 1154 autetiam
850 1089 888 1151 ab
910 1087 1117 1150 accidentibus
1140 1086 1290 1148 derivatae
1313 1104 1365 1146 no·

12 1213 13 1216 ¹
66 1185 203 1248 minibus
242 1187 448 1266 corporalibus
476 1207 578 1250 rerum
605 1189 749 1258 vocabula
777 1193 946 1271 significent
981 1189 1229 1271 incorporalium,
1259 1195 1292 1249 ut
1320 1190 1366 1248 eis

68 1291 182 1351 merito
210 1307 392 1369 supervacua
421 1291 558 1353 rideatur
584 1293 734 1356 traductio
763 1295 848 1357 verbi
874 1312 939 1354 rem
968 1293 1177 1371 significantis,
1212 1309 1300 1370 quam
1334 1292 1366 1350 in

68 1393 204 1453 nominis
231 1393 321 1453 etiam
355 1395 451 1472 ipsius
482 1397 726 1475 pronuntiatione
761 1395 966 1476 designabant.
1017 1393 1116 1474 qualia
1148 1401 1217 1454 sunt
1250 1393 1372 1453 iustitia

30 1509 54 1546 ¹⁰
68 1495 195 1572 pigritia
226 1495 347 1556 miseria
382 1496 540 1559 clementia
573 1497 694 1562 solertia
722 1501 847 1571 inertia,
883 1496 1037 1576 longitudo
1070 1495 1196 1557 latitudo
1224 1493 1366 1555 lortitudo

67 1595 264 1675 pulchritudo
287 1595 411 1658 dulcedo
434 1599 542 1660 acredo
564 1601 730 1680 pinguedo,
761 1601 881 1663 claritas
909 1601 1053 1661 severitas
1080 1599 1220 1658 honestas
1241 1595 1366 1658 libertas

66 1707 230 1778 paupertas
252 1705 283 1758 et
306 1698 434 1772 similia,
459 1700 495 1761 de
518 1701 627 1782 quibus
647 1704 729 1767 baud
752 1703 840 1765 iacile
864 1702 996 1763 derivata
1018 1699 1106 1763 rerba
1129 1700 1275 1780 reperies.
1333 1738 1338 1753 ,

155 1799 200 1861 Ex
221 1801 318 1880 prima
341 1803 440 1883 itaque
463 1801 663 1865 declinatione
686 1807 718 1865 in
742 1825 758 1867 3
786 1804 942 1867 desinente
969 1805 1179 1865 terminatione
1202 1803 1365 1872 nominum,

68 1903 199 1963 maxime
221 1902 361 1972 surorum,
391 1904 481 1970 rerba
509 1909 633 1968 veniunt
661 1907 697 1969 ad
725 1910 854 1987 primam
881 1907 1120 1983 coniugationem
1143 1921 1237 1984 paene
1261 1922 1365 1965 conso·

33 2019 55 2057 13
70 2002 213 2064 nantibus
234 2005 383 2065 universis
405 2005 671 2086 praecedentibus,
695 2017 728 2071 ut
750 2009 874 2071 bturba
896 2007 985 2070 turbo
1002 2005 1119 2077 turbas,
1143 2007 1260 2085 ospica
1282 2009 1366 2086 spico

69 2108 170 2184 spicas
193 2107 308 2185 inspico
337 2108 483 2188 inspicare,
513 2109 532 2170 d
559 2110 670 2191 praeda
698 2111 827 2192 praedor
849 2108 1018 2191 praedaris,
1046 2127 1065 2188 g
1085 2110 1155 2187 luga
1177 2109 1247 2186 lugo
1269 2109 1364 2186 fugas,

70 2208 77 2267 Ι
101 2208 181 2269 311113
204 2207 285 2268 311113
307 2208 416 2280 3111133,
445 2211 555 2292 stipula
578 2212 706 2294 stipulor
729 2214 897 2294 stipularis,
927 2231 957 2272 ru
979 2229 1083 2292 spuma
1106 2228 1211 2290 spumo
1235 2227 1364 2289 spumas,

68 2327 86 2369 u
111 2311 224 2370 trutina
252 2312 366 2372 trutino
395 2315 540 2385 trutinas,
568 2315 707 2377 machina
735 2315 891 2377 machinor
912 2313 1110 2382 machinariS,
1138 2329 1237 2392 pugna
1265 2329 1365 2392 pugno

68 2429 199 2490 pugnas,
228 2412 379 2474 nundinae
408 2415 560 2477 nundinor
587 2417 780 2488 nundinaris,
815 2437 834 2498 p
863 2417 950 2498 culpa
978 2415 1065 2496 culpo
1093 2413 1208 2494 culpas,
1243 2431 1262 2493 q
1289 2431 1364 2493 aqua

32 2531 56 2568 ao
70 2532 166 2593 aquor
188 2515 320 2593 aquaris,
344 2533 360 2575 r
381 2534 465 2579 mora
486 2536 587 2579 moror
602 2521 743 2591 moraris,
767 2519 881 2600 quadra
903 2518 1016 2600 quadro
1030 2516 1174 2598 quadras,
1197 2533 1270 2576 cura
1292 2533 1364 2576 curo

68 2633 172 2686 ouras,
201 2635 214 2676 s
243 2635 331 2678 causa
359 2636 464 2680 causor
487 2622 634 2691 causaris,
663 2628 676 2682 t
704 2628 770 2682 rota
792 2629 858 2682 roto
880 2628 976 2691 rotas,
1006 2619 1097 2680 multa
1124 2619 1218 2679 multo
1245 2616 1362 2688 multas,

67 2735 85 2777 3
113 2721 180 2778 rixa
210 2720 275 2778 rixo
302 2719 397 2791 rixas,
424 2721 490 2781 lixa
520 2723 598 2783 elixo
625 2721 733 2794 elixas,
757 2743 774 2784 v
798 2725 920 2786 conviva
948 2723 1087 2783 convivor
1115 2721 1296 2790 convivaris,
1327 2719 1364 2779 cb

69 2819 182 2880 baccba
204 2817 333 2880 bacchor
356 2820 522 2884 baccharis.
548 2823 552 2906 l

153 2919 197 2981 Ex
219 2921 349 2984 secunda
372 2925 512 2985 similiter
535 2925 734 2989 declinatione
750 2930 904 2989 nominum
919 2945 973 3008 per
989 2925 1121 3004 singulas
1138 2925 1364 2985 terminationes

34 3031 127 3084 satam
151 3021 189 3083 ab
212 3023 417 3086 accidentibus
446 3045 534 3106 quam
563 3029 628 3090 lixis
651 3030 826 3092 derivantur
853 3028 944 3091 verba
971 3026 1110 3091 omnibus
1132 3026 1364 3088 consonantibus

69 3141 163 3203 paene
186 3125 447 3189 antecedentibus:
471 3131 510 3190 ab
533 3133 748 3206 accidentibus,
774 3139 808 3192 ut
830 3130 850 3192 b
872 3131 985 3212 probus
999 3130 1094 3211 probo
1108 3129 1231 3210 probas,
1255 3149 1271 3190 c
1293 3147 1363 3209 opa-

70 3245 121 3288 cus
152 3245 244 3306 opaco
272 3246 393 3308 opaoaS,
423 3233 536 3292 amicus
565 3233 660 3293 amico
689 3235 813 3305 amicas,
844 3233 863 3294 d
892 3233 989 3294 nudus
1018 3231 1097 3292 nudo
1119 3232 1227 3303 nudas,
1258 3229 1363 3293 foedus

70 3329 156 3389 iocdo
178 3329 295 3399 1331133,
320 3347 338 3408 g
360 3347 451 3409 vagus
480 3351 569 3412 vagor
597 3338 729 3413 vagaris,
753 3338 763 3397 i
786 3338 854 3417 pius
876 3339 927 3417 pio
949 3337 1028 3416 pias,
1052 3335 1062 3394 l
1085 3333 1165 3394 solus
1187 3332 1290 3394 desolo
1311 3332 1362 3392 de·

69 3429 160 3501 solas,
189 3449 219 3491 m
245 3431 348 3494 firmus
375 3433 461 3494 firmo
489 3435 604 3506 lirmas,
639 3438 775 3498 infirmus
804 3440 923 3498 infirmo
949 3437 1096 3506 infirmas,
1125 3454 1145 3495 n
1173 3452 1262 3496 sanus
1289 3453 1362 3495 sano

34 3551 169 3604 rosanus,
200 3533 314 3594 alienus
344 3535 443 3595 alieno
471 3536 597 3607 alienas,
627 3557 752 3601 serenus
780 3557 888 3601 screno
917 3556 1053 3608 serenas,
1083 3554 1160 3597 unus
1189 3536 1287 3597 aduno
1310 3535 1362 3598 ad·

70 3651 156 3705 uuas,
191 3633 337 3697 hibernus
364 3635 492 3698 hiberno
520 3638 676 3710 hibernas,
713 3659 732 3721 p
761 3643 879 3721 crispus
906 3641 1005 3719 crispo
1038 3641 1166 3718 crispas,
1202 3657 1220 3719 q
1249 3655 1362 3718 aequus

70 3755 163 3816 aequo
185 3755 309 3817 aequaS,
339 3736 478 3818 obliquus
507 3739 630 3819 obliquo
657 3740 808 3821 obliquas,
837 3743 1022 3821 propinquus
1050 3742 1218 3820 propinquo
1239 3742 1361 3820 propin·

69 3857 155 3916 3333,
180 3840 331 3917 rignarus
349 3835 361 3918 11
379 3842 485 3919 ignoro
509 3843 643 3919 iguoraS,
675 3861 688 3901 3
711 3843 807 3904 lassus
830 3843 907 3904 lasso
923 3843 1029 3912 lassas,
1054 3850 1065 3902 t
1087 3842 1165 3903 latus
1180 3841 1272 3903 dilato
1287 3840 1360 3903 dila-

71 3947 127 4009 tas,
151 3939 248 4000 laetus
269 3940 363 4002 laetor
386 3940 521 4013 laetaris,
546 3953 632 4024 aptus
655 3952 723 4024 apto
747 3950 846 4024 aptas,
878 3944 1025 4008 sollicitus
1051 3944 1180 4004 sollicito
1208 3942 1360 4012 sollicitas,

37 4050 211 4103 momentus
239 4049 364 4103 cruento
393 4053 546 4114 cruentas,
576 4063 595 4104 3
623 4044 707 4108 laxus
733 4046 800 4107 laxo
829 4046 925 4118 13333,
953 4066 970 4107 3
997 4045 1103 4107 viduus
1130 4045 1221 4106 viduo
1248 4043 1360 4114 viduas,

139 4313 330 4382 ltraductum]
359 4323 464 4365 tractum
483 4315 508 4365 B
578 4317 743 4382 2pertlnere
760 4317 817 4368 BP
886 4319 1042 4370 6113333313
1060 4333 1106 4371 om,
1123 4317 1149 4367 B
1218 4315 1359 4367 autetiam

74 4383 119 4431 uisi
138 4385 169 4433 ab
186 4385 358 4436 accidentibus
377 4386 402 4435 P
455 4387 484 4437 11
505 4386 612 4435 dulcedo
628 4387 719 4437 acredo
733 4387 858 4453 pinguido
874 4389 900 4437 P
915 4389 1017 4440 dulcido
1035 4389 1120 4439 nocido
1137 4387 1262 4453 pingnido
1280 4385 1306 4434 Β

74 4451 104 4502 13
121 4469 151 4503 ex
174 4456 256 4520 prima
276 4457 361 4520 itaque
387 4455 553 4506 declinatione
572 4464 582 4504 1
600 4473 632 4506 ex
649 4459 746 4521 primae
768 4460 854 4521 itaque
875 4458 1044 4509 declinatione
1063 4458 1088 4508 B
1107 4473 1139 4506 ex
1159 4458 1257 4522 primae
1274 4456 1360 4518 itaque

72 4523 246 4574 declinationis
264 4526 290 4573 P
304 4541 336 4575 ex
354 4526 435 4590 prima
453 4527 539 4588 itaque
558 4526 734 4576 declinationis
752 4527 770 4588 s
819 4528 852 4578 lb
870 4538 898 4578 ut
917 4536 955 4577 ast
972 4529 988 4579 b
1004 4528 1070 4577 P:b
1088 4535 1113 4579 et
1127 4531 1241 4592 reliquae
1258 4527 1360 4576 litterae

72 4595 210 4658 singulares
228 4597 334 4646 undasne
347 4598 439 4646 333113
456 4596 481 4645 B
509 4651 513 4665 ¹
534 4596 605 4660 spico
624 4598 708 4662 spicas
723 4612 770 4649 om.
784 4596 810 4646 B
862 4598 897 4648 20
909 4614 975 4662 aquo
989 4613 1069 4662 aquas
1082 4613 1150 4647 corr.
1164 4611 1244 4661 equor
1257 4596 1360 4658 aquaria

73 4663 95 4710 B
145 4664 249 4713 331333
270 4665 320 4715 lixo
340 4666 416 4728 asts
464 4666 497 4716 25
516 4671 566 4714 tam
585 4668 617 4715 ab
636 4666 809 4715 accidentibus
828 4674 853 4716 1.·
871 4668 903 4717 ab
922 4683 966 4717 om.
981 4668 1037 4718 BP
1082 4668 1117 4719 26
1135 4668 1167 4717 ab
1185 4665 1358 4716 accidentibus

73 4747 114 4782 om.
135 4733 190 4783 BP
238 4742 321 4784 31331
339 4735 396 4795 bP
446 4735 480 4786 27
498 4736 594 4784 amicus
612 4737 692 4786 amico
712 4751 741 4786 as
760 4737 872 4787 mundns
890 4738 984 4787 mundo
1002 4753 1031 4787 33
1048 4737 1131 4788 nudus
1149 4737 1216 4787 nudo
1236 4743 1288 4786 331

73 4803 104 4854 29
122 4819 146 4853 m
165 4803 253 4853 ilrmns
270 4831 304 4842 —
323 4805 435 4854 indrmas
454 4821 500 4858 om.
521 4805 546 4853 B
615 4805 649 4857 33
668 4808 774 4872 ignaras
794 4821 855 4857 naro
873 4806 955 4872 (corr.
977 4807 1053 4874 noro)
1070 4824 1112 4859 333
1131 4809 1157 4858 Β
1226 4806 1358 4872 34331111

73 4881 142 4938 aptor
160 4874 223 4924 13313
241 4873 366 4925 3311131133
384 4877 503 4926 13313313
523 4874 605 4940 (corr.
625 4883 650 4926 to
669 4875 721 4940 133)
736 4875 762 4926 Β

120 4963 297 5009 3333333333
312 4965 402 5008 ramur
416 4966 444 5007 v.
1114 4962 1157 5028 30
