3350 5442
292 329 335 393 60
854 327 1029 391 sennenn

319 453 339 494 p.
354 441 402 482 1617
417 439 439 480 P.

175 530 232 587 383,
246 531 277 578 21
376 521 467 581 Sunt
488 521 573 580 item
590 517 698 578 verba
715 535 807 599 quae
823 535 1048 598 componere
1067 537 1282 598 possumus,
1299 526 1445 599 utpono
1460 519 1585 590 tralro,

292 641 446 702 repono;
469 629 555 683 sunt
577 640 668 702 quae
691 638 762 682 non
784 638 999 699 possumus,
1023 627 1060 680 ut
1081 620 1137 698 aisn
1160 640 1307 700 quaeso.
1337 623 1480 682 numeri
1502 641 1587 682 vcr-

293 723 347 786 bis
370 724 542 786 accidunt
564 723 649 794 dno,
677 721 883 801 singularis
905 729 940 784 et
965 720 1142 803 pluralis,
1171 722 1395 802 singularis,
1424 731 1464 784 ut
1484 725 1586 802 lego,

290 825 470 907 pluralis,
499 833 537 886 ut
563 827 733 905 legimus;
765 827 851 886 item
880 823 1082 886 seeundum
1106 824 1283 904 quosdam
1306 824 1442 895 dualis,
1471 833 1510 886 ut
1530 825 1586 885 le·

291 947 392 1008 gere:
417 937 540 1009 propter
562 937 689 989 metrum
712 927 812 1005 legere
834 926 1011 1006 prudentius
1027 925 1166 997 dicimus,
1183 927 1260 1007 quod
1277 928 1423 1006 significat
1437 927 1612 1007 legerunta

293 1039 325 1092 ut
339 1031 485 1110 Vergilius
508 1030 649 1109 ‘legere
672 1029 871 1091 rudentis'.
909 1029 976 1090 ideo
999 1027 1095 1089 dualis
1116 1028 1224 1090 dicitur
1246 1047 1398 1101 numerus,
1422 1033 1491 1110 qnia
1513 1031 1588 1092 duas

291 1151 434 1214 personas
452 1153 469 1195 a
488 1132 596 1214 plurali
620 1151 744 1194 numero
768 1134 854 1193 tertia
877 1149 1003 1211 persona
1026 1130 1083 1192 sihi
1105 1131 1246 1193 defendit.

173 1239 231 1296 381,
247 1238 279 1286 10
377 1235 557 1315 Tempora
588 1234 713 1295 verbis
744 1233 921 1295 accidunt
947 1234 1037 1304 tria,
1067 1252 1247 1314 praesens
1276 1237 1524 1314 praeteritum
1555 1243 1591 1296 et

290 1339 470 1407 futurum,
500 1354 695 1418 praesens,
731 1344 768 1397 ut
788 1334 887 1415 lego,
917 1338 1183 1416 praeteritum,
1213 1345 1253 1397 ut
1279 1336 1370 1416 legi,
1399 1338 1588 1408 futurum,

292 1449 331 1502 ut
357 1439 487 1518 legam:
533 1441 630 1500 omnis
657 1439 752 1519 prima
781 1439 950 1517 coniugatio
983 1436 1020 1497 ad
1054 1438 1260 1518 imperativum
1293 1439 1412 1502 modum
1446 1443 1474 1501 vi
1506 1440 1592 1501 addit
1603 1457 1625 1494 ro

291 1546 425 1604 iunctum
447 1542 568 1602 etfacit
588 1542 781 1621 praeteritum
803 1547 921 1620 tempus
936 1540 1117 1620 perfectum,
1142 1548 1174 1602 ut
1188 1547 1273 1603 canta
1289 1545 1418 1612 cantavi,
1441 1541 1515 1605 salta
1531 1541 1590 1602 sal-

291 1645 363 1715 tari,
389 1662 478 1704 vacua
501 1645 635 1713 vacuari,
659 1645 790 1723 exceptis
813 1642 946 1722 scriptis,
970 1649 1002 1703 ut
1023 1650 1093 1722 puta
1114 1645 1302 1713 muntenni,
1326 1643 1433 1704 sedita
1453 1642 1458 1726 Ι
1477 1653 1589 1714 tamen,

292 1755 326 1808 ut
346 1737 474 1808 sciamus
497 1755 527 1808 et
547 1748 632 1807 tonui
653 1746 752 1806 lacere
776 1753 805 1806 et
827 1747 933 1807 tonari.
971 1747 1013 1805 sic
1033 1745 1087 1806 tibi
1101 1743 1171 1806 licet
1185 1745 1327 1807 recedere
1342 1744 1379 1806 ab
1393 1747 1458 1826 ipsa
1472 1745 1589 1824 regula,

221 1925 225 1941 ι
293 1857 325 1910 ιιι
346 1868 406 1911 non
428 1848 536 1929 perdas
564 1849 659 1929 ipsam
681 1848 828 1927 regulam:
859 1846 930 1908 licet
950 1847 1006 1908 tibi
1028 1855 1058 1908 et
1080 1846 1159 1908 aliud
1183 1847 1296 1918 dicere,
1326 1848 1413 1908 doma
1436 1856 1465 1909 ct
1487 1847 1591 1909 domui

292 1959 322 2012 et
343 1951 458 2014 donavi
479 1951 558 2012 iacit.
597 1969 664 2012 nam
687 1952 718 2010 in
741 1952 842 2030 quinta
865 1949 1057 2010 Verrinarnm
1080 1948 1193 2011 Tullius
1215 1950 1459 2029 perdomavit,
1484 1969 1589 2011 econ·
1603 1965 1627 2006 rs

293 2056 384 2116 trario
408 2052 553 2132 Vergilius
576 2052 698 2113 domui
720 2053 770 2111 ait.
803 2051 855 2111 sed
872 2051 946 2113 haec
961 2052 1102 2113 diseretio
1118 2060 1176 2113 est:
1201 2055 1225 2113 si
1245 2054 1316 2113 facit
1332 2070 1441 2113 nomen
1456 2052 1591 2114 serbiale

293 2157 436 2228 domitor,
460 2164 491 2216 ut
512 2172 566 2235 per
588 2156 599 2214 i
621 2163 720 2224 exeat,
744 2154 937 2233 praeteritum
960 2155 1125 2234 perfectum
1147 2156 1178 2214 in
1200 2155 1231 2216 ui
1247 2161 1418 2234 separatum
1433 2155 1540 2224 mitm3
1565 2158 1591 2216 si

293 2279 309 2322 a
333 2278 420 2321 suum
438 2259 566 2319 tenuerit
583 2275 689 2317 nomen
706 2253 850 2326 normale,
874 2263 907 2316 ut
920 2256 1056 2318 laudator
1071 2263 1219 2326 cantator,
1242 2258 1273 2316 in
1296 2257 1324 2316 vi
1339 2258 1472 2318 iunctum
1489 2259 1589 2328 mittit,

293 2369 326 2424 ul
347 2360 462 2422 laudavi
484 2362 608 2421 cantavi.
632 2393 669 2402 —
686 2358 834 2438 Tempora
857 2358 887 2418 in
903 2357 1001 2420 verltis
1017 2361 1115 2421 omnia
1130 2360 1262 2438 quinque
1277 2367 1354 2420 sunt.
1392 2377 1463 2420 sanc
1485 2359 1589 2420 viden·

293 2465 361 2526 dum
385 2471 431 2524 est
452 2481 490 2524 ne
505 2473 639 2542 tempora
655 2461 874 2523 confundantur
889 2463 1055 2541 praesentis
1070 2462 1210 2541 temporis
1225 2468 1255 2521 et
1268 2461 1369 2521 futuri.
1405 2478 1499 2541 quare
1514 2460 1590 2539 legis
1603 2477 1627 2516 m

292 2584 434 2648 praesens
457 2572 515 2634 est,
541 2562 595 2645 [si]
619 2563 702 2642 leges
724 2565 870 2634 futurum,
894 2571 927 2624 ut
947 2562 1020 2625 illud
1037 2571 1121 2625 exeat
1135 2582 1191 2644 per
1206 2565 1216 2623 i
1231 2572 1414 2643 correptam,
1437 2562 1511 2624 illud
1533 2583 1590 2643 per

248 2687 309 2736 me
331 2668 516 2750 productam.
541 2700 582 2709 —
605 2666 671 2728 Sed
695 2668 904 2746 praeterito
927 2674 1095 2748 tempore
1117 2666 1362 2728 differentiae
1384 2672 1470 2726 sunt
1492 2674 1588 2737 tres,

292 2772 506 2851 inperfecta
528 2770 699 2849 perfecta
721 2768 1107 2850 plusquamperfecta;
1133 2764 1138 2848 Ι
1162 2768 1389 2847 inperfecta,
1420 2775 1458 2828 ut
1485 2767 1589 2847 lege-

293 2872 388 2943 bam,
416 2872 600 2952 perfecta,
630 2879 666 2931 ut
693 2868 782 2948 legi,
811 2871 1196 2951 plusquamperfecta,
1225 2877 1263 2931 ut
1290 2868 1460 2948 legeram.
1500 2889 1590 2949 ergo

292 2977 329 3036 in
357 2973 473 3035 modis
502 2973 696 3034 verborum
725 2975 888 3054 quinque
917 2981 1082 3053 tempora
1110 2991 1357 3042 numeramus,
1389 2991 1626 3052 praesensa

293 3077 537 3156 praeteritum
553 3074 816 3154 inperfectum,
841 3077 1086 3154 praeteritum
1102 3075 1323 3156 perfectum,
1340 3077 1590 3154 praeteritum

294 3177 710 3258 plusquamperfectum,
735 3177 913 3239 futurum:
937 3179 1015 3238 inter
1036 3178 1203 3259 perlectum
1220 3184 1249 3238 et
1264 3176 1590 3257 plusquamperfectum

294 3279 351 3342 lroc
372 3281 510 3340 interest:
540 3282 625 3340 ‘ante
647 3279 751 3341 decem
774 3283 885 3341 annos'
913 3282 964 3361 qui
986 3279 1056 3341 dicit
1083 3279 1350 3350 ‘ambulaueram’,
1378 3277 1590 3341 soloecismum

293 3382 378 3442 facit:
402 3378 491 3441 debet
512 3381 591 3441 enim
614 3381 714 3442 dicere
741 3382 828 3442 ‘ante
852 3382 954 3443 decem
977 3401 1070 3443 annos
1092 3381 1265 3454 ambulavi’,
1294 3384 1365 3443 item
1393 3383 1478 3444 ‘ante
1501 3386 1591 3464 quin-

294 3483 391 3545 decim
414 3481 659 3556 ambulaveram'‚
684 3503 742 3544 non
765 3483 920 3546 ambulari.
959 3484 1099 3565 quidquid
1123 3486 1255 3546 enimin
1277 3486 1438 3564 praeterito
1453 3484 1627 3548 auditumao

294 3586 397 3656 fuerit,
422 3587 549 3665 tempori
570 3584 861 3667 plusquamperfecto
884 3587 1019 3649 debetur.
1056 3590 1133 3646 inter
1150 3587 1480 3663 plusquamperfectum
1493 3597 1523 3648 et
1537 3592 1591 3649 in-

288 3688 463 3765 perfectum
485 3687 542 3749 hoe
564 3689 702 3749 interest:
725 3688 1046 3770 plusquamperfectum
1069 3697 1114 3750 est
1136 3687 1214 3769 quod
1237 3697 1305 3749 ante
1327 3689 1386 3748 iam
1407 3689 1517 3750 factum
1533 3701 1590 3761 est,

365 3893 427 3946 uod.
445 3891 526 3948 Bern,
545 3891 568 3941 X
587 3889 711 3949 5*-e.*
772 3892 885 3961 lpouo]
906 3909 976 3961 puno
1045 3893 1224 3959 3singulares
1242 3901 1267 3942 et
1284 3893 1397 3958 plurales
1465 3894 1593 3960 illegere

295 3963 408 4014 rudentis
422 3964 598 4026 superscripta
613 3971 623 4012 t
635 3965 721 4014 littera
731 3973 789 4014 onte
803 3965 917 4014 rudentis
969 3965 1148 4030 8praeteritus
1163 3973 1188 4012 et
1199 3963 1300 4013 futurus
1352 3963 1369 4013 9
1384 3965 1536 4029 praeteritus

294 4036 394 4085 futurus
454 4034 487 4085 14
505 4033 568 4083 aliut
621 4035 652 4087 15
666 4035 691 4083 in
711 4035 823 4098 quintam
877 4051 907 4083 ae
926 4037 1051 4085 contrario
1069 4034 1160 4100 uergili
1214 4033 1248 4084 16
1262 4034 1363 4082 sicretio
1380 4049 1448 4083 corr.
1466 4036 1500 4084 ul.
1520 4051 1589 4089 mun.

294 4105 414 4156 diseretio
474 4101 507 4154 18
524 4101 608 4170 suum]
630 4119 677 4154 sna
730 4113 844 4154 cantator
900 4107 931 4155 21
953 4105 1008 4153 illut
1059 4104 1115 4154 illut
1169 4105 1201 4154 22
1218 4103 1370 4168 productum
1422 4103 1457 4154 23
1474 4104 1591 4169 perfecta

295 4178 328 4228 ol.
348 4191 413 4228 mua.
435 4174 495 4228 odd.
567 4176 601 4224 ‘24
622 4173 761 4240 perfectam
777 4183 804 4223 ut
821 4173 873 4241 legi
943 4175 977 4225 25
995 4175 1117 4241 temporis
1188 4175 1354 4225 erraterrat.
1373 4190 1439 4224 mun.
1459 4175 1521 4228 aad.

294 4246 329 4295 28
347 4245 521 4309 sollpcismum
592 4243 627 4295 26
648 4243 718 4311 item]
741 4245 831 4293 iterum
902 4242 936 4293 30
955 4258 1004 4292 uon
1030 4242 1168 4293 ambularit
1238 4243 1269 4294 31
1289 4244 1396 4293 deuctur
1416 4243 1464 4294 hoc
1482 4246 1592 4294 interest

295 4314 570 4381 plusquamperfectum
589 4315 713 4377 estquod
732 4324 790 4364 ante
808 4315 858 4363 iam
877 4314 1023 4364 factumest
1040 4315 1066 4362 in
1087 4313 1226 4378 perfectum
1245 4314 1368 4377 estquod
1387 4321 1466 4363 totum
1485 4317 1592 4380 conplet

295 4386 375 4444 (coar.
403 4388 437 4434 uf.
462 4386 527 4438 mori.
553 4383 710 4449 conpletum)
735 4399 784 4434 non
808 4392 847 4433 est
874 4384 1034 4434 interfectum
1056 4383 1138 4449 (corr.
1160 4386 1195 4435 al.
1219 4399 1284 4433 maa.
1303 4385 1368 4433 inter
1387 4384 1544 4451 perfectum)
1567 4393 1593 4436 et

295 4455 569 4520 plusquamperfectum
589 4455 638 4506 hoc

364 4625 381 4677 6
396 4625 483 4694 legere
495 4623 620 4692 rudentis]
645 4628 741 4690 Lucan,
761 4625 879 4680 Placeat.
899 4628 987 4679 11144.
1011 4628 1140 4694 Verpilius
1157 4633 1240 4677 autem
1256 4626 1343 4676 eadem
1360 4625 1432 4677 uerbi
1445 4626 1532 4689 sonna
1551 4628 1593 4678 bis

295 4713 355 4747 usus
374 4705 426 4760 eet,
443 4713 532 4763 peorp,
550 4699 581 4748 Ill
600 4697 649 4749 125
669 4713 743 4775 quem
758 4698 844 4762 legere
863 4698 952 4746 ducem
971 4707 997 4748 et
1012 4713 1101 4764 paup,
1123 4699 1157 4747 lll
1175 4697 1225 4746 282
1242 4696 1325 4745 malae
1347 4696 1433 4762 legere
1452 4711 1590 4752 novercae.

295 4766 432 4832 exquibus
449 4770 570 4830 exemplis
589 4771 694 4818 alterum
708 4775 765 4831 post
782 4781 868 4818 nonies
891 4769 1000 4834 Verqilii
1014 4771 1142 4820 excidisse
1159 4768 1260 4819 videtur
1330 4767 1364 4821 16
1382 4766 1481 4835 domui]
1508 4770 1590 4837 Verp.

292 4852 380 4904 peorp.
400 4839 423 4888 ll
441 4837 493 4890 456
511 4837 648 4888 Centauros
667 4839 715 4888 leto
732 4838 830 4890 domuit
