3350 5442
596 355 833 419 connunrvu
1167 367 1172 376 “
1290 355 1353 422 225

1171 465 1327 519 pete-911.

78 555 174 623 tenpus
188 540 377 622 personam],
401 548 429 603 el
445 544 564 621 require
587 561 676 604 ernam
699 562 762 604 rem
784 551 897 604 tantum
921 543 1018 614 modo,
1045 547 1173 623 primam
1196 564 1352 626 personam

77 647 158 724 ipsiu.
200 645 270 723 lego
293 647 358 724 ipsa
381 653 425 705 est
445 646 541 725 prima
562 665 700 725 persona,
724 654 811 706 canto
834 647 897 724 ipsa
921 653 965 706 est
986 649 1081 726 prima
1105 664 1242 725 persona.
1281 665 1353 724 ergo

77 747 173 823 quando
195 749 241 807 vis
263 746 396 808 iudicare
418 746 455 807 de
476 753 611 828 tempore
627 748 727 810 luturo
742 747 893 808 indicativi
909 748 989 808 modi
1004 751 1107 810 tertiae
1129 751 1352 828 coniugationis,

76 851 169 928 inspice
190 850 320 928 primam
345 867 502 928 personam
525 856 555 909 et
576 849 748 918 considera,
778 856 846 911 ante
867 852 996 930 primam
1024 869 1183 930 personam
1213 867 1289 928 quae
1317 851 1354 909 sit

58 951 162 1010 sllrtcra.
205 952 233 1010 si
256 953 337 1012 enim
359 953 508 1012 inveneris
529 960 596 1014 ante
619 954 714 1031 ipsam
736 971 896 1031 personam
926 955 1051 1033 primam
1081 971 1157 1029 quae
1185 955 1224 1013 sit
1243 955 1353 1026 littero,

74 1063 128 1113 tuuc
147 1061 232 1133 potes
254 1053 398 1123 iudicare,
421 1052 539 1136 quando
560 1055 657 1114 mittat
678 1053 809 1114 loturum
832 1061 950 1134 tempus
973 1056 1004 1114 in
1027 1073 1089 1123 am,
1114 1054 1230 1135 quando
1252 1055 1282 1114 in
1305 1053 1354 1114 bo.

74 1165 127 1215 ante
147 1156 244 1235 ipsam
266 1157 391 1234 primam
414 1173 574 1234 personam
603 1157 633 1216 in
661 1158 716 1216 ista
739 1158 948 1234 coniugatione
970 1156 1114 1236 producta
1134 1154 1138 1234 Ι
1158 1173 1217 1218 non
1239 1157 1354 1217 invenis

73 1259 119 1318 nisi
139 1257 211 1320 duas
236 1257 364 1327 litteras,
395 1276 412 1318 e
440 1264 470 1318 et
497 1258 517 1318 i.
561 1258 650 1319 audio
678 1266 707 1319 et
734 1277 786 1319 eo:
817 1257 918 1332 audio,
948 1259 1025 1319 icst
1048 1263 1116 1320 ante
1138 1277 1172 1328 o;
1202 1277 1247 1330 co,
1272 1278 1287 1319 e
1310 1266 1355 1319 est

73 1369 127 1419 autc
153 1380 179 1420 o.
226 1378 300 1438 ergo
328 1358 403 1420 duae
431 1368 501 1420 sunt
528 1361 603 1421 istae
631 1359 747 1422 litterae
776 1378 851 1438 quae
879 1369 1004 1440 possunt
1031 1361 1158 1421 inveniri
1188 1368 1255 1420 ante
1284 1341 1353 1420 oin

49 1464 143 1522 utertia
164 1461 376 1539 coniugatione
397 1461 551 1541 producta,
574 1463 584 1522 i
607 1469 636 1522 et
659 1482 684 1522 e.
714 1464 739 1522 si
761 1464 771 1523 i
793 1463 891 1532 luerit,
916 1480 974 1539 quo
996 1461 1085 1522 modo
1108 1463 1150 1521 vis
1172 1463 1262 1522 mittit
1276 1461 1352 1522 iutu-

73 1583 125 1624 rum
146 1573 273 1643 tempus.
304 1565 330 1624 si
351 1563 461 1624 dixeris
482 1562 578 1634 audio,
601 1565 612 1624 i
634 1571 703 1624 ante
725 1584 753 1634 o,
777 1562 947 1642 quomodo
970 1567 1012 1624 ris
1034 1583 1068 1626 ac
1089 1562 1163 1624 libet
1176 1563 1230 1625 tibi
1245 1561 1353 1633 iacere,

74 1674 96 1726 et
117 1665 229 1726 audiam
261 1673 291 1726 et
317 1663 439 1734 audibo;
468 1666 564 1746 polio,
595 1674 624 1727 et
645 1665 754 1745 poliam
778 1673 808 1726 et
829 1664 946 1745 polibo;
977 1669 1091 1736 nutrio,
1122 1673 1152 1726 et
1173 1667 1303 1727 nutriam
1327 1672 1356 1726 et

73 1767 184 1838 nutribo,
208 1770 279 1845 quia
302 1769 313 1827 i
336 1767 425 1828 babet
446 1776 515 1829 ante
536 1786 564 1827 o.
594 1769 619 1828 si
643 1776 741 1830 autem
758 1769 767 1826 i
783 1785 843 1829 non
866 1767 974 1830 habeat
996 1775 1064 1828 ante
1087 1788 1113 1838 o,
1138 1768 1190 1829 sed
1207 1787 1222 1828 e
1238 1767 1353 1836 habeat,

73 1871 187 1932 loturum
210 1878 332 1949 tempus
353 1871 385 1930 in
408 1869 445 1930 bo
467 1871 566 1939 mittit,
590 1888 662 1930 exeo
686 1869 788 1931 exibo:
811 1870 906 1930 esiam
929 1887 987 1930 non
1004 1868 1139 1938 dicimus,
1162 1868 1355 1930 soloecismus

48 1980 121 2040 ausu
147 1991 275 2034 coeam
305 1990 364 2032 non
394 1972 527 2032 dicimus.
572 1971 708 2040 viderint,
739 1972 808 2050 quid
837 1979 974 2032 auctores
1001 1971 1139 2032 habeant.
1184 1973 1246 2032 scio
1275 1972 1354 2033 enim

72 2074 128 2153 quid
148 2075 244 2154 possit
266 2073 325 2134 dici
348 2081 451 2136 contra
473 2075 558 2134 istam
581 2073 723 2153 regulam.
766 2081 866 2136 tamen
890 2081 921 2134 tn
944 2073 1000 2134 hoc
1024 2093 1108 2135 serva
1129 2073 1251 2151 liquide.
1283 2091 1355 2152 ergo

72 2177 123 2236 ride
142 2177 213 2254 quid
231 2176 311 2237 dicit.
347 2179 613 2254 quotienscumque
628 2178 670 2236 vis
685 2179 772 2245 scire,
796 2193 885 2254 quem
902 2175 937 2237 ad
953 2175 1074 2238 modum
1090 2179 1221 2238 luturum
1236 2179 1355 2256 tempus

72 2281 150 2339 mittat
170 2281 262 2339 tertia
283 2280 453 2358 coniugatio
475 2278 629 2358 producta,
654 2279 718 2340 redi
741 2277 777 2338 ad
792 2281 919 2358 primam
935 2297 1093 2359 personam
1109 2279 1259 2340 indicativi
1275 2277 1355 2338 orodi

72 2389 239 2458 etquaere,
269 2398 356 2458 quam
385 2379 513 2442 litteram
541 2389 609 2442 ante
632 2402 665 2443 se
691 2380 806 2442 babeat.
853 2399 912 2442 non
941 2389 1038 2461 potest
1066 2380 1178 2442 babere
1200 2381 1259 2441 nisi
1281 2380 1354 2442 duas

47 2481 181 2552 ulittcras,
215 2484 227 2543 i
258 2490 288 2544 et
316 2502 341 2544 e.
386 2485 411 2544 si
438 2485 450 2544 i
477 2482 630 2553 habuerit,
661 2483 749 2544 audio
777 2484 911 2545 loturum
940 2491 1057 2562 tempus
1085 2484 1154 2544 lacit
1181 2481 1296 2542 audiam
1325 2488 1355 2541 et

71 2585 175 2656 audibo;
199 2587 227 2646 si
251 2606 267 2645 e
289 2583 426 2646 habuerit
447 2593 515 2648 ante
531 2605 558 2656 o,
582 2587 629 2647 lac
650 2587 781 2648 luturum
805 2594 920 2666 tempus
944 2604 979 2646 eo
1002 2584 1060 2655 ibo,
1080 2603 1153 2646 exeo
1169 2583 1265 2653 exibo,
1289 2591 1351 2644 tan·

71 2697 119 2747 um
138 2690 167 2748 in
189 2687 231 2748 bo
255 2688 353 2747 mittit.
374 2691 379 2760 l
398 2687 475 2748 lorte
499 2688 593 2749 dicas:
617 2688 695 2750 unde
717 2689 775 2750 hoo
797 2687 1036 2768 conprobamusl
1066 2686 1158 2748 habes
1173 2686 1250 2747 hanc
1265 2703 1352 2764 regu-

70 2787 116 2849 lam
141 2791 286 2868 scriptam
314 2790 345 2850 in
374 2787 487 2859 Probo,
516 2789 567 2850 sed
596 2792 649 2860 sic,
681 2800 712 2851 ut
740 2801 834 2852 artem
863 2790 951 2870 plane
975 2797 1093 2852 secutus
1115 2798 1199 2850 esset.
1246 2797 1277 2849 ct
1298 2789 1353 2849 hoo

70 2892 150 2968 ipsum
173 2891 257 2952 unde
278 2889 407 2970 probast
429 2891 498 2952 audi
513 2890 681 2971 exemplum
698 2913 788 2954 unum
804 2892 841 2953 de
854 2891 984 2971 Vergilio
1000 2900 1028 2954 et
1043 2909 1135 2954 uuum
1151 2891 1188 2953 de
1200 2891 1351 2951 Terentio.

44 2991 198 3055 sbabemus
220 2995 253 3054 in
275 2992 405 3071 Vergilio

207 3095 355 3156 audiam
377 3095 525 3157 ethaeo
548 3115 673 3158 manes
697 3098 820 3158 veniet
843 3096 930 3158 mihi
953 3097 1045 3158 lama
1069 3096 1135 3158 sub
1157 3098 1268 3164 imos:

70 3197 170 3260 audiam
199 3199 258 3267 ait,
286 3215 356 3257 ecce
385 3199 415 3256 in
444 3216 491 3258 am
520 3201 609 3260 misit.
654 3199 812 3260 Terentius
840 3202 879 3262 ait
902 3200 1050 3260 ‘matris
1079 3198 1228 3260 servibo
1256 3217 1354 3259 corn·

70 3300 207 3366 modis’;
232 3298 283 3360 ille
305 3301 336 3360 in
358 3299 397 3359 bo
420 3301 507 3361 misit
554 3319 625 3362 ecce
646 3298 697 3360 ille
718 3303 749 3361 in
773 3321 820 3362 am
843 3303 937 3371 misit,
967 3300 1017 3362 ille
1040 3303 1071 3362 in
1094 3300 1146 3370 bo:
1176 3308 1205 3362 et
1226 3307 1354 3379 utraque

27 3384 28 3391 ἵ
69 3405 141 3463 tertia
164 3410 210 3464 est
233 3403 401 3479 coniugatio
423 3402 578 3481 producta,
600 3413 669 3463 ante
692 3421 709 3462 o
732 3403 741 3461 i
764 3401 868 3473 habet',
893 3411 963 3483 puta
986 3403 1072 3464 audio
1095 3402 1226 3472 audiam,
1257 3403 1354 3464 servio

47 3504 181 3565 verveno.
229 3505 257 3565 si
283 3507 315 3564 in
344 3523 391 3564 am
420 3507 564 3575 mitteret,
600 3506 643 3566 sic
672 3504 871 3566 debueramus
899 3505 999 3566 dicere
1027 3507 1166 3580 serviam,
1201 3522 1288 3582 quem
1317 3505 1353 3565 ad

70 3607 174 3668 nodum
198 3605 332 3674 audiam3
356 3607 382 3666 si
405 3607 435 3665 in
457 3605 496 3666 bo
518 3607 665 3678 mitteret,
689 3608 733 3668 sic
755 3606 954 3668 debueramus
983 3607 1083 3668 dicere
1112 3605 1235 3678 audibo,
1265 3624 1353 3684 quem

71 3708 238 3769 admodum
260 3707 388 3770 servibo.
420 3708 473 3770 sed
495 3710 555 3771 iste,
574 3727 662 3769 uuam
679 3715 792 3788 partem
809 3711 915 3788 posuit,
939 3708 988 3769 ille
1005 3728 1103 3770 unam.
1135 3709 1213 3771 unde
1230 3716 1355 3792 apparet

70 3813 195 3886 qvoniam
217 3818 380 3890 utrumque
402 3810 539 3871 dicimus.
574 3812 600 3871 si
623 3812 633 3870 i
655 3809 794 3875 habuerit
815 3819 884 3872 ante
907 3830 933 3884 o,
957 3829 1015 3889 quo
1038 3811 1127 3872 modo
1149 3813 1193 3873 vis
1216 3812 1261 3873 lac
1276 3813 1353 3872 lutu-

71 3929 123 3972 mm
143 3921 274 3993 tempus,
298 3913 466 3974 claudiam
490 3920 520 3974 et
541 3912 665 3984 audibo;
693 3914 719 3973 si
742 3931 758 3974 e
781 3912 918 3974 habuerit
941 3921 1008 3975 ante
1031 3933 1059 3985 o,
1083 3914 1215 3976 luturum
1237 3921 1353 3993 tempus

125 4084 140 4134 3
161 4084 248 4134 inuno
266 4085 293 4133 in
314 4083 454 4133 indicatiuo
471 4083 547 4133 modo
568 4084 620 4135 BG
690 4084 881 4150 coniugationis
905 4085 939 4134 itu
957 4085 1023 4135 circe
1042 4086 1147 4134 tertiam·
1161 4099 1294 4149 personam
1314 4084 1353 4132 in·

27 4194 28 4199 ,
71 4154 126 4216 spice
142 4156 253 4220 primam
272 4168 406 4220 personam
426 4156 559 4216 monetis
577 4170 599 4203 c.
620 4156 654 4202 itu
673 4156 741 4203 circu
757 4155 856 4204 tertium
875 4170 1011 4220 personam
1028 4156 1052 4204 A
1105 4156 1203 4217 {capuae
1223 4154 1255 4202 sit
1271 4155 1353 4203 littero

27 4236 28 4243 ¹
71 4228 332 4283 pomoreloeoom.
354 4224 436 4275 ABG
504 4225 647 4276 9inueniri
667 4224 715 4274 Ba
733 4225 850 4274 inuenire
869 4223 940 4275 Act
1012 4227 1044 4276 12
1059 4225 1128 4288 polio
1148 4223 1284 4288 polinmA

27 4306 28 4317 ¹
73 4296 141 4342 nutrio
160 4297 272 4343 nutriam
291 4295 316 4342 A
376 4295 409 4346 14
423 4308 513 4344 exeam
532 4309 581 4344 non
595 4294 703 4344 dicimus
724 4291 783 4346 Go*
799 4310 848 4344 non
870 4294 977 4344 dicimus
997 4295 1079 4344 exiam
1099 4295 1123 4344 B
1142 4296 1225 4342 exiam
1245 4293 1281 4342 A:
1303 4307 1351 4342 non

27 4414 28 4437 ,
72 4361 164 4414 dicimus
180 4381 228 4415 om.
247 4365 287 4426 A,
305 4363 368 4414 odd.
384 4380 401 4413 a
488 4365 522 4415 15
538 4379 567 4414 eo
587 4379 644 4414 eam
660 4365 734 4415 eea
752 4380 782 4414 eo
801 4375 826 4413 et
844 4379 900 4414 eam
915 4365 956 4416 A:
971 4365 1087 4427 fortasse
1110 4379 1139 4412 eo
1162 4365 1213 4425 ibo,
1233 4363 1281 4411 iam
1303 4378 1351 4412 non

27 4444 28 4455 ³
73 4431 164 4484 dicimus
255 4434 288 4485 16
306 4433 403 4496 liquide
421 4433 511 4484 Boo*
531 4435 595 4484 illud
614 4435 660 4484 A?
751 4436 782 4486 17
801 4435 1027 4499 quotienscumque
1046 4435 1084 4486 Cb
1104 4435 1221 4498 quotiens
1240 4448 1270 4482 es
1289 4448 1352 4497 qnae

27 4536 28 4547 .
72 4501 116 4552 AB
181 4503 261 4556 eain
280 4501 375 4571 Probo]
399 4505 697 4568 ensut.arc.p.180,4
766 4505 812 4555 sed
830 4506 939 4555 sicntA
958 4505 1003 4555 scd
1020 4507 1102 4559 si...
1123 4503 1143 4551 B
1163 4504 1209 4553 sed
1226 4503 1287 4554 siO

27 4604 28 4639 ;
73 4572 185 4634 placeo*
205 4575 280 4640 plene
299 4574 381 4624 Ano
449 4573 944 4640 scorteum]Verp.Aen.1111:-ter
1015 4577 1099 4624 ueniet
1118 4574 1172 4623 AB
1194 4570 1352 4623 uenintGe*

27 4680 28 4711 ,
130 4643 211 4696 iamne
227 4645 275 4694 sub
291 4645 318 4696 B
389 4646 422 4695 27
440 4643 583 4710 Terentino]
603 4645 667 4696 Hec.
682 4646 713 4694 lll
730 4647 804 4706 5‚45
858 4645 945 4695 matris
964 4645 1173 4696 Anemurio
1243 4644 1277 4694 etl
1292 4658 1353 4692 con-

27 4738 28 4743 =
74 4711 291 4782 iugatioproduota
307 4715 380 4766 oca
397 4715 545 4782 coniugatio
563 4715 610 4766 sed
629 4715 751 4780 producta
767 4717 792 4765 Α
863 4715 897 4766 30
913 4715 950 4763 sic
968 4717 1136 4765 debueramus
1152 4713 1235 4763 dicere
1251 4714 1353 4762 audiam

27 4806 28 4811 =
74 4783 103 4830 sic
119 4786 284 4837 debueramus
302 4787 388 4836 dicere
405 4787 515 4836 seruiam
534 4786 555 4835 si
572 4785 596 4834 in
616 4787 647 4836 bo
667 4785 752 4835 ABG
819 4783 853 4835 33
875 4785 1002 4849 quomodo
1022 4787 1062 4836 uis
1083 4787 1121 4835 sie
1139 4783 1180 4833 lec
1199 4782 1309 4834 loturum
1328 4785 1353 4834 B

74 4857 187 4914 «promto
202 4858 241 4909 uis
260 4858 297 4908 sic
317 4856 430 4906 futurum
450 4856 528 4907 estG

27 4984 28 5015 ,
116 4945 286 4992 caanmnncr
299 4948 392 4991 uarmr
405 4948 434 4990 v.
1112 4936 1152 5002 15
