3350 5442
316 350 387 418 ,380
867 350 1071 414 cunsuuru

346 474 368 513 p.
381 457 520 501 socr-ose.

322 546 525 613 terminatam,
544 531 551 620 Ι
575 542 607 601 in
630 540 703 601 alias
724 557 784 599 non
807 546 976 609 transeunt,
1000 547 1033 601 ut
1054 558 1179 621 quaeso:
1202 559 1260 601 non
1283 543 1363 602 enim
1387 541 1516 602 dicimus
1535 544 1589 603 iuio
1645 578 1646 631 ρ

320 647 388 706 intis
410 646 489 714 infit,
513 662 623 724 quaeso
644 644 763 722 quaesis
784 644 912 722 quaesit.
950 641 1122 721 etquidem
1145 642 1182 703 de
1204 644 1334 723 quinque
1357 642 1520 721 generibus
1540 664 1588 705 rer·
1645 660 1646 729 t

319 746 425 808 borum
448 746 545 807 lacilis
567 744 735 806 intellectus
757 751 816 813 est,
845 750 879 804 ut
900 762 955 823 per
982 762 1125 824 personas
1147 763 1250 806 eorum
1272 745 1430 806 declinatio
1452 746 1589 824 figuretur.
1645 760 1646 785 ³

318 856 432 911 tantum
460 850 517 909 boc
544 846 721 908 admouendi
747 864 865 917 sumne,
895 849 926 907 in
953 846 1000 907 his
1026 849 1158 927 quinque
1185 847 1452 925 significationibus
1480 851 1588 927 priman
1645 900 1646 937 ρ

316 970 474 1034 personam
498 969 568 1011 casu
590 968 650 1011 non
672 966 775 1027 egere,
800 948 958 1009 admittere
980 955 1078 1011 tamen
1101 952 1333 1011 nominativum:
1367 950 1500 1011 dicimus
1524 954 1606 1011 enin⁵
1645 972 1646 1015 t

287 1063 291 1072 '
317 1055 460 1116 verberor
493 1056 650 1122 innocens,
685 1053 781 1111 servio
813 1053 860 1111 vir
891 1051 988 1111 fortis.
1033 1070 1121 1131 quem
1149 1070 1250 1113 casum
1278 1052 1371 1113 trahit
1399 1054 1491 1113 etiam
1517 1055 1588 1113 tertia
1645 1026 1646 1059 ¹

316 1176 458 1237 perseum
488 1157 616 1217 dicimus
643 1156 724 1213 enim
751 1152 928 1213 verberatur
956 1157 1115 1225 innocens,
1144 1156 1237 1214 servit
1263 1157 1310 1215 vir
1336 1155 1432 1215 tortis.
1477 1155 1588 1214 secunda

315 1277 444 1339 persona
465 1258 558 1318 trabit
578 1274 678 1316 casum
701 1256 882 1315 vocativum:
911 1254 1039 1316 dicimus
1066 1258 1147 1317 enim
1168 1255 1337 1317 verberaris
1359 1258 1517 1327 innocens,
1539 1274 1587 1317 ser·

314 1364 359 1422 vis
381 1364 426 1420 eir
449 1361 545 1420 lortis.

399 1463 478 1523 llaec
502 1461 537 1521 de
560 1461 697 1539 personis
719 1461 798 1519 circa
820 1460 952 1539 quinque
967 1477 1079 1538 genera
1092 1460 1251 1522 verborum
1274 1460 1384 1521 dixisse
1407 1459 1522 1520 abunde
1543 1468 1608 1519 estu

315 1564 350 1624 de
382 1562 563 1643 iupersonali
596 1579 705 1640 genere
738 1560 840 1630 verbi,
873 1562 953 1640 quod
980 1562 1090 1623 nullam
1118 1564 1239 1622 omnino
1265 1580 1424 1643 personam
1457 1561 1583 1639 designat,

313 1666 386 1726 illud
409 1668 485 1726 scire
509 1663 666 1733 debemus,
689 1662 851 1743 quoduou
873 1663 960 1723 aliter
983 1682 1037 1742 per
1058 1665 1217 1724 varietates
1237 1681 1436 1743 personarum
1457 1662 1582 1724 declinari

313 1774 424 1848 potest,
448 1768 507 1828 nisi
529 1765 654 1827 adiectis
675 1766 886 1844 pronominum
908 1765 1026 1826 casibus
1048 1767 1250 1846 numerisque.
1283 1768 1333 1845 qui
1357 1783 1428 1843 ergo
1450 1768 1581 1845 pronomi-

224 1867 228 1877 '
311 1889 382 1931 num
409 1888 495 1931 casus
520 1871 573 1928 uni
601 1870 709 1947 cuique
737 1867 829 1927 verbo
858 1875 1083 1946 repraesentent
1110 1870 1241 1948 speciem
1267 1884 1479 1947 personarum,
1511 1886 1579 1947 quau

311 1969 485 2032 brevissime
508 1978 613 2049 potero
635 1968 801 2030 declarabo.
846 1987 881 2028 ea
909 1987 984 2047 quae
1007 1971 1039 2030 in
1061 1972 1085 2029 it
1107 1978 1216 2032 exeunt
1238 1969 1336 2032 dativo
1357 1988 1429 2031 casu
1450 1969 1602 2031 discribi-1¹·

310 2081 434 2140 uantur,
462 2079 497 2132 ut
524 2073 670 2149 contingit
696 2071 771 2132 mihi
799 2070 856 2131 tibi
884 2070 939 2129 illi.
984 2089 1059 2149 quae
1082 2088 1153 2131 vero
1179 2073 1210 2131 in
1234 2078 1263 2132 at
1285 2079 1408 2143 exeunt,
1432 2074 1577 2132 accusativo

310 2194 380 2234 casu
403 2174 664 2242 discriminantur,
688 2181 721 2234 ut
742 2175 824 2233 iuvat
845 2190 892 2233 me
916 2179 945 2232 te
967 2172 1050 2235 illum
1073 2192 1128 2233 nos
1149 2192 1200 2234 vos
1220 2173 1297 2235 illos.
1327 2173 1478 2234 interdum
1498 2180 1576 2233 tanen

308 2278 496 2355 interpositis
516 2275 562 2336 vel
584 2273 770 2344 nominibus
799 2281 833 2335 ut
854 2276 880 2335 si
903 2273 985 2334 dicas
1008 2279 1083 2335 ‘stat
1105 2277 1251 2335 sententia
1259 2278 1279 2345 ’,
1311 2274 1356 2335 vel
1377 2275 1476 2336 verbis
1496 2275 1574 2335 intini-

309 2381 362 2448 tis,
385 2385 420 2439 ut
441 2380 465 2439 si
490 2378 571 2438 dicas
594 2376 684 2438 ‘stat
705 2394 816 2436 casus
837 2394 1023 2437 renovare
1046 2378 1198 2445 omnes',
1222 2395 1368 2457 personae
1391 2377 1574 2456 perdelirum

307 2480 565 2550 discriminantur,
589 2487 623 2539 ut
644 2486 702 2540 stat
723 2481 871 2540 sententia
894 2478 967 2539 mibi
989 2476 1046 2538 tibi
1068 2479 1111 2539 illi
1127 2477 1214 2539 nobis
1228 2479 1312 2539 vobis
1333 2478 1408 2549 illis,
1433 2484 1488 2540 stat
1506 2492 1601 2538 eastun
1645 2506 1646 2549 t

305 2600 449 2643 renovare
472 2582 545 2642 mibi
568 2581 624 2642 tibi
646 2581 689 2641 illi
712 2580 800 2641 nobis
821 2578 908 2640 vobis
929 2579 999 2641 illis.
1029 2598 1105 2659 quae
1128 2582 1159 2642 in
1183 2587 1213 2643 et
1233 2588 1357 2651 exeunt,
1381 2581 1519 2661 quaedam
1538 2598 1575 2639 ac·

249 2748 252 2752 ,
306 2686 437 2745 cusativo
464 2701 535 2745 casu
561 2684 820 2750 discriminantur,
850 2687 883 2741 ut
911 2680 997 2742 decet
1018 2700 1065 2742 me
1091 2690 1120 2742 te
1148 2682 1231 2743 illum
1254 2700 1308 2741 nos
1329 2701 1381 2743 vos
1403 2683 1480 2753 illos,
1501 2700 1574 2762 quae·
1645 2722 1646 2763 3

306 2787 371 2846 dam
395 2785 507 2854 dativo,
537 2791 571 2844 ut
597 2783 674 2845 libet
700 2784 775 2844 mihi
803 2782 859 2842 tibi
883 2783 926 2843 illi
949 2782 1038 2844 nobis
1059 2783 1145 2845 vobis
1167 2783 1237 2845 illis.
1282 2802 1316 2844 ea
1339 2792 1438 2846 autem
1459 2788 1574 2863 inpenso·
1645 2812 1646 2863 j

305 2887 383 2947 nalia
405 2905 480 2966 quae
502 2888 534 2947 in
559 2893 607 2946 tur
634 2893 744 2947 exeunt
767 2885 1054 2946 discriminationem
1082 2904 1278 2965 personarum
1300 2886 1403 2947 miultis
1425 2886 1516 2947 modis
1535 2905 1575 2945 ei·
1645 2886 1646 2903 ¹

302 2990 470 3068 pariuntur.
514 3007 582 3048 nam
610 3006 688 3049 nunc
715 2987 877 3048 ablativum
903 2986 1041 3057 trabunt,
1065 2995 1098 3047 ut
1125 2990 1240 3064 geritur
1262 3008 1279 3048 a
1300 3006 1346 3049 me
1371 3006 1387 3047 a
1409 2995 1439 3048 te
1461 2986 1496 3047 ab
1517 2986 1605 3054 illo;s
1645 3004 1646 3009 ¹

302 3108 382 3149 nunc
397 3091 596 3150 accusativum
617 3108 684 3150 cum
706 3090 943 3169 praepositione,
966 3095 1002 3150 ut
1022 3092 1138 3167 geritur
1159 3108 1214 3169 per
1235 3108 1282 3150 me
1304 3107 1361 3169 per
1382 3096 1412 3150 te
1434 3108 1486 3169 per
1506 3088 1576 3148 illum
1645 3116 1646 3125 ι

302 3209 356 3269 per
379 3209 433 3251 nos
454 3208 579 3269 perros
601 3210 654 3271 per
676 3191 759 3259 lbos,
788 3198 821 3251 ut
843 3190 1005 3252 Terentius
1027 3190 1112 3271 ‘per
1134 3209 1239 3270 quem
1260 3209 1322 3252 res
1344 3198 1496 3269 geretur
1515 3208 1575 3249 ma-

302 3294 424 3360 xime’,
448 3290 621 3372 etPlaultus
642 3295 739 3353 ‘itur
761 3294 803 3353 ad
826 3298 898 3362 te';
923 3311 1000 3353 nunc
1017 3293 1163 3363 tlativum,
1180 3300 1212 3353 ut
1235 3293 1344 3354 dicitur
1366 3294 1441 3354 mihi
1462 3292 1516 3354 tibi
1530 3291 1575 3351 illi.
1645 3338 1646 3345 ι

183 3408 289 3471 382310
386 3394 561 3471 Conlugatio
589 3402 635 3455 est
662 3395 798 3456 collectio
824 3394 986 3474 quaedam,
1015 3413 1104 3474 quam
1126 3393 1232 3454 Graeci
1255 3390 1410 3474 σύστημα
1432 3394 1576 3475 appellant,
1645 3404 1646 3451 1

301 3493 457 3556 verborum
480 3495 570 3556 simili
593 3496 791 3557 declinatione
814 3497 1009 3557 currentium.
1044 3497 1268 3573 coniugationes
1295 3504 1393 3556 autem
1422 3504 1490 3558 sunt
1514 3504 1607 3559 creso
1645 3488 1646 3535 t

299 3600 395 3676 prima
423 3598 552 3658 secunda
579 3600 682 3668 tertia,
712 3598 822 3679 quibus
845 3599 979 3659 ordinem
1002 3599 1121 3659 numeri
1142 3598 1311 3658 litterarum
1333 3600 1366 3658 in
1388 3598 1496 3679 quibus
1516 3614 1574 3676 per·

298 3702 465 3778 spiciuntur
493 3700 566 3761 ordo
593 3699 758 3761 distribuit.
803 3700 910 3761 barum
937 3701 1056 3779 regulas
1083 3702 1109 3761 si
1139 3700 1298 3778 diligenter
1321 3700 1519 3769 attendamus,
1539 3698 1574 3757 lo·
1645 3674 1646 3719 ¹

296 3801 408 3880 quendi
431 3802 598 3862 emendatio
620 3801 828 3881 subsequetur.
860 3809 890 3864 et
912 3804 1041 3881 primum
1062 3801 1135 3863 illud
1157 3804 1234 3863 scire
1257 3821 1311 3864 nos
1333 3804 1485 3871 convenit,
1507 3800 1576 3880 quod
1645 3782 1646 3839 Ῠ

295 3902 425 3963 litteram
448 3922 524 3983 quae
546 3905 786 3981 coniugationem
808 3904 941 3965 declarat
962 3904 1122 3965 indicativo
1145 3905 1232 3967 modo
1254 3906 1398 3983 temporis
1420 3904 1576 3984 praesentis

295 4007 413 4065 numeri
441 4005 602 4083 singularis
629 4008 662 4065 in
689 4023 817 4084 persona
845 4005 974 4067 secunda
1001 4008 1160 4084 requirere
1188 4005 1346 4075 debemus,
1375 4006 1482 4067 deinde
1504 4003 1606 4083 quode

295 4108 424 4166 activum
452 4113 482 4165 et
508 4107 643 4166 neutrale
673 4106 797 4167 verbum
828 4108 942 4168 similes
970 4121 1088 4187 semper
1115 4109 1233 4187 regulas
1259 4111 1290 4169 in
1324 4104 1574 4187 coniugationibus
1645 4100 1646 4135 ³

363 4275 456 4327 liutlo
475 4275 497 4325 la
514 4277 533 4325 it
553 4286 596 4327 ent
614 4291 706 4340 quasso
722 4292 751 4327 aa
773 4287 799 4327 at
818 4279 866 4329 M:
885 4277 940 4327 iullt
957 4293 1004 4331 om.
1024 4278 1080 4329 BL
1167 4277 1352 4330 bensuaBL
1440 4275 1574 4328 taemnda

292 4360 353 4394 nero
371 4360 482 4409 persona
502 4362 587 4395 casum
607 4347 684 4395 trabit
700 4349 846 4397 uocatiunm
862 4347 917 4398 BL
972 4348 1002 4398 11
1020 4349 1051 4397 de
1070 4348 1240 4413 inpersonalia
1255 4362 1350 4414 genere
1368 4347 1443 4411 (add.
1461 4351 1485 4397 in
1499 4358 1572 4407 nuru.

292 4416 669 4480 etitem)Ldeimpersonalis
687 4425 770 4466 autem
787 4433 882 4481 genere
899 4418 925 4467 B
1015 4418 1047 4469 15
1068 4426 1172 4484 potuero
1191 4417 1223 4469 M
1310 4418 1342 4471 16
1361 4418 1398 4468 11Ιί
1417 4417 1499 4468 euenit
1517 4414 1573 4463 mibi
1645 4434 1646 4463 ι

291 4485 385 4533 tibiilli
405 4487 443 4534 L:
460 4488 545 4535 euenit
563 4487 806 4550 temerandae!
858 4488 889 4537 17
908 4494 935 4535 ut
951 4486 1192 4538 inconsutae-due.-
1213 4496 1299 4538 utotn.
1319 4487 1414 4538 BML
1471 4484 1501 4537 19
1516 4480 1570 4547 stat]
1645 4496 1646 4563 q

296 4554 376 4619 Verp.
393 4554 458 4608 Aen.
479 4558 501 4605 ll
523 4555 574 4606 750
627 4554 727 4621 omnes]
744 4556 979 4608 nouoaSicbordua
1039 4560 1071 4607 22
1087 4553 1169 4622 decet]
1190 4557 1315 4608 taedetB
1384 4550 1569 4624 ttpeequen]

295 4624 393 4677 Terent.
414 4624 513 4679 Phoron.
526 4626 593 4687 prol.
613 4626 648 4675 28
717 4628 814 4691 geritur
833 4626 867 4676 M
951 4628 985 4678 28
1003 4628 1059 4691 itur]
1079 4630 1164 4677 Plout.
1184 4628 1276 4677 Pseud.
1297 4630 1307 4677 l
1327 4628 1359 4687 5,
1377 4626 1411 4678 38
1430 4630 1462 4685 (u.
1478 4619 1571 4680 tetur

340 4708 407 4742 nunc
419 4709 465 4760 per
476 4696 588 4745 datiuum
601 4704 629 4745 ut
645 4695 738 4745 dicitnr
749 4696 888 4749 Sicine-dm
903 4711 970 4747 nunc
984 4712 1030 4763 per
1044 4698 1157 4747 datiuum
1175 4697 1266 4747 dicitur
1277 4697 1361 4748 BML
1411 4697 1444 4747 29
1460 4706 1568 4746 caenam
1645 4694 1646 4733 l

290 4761 346 4810 BL
364 4778 557 4816 creterrarum.
576 4778 696 4816 crunnus
720 4766 753 4813 M
773 4766 911 4833 συζυγίαν
928 4766 1067 4825 Sieltarrlus
1154 4766 1189 4817 30
1209 4765 1257 4817 bae
1280 4776 1365 4817 aretem
1387 4764 1568 4831 coniugationes

290 4840 342 4879 tres
363 4842 420 4880 sunt
439 4834 494 4881 Bu
566 4833 600 4881 33
620 4838 768 4895 exsequitur
782 4851 851 4884 corr.
869 4836 1032 4901 subsequitur
1051 4839 1083 4887 M
