3350 5442
607 311 845 374 eonnnnrvn
1109 274 1110 277 ‘
1315 314 1375 377 133

102 499 205 581 hapud
223 499 343 560 latinos
362 502 403 560 ita
425 500 458 560 lit
480 500 531 579 Η.
566 500 668 560 scinde
689 499 746 561 hoe
766 502 863 580 ipsum
891 502 1021 563 medium
1046 500 1189 584 [apicem]
1198 423 1376 571 ,1)ιέἷὴἔοίιέῑί

102 622 178 665 unam
198 601 307 673 dasian,
330 620 420 664 unam
441 601 546 683 psilen.
592 603 683 663 scissa
705 601 754 663 illa
777 601 884 664 littera'
898 610 927 665 et
948 603 1021 666 illud
1043 613 1072 666 et
1093 604 1165 667 illud
1187 606 1331 667 lecerunt.

598 788 646 850 DE
668 788 865 853 Posirvnis

170 928 208 989 ne
234 927 375 1006 posituris
402 925 482 1006 quod
504 932 624 995 traotat,
654 925 726 988 nibil
749 933 803 989 est.
850 927 937 989 doeet
958 946 1046 1007 quem
1068 928 1105 988 ad
1128 930 1247 990 modum
1270 930 1492 1010 distin-42¹1,3a

79 1040 192 1110 agnatur
216 1029 320 1091 oodea.
363 1031 389 1090 si
416 1030 460 1090 vis
489 1027 610 1109 plenum
632 1046 751 1089 sensum
775 1028 947 1109 designare,
971 1039 1115 1110 punotum
1136 1050 1214 1111 pone
1236 1032 1272 1093 ad
1295 1017 1446 1094 sum-‘¹⁸4’
1460 1020 1493 1067 ²3

98 1152 163 1194 mam
184 1131 325 1200 litteram;
354 1133 380 1193 si
402 1132 445 1191 vis
467 1130 612 1200 medinm,
637 1131 673 1191 ad
697 1132 823 1193 mediam
845 1131 973 1193 litteram
996 1152 1073 1212 pone
1095 1141 1255 1214 punctnm;
1285 1137 1310 1195 si
1332 1138 1375 1197 vis

97 1234 238 1295 ostendere
260 1232 411 1295 modicum
432 1250 588 1312 superesse
610 1232 648 1293 de
670 1251 775 1313 sensu,
799 1233 834 1294 ad
859 1235 948 1295 imam
971 1234 1098 1297 litteram
1120 1255 1199 1316 pone
1220 1245 1372 1317 punctum.

96 1341 129 1399 ita
153 1334 237 1397 debes
263 1336 450 1397 discernere:
479 1334 597 1413 qnando
624 1334 731 1415 plenus
753 1343 798 1396 est
825 1343 855 1415 et
882 1337 997 1415 integer
1020 1356 1140 1414 sensus,
1170 1337 1206 1398 ad
1229 1357 1374 1400 summam

98 1440 208 1500 litteram
229 1439 369 1518 ponimus
390 1444 550 1518 punetnm;
578 1436 697 1518 qnando
724 1437 842 1499 medius
865 1444 922 1514 est,
952 1447 1076 1520 utputa
1101 1448 1243 1518 quantum
1266 1440 1375 1501 dixeris

70 1564 88 1602 n
98 1550 194 1603 tantun
216 1542 360 1621 supersit,
385 1540 421 1601 ad
435 1539 565 1600 mediam
580 1541 732 1620 ponimus;
756 1538 873 1617 quando
888 1540 1040 1620 paululum
1056 1551 1191 1623 superest
1206 1551 1236 1604 et
1251 1561 1374 1623 suspen·

97 1644 209 1705 dandum
236 1649 295 1713 est,
326 1642 480 1723 adimam
507 1638 513 1723 Ι
541 1624 671 1703 litteram
698 1643 846 1721 ponimus.
890 1642 980 1722 plane
1008 1644 1070 1705 oola
1094 1651 1123 1707 et
1145 1652 1290 1707 commata
1313 1664 1374 1707 non

96 1754 154 1808 sunt
172 1754 266 1827 partes
287 1746 446 1817 orationis,
475 1744 527 1805 sed
550 1752 650 1825 partes
671 1742 801 1825 periodi,
831 1744 861 1805 id
885 1752 931 1805 est
953 1764 1013 1807 non
1036 1753 1105 1807 sunt
1128 1747 1259 1808 membra
1284 1766 1373 1828 quae-

98 1850 154 1909 dam
176 1849 319 1918 continua,
344 1848 396 1909 sed
418 1854 518 1927 partes
540 1856 611 1909 sunt
632 1847 840 1907 continuorum
863 1847 1075 1910 membrorum.
1119 1857 1152 1911 ut
1174 1856 1244 1930 puta
1266 1852 1372 1920 oratio,

96 1949 196 2031 pando
220 1951 338 2029 integra
366 1957 424 2019 est,
453 1948 594 2028 periodos
621 1956 680 2018 est;
709 1954 809 2028 partes
837 1950 930 2028 ipsius
950 1950 1066 2030 periodi
1088 1951 1154 2011 oola
1178 1959 1207 2012 et
1227 1960 1372 2013 commata

69 2039 160 2113 nsunt.
188 2059 218 2112 ut
237 2059 308 2131 puta
331 2057 542 2136 ‘quousque
566 2049 711 2111 tandem
734 2048 904 2122 abutere,
925 2050 1103 2113 Catilina'
1128 2072 1187 2114 non
1210 2060 1253 2115 est
1275 2063 1372 2134 eaput,

95 2154 139 2215 sed
158 2151 241 2214 colon
264 2163 325 2223 est,
356 2158 479 2233 ‘quam
508 2152 571 2215 diu
599 2155 672 2214 iste
694 2155 802 2214 luror
825 2161 909 2215 tuus
931 2172 997 2215 nos
1026 2154 1174 2217 eludet'
1203 2154 1289 2217 colon
1317 2166 1372 2225 est,

95 2262 202 2337 ‘quem
230 2254 275 2316 ad
304 2255 419 2316 linem
450 2273 532 2316 sese
559 2254 720 2315 iactabit
746 2252 918 2316 audaeia'
947 2254 1034 2339 colon
1063 2267 1123 2327 est,
1154 2256 1314 2319 ‘nihilne
1339 2266 1373 2319 te
1432 2282 1437 2291 ·

95 2368 302 2421 nocturnum
324 2356 553 2438 praesidium
575 2355 730 2417 Palatii'
754 2356 842 2418 colon
865 2364 917 2419 est.
947 2363 1018 2437 puta
1040 2357 1175 2438 ‘siquis
1198 2368 1370 2429 vestrum,

95 2461 236 2531 indices,
267 2466 330 2521 aut
352 2477 475 2520 eornm
498 2460 560 2539 qui
582 2457 720 2520 adsunt
746 2458 846 2519 iorte
874 2461 1060 2521 mirantur
1088 2465 1169 2521 me'.
1214 2460 1278 2521 oola
1305 2468 1374 2522 sunt

66 2567 140 2625 aista
158 2565 262 2623 omnia.
306 2561 411 2623 ubiubi
432 2560 659 2641 suspendendus
682 2566 728 2632 est
749 2579 854 2623 sensus
876 2562 929 2633 ita,
955 2570 986 2623 ut
1009 2580 1063 2622 neo
1085 2563 1144 2623 iam
1166 2561 1299 2623 videatur
1322 2580 1371 2621 er-

94 2665 178 2745 pletns
202 2684 259 2726 neo
281 2664 358 2726 desit
379 2663 505 2752 aliquid,
537 2662 624 2725 colon
647 2662 763 2724 dieitur.
808 2681 880 2742 ergo
902 2663 1041 2743 periodos
1064 2671 1108 2725 est
1130 2665 1245 2742 integra
1268 2665 1371 2734 oratio,

94 2771 223 2847 integrum
246 2774 350 2848 capnt;
384 2773 484 2846 partes
507 2775 605 2828 autern
627 2767 721 2846 ipsius
743 2765 848 2845 eapitis
871 2764 1055 2845 appellantur
1078 2764 1143 2827 oola
1165 2772 1194 2827 et
1216 2772 1370 2827 commata.

29 2887 30 2890 ’
94 2870 140 2929 hoo
167 2870 283 2950 quidem
312 2868 391 2947 apud
420 2874 553 2929 oratores
581 2867 753 2928 indifferens
784 2875 844 2937 est;
874 2867 950 2948 apud
978 2877 1080 2948 poetas
1101 2867 1225 2929 multum
1248 2869 1374 2929 interest

29 3029 30 3056 y
93 2974 160 3032 inter
180 2971 265 3032 colon
288 2978 319 3031 et
339 2988 465 3031 comma.
494 2988 562 3031 nam
587 2969 637 3031 ubi
658 2978 726 3050 post
740 2968 815 3031 duos
836 2970 929 3050 pedes
951 2977 1087 3050 superest
1108 2968 1233 3051 syllaba,
1256 2988 1372 3035 comma

68 3081 144 3144 aest3
170 3074 219 3135 ubi
246 3081 314 3154 post
340 3072 415 3133 duos
440 3072 533 3151 pedes
561 3071 650 3142 nihil,
680 3071 766 3133 eolon
795 3081 848 3133 est.
894 3079 927 3134 nt
954 3079 1021 3151 puta
1046 3071 1158 3133 ‘arma
1181 3074 1372 3150 virumque

94 3180 196 3245 rano'‚
220 3177 332 3236 armavi
354 3191 514 3252 rumqneoa
537 3192 593 3243 no;
617 3192 687 3236 eece
708 3182 778 3254 post
799 3174 874 3235 duos
889 3174 980 3255 pedes
995 3182 1133 3254 superest
1153 3172 1276 3255 syllaba:
1301 3192 1371 3235 ecee

94 3278 140 3337 hoe
157 3276 319 3358 appellatur
334 3295 458 3338 comma.
490 3278 514 3336 si
538 3275 618 3338 dieas
640 3274 760 3356 ‘Tityre
782 3278 936 3349 maxime',
961 3276 1062 3357 Tityre
1086 3278 1212 3337 maxime
1228 3275 1286 3337 dno
1302 3286 1372 3338 sunt

29 3401 30 3422 1
94 3380 200 3458 dactyli,
227 3398 298 3441 eece
328 3377 332 3457 l
362 3378 435 3439 nibil
463 3385 613 3458 superest,
643 3379 694 3439 sed
722 3379 780 3457 ipsi
802 3378 894 3457 pedes
917 3379 1023 3440 liniunt
1043 3380 1140 3459 ipsam
1161 3377 1369 3448 elocutionem,

29 3475 30 3542 J
94 3502 157 3561 qnae
178 3481 342 3562 appellatur
364 3479 462 3543 colon.
492 3479 569 3561 apud
593 3488 727 3542 oratores
748 3480 876 3542 incisum
891 3480 1016 3542 dioimns
1039 3489 1069 3542 et
1090 3487 1270 3561 protentum.
1299 3500 1368 3561 pro·

534 3718 562 3753 aa

153 3774 162 3822 1
184 3772 200 3821 h
223 3772 293 3836 apud
313 3772 405 3821 latinos
426 3770 461 3819 ita
484 3769 511 3820 lit
527 3772 567 3820 sio
584 3770 645 3820 inde
663 3768 692 3834 (h
711 3771 780 3834 apud
804 3770 898 3821 latinos
921 3770 980 3819 inde
1003 3768 1029 3817 iit
1047 3769 1134 3818 scinde
1151 3768 1188 3833 B)
1215 3769 1263 3819 hoo
1286 3771 1369 3836 ipanm

29 3889 30 3898 ,
95 3842 191 3891 medinm
216 3843 316 3907 apicem
333 3850 359 3891 et
377 3840 461 3891 iecisti
480 3856 555 3891 unam
574 3839 663 3889 dasian
687 3855 763 3890 arnam
789 3839 888 3907 phislen
914 3840 1008 3906 (psilen
1026 3838 1062 3900 B)
1079 3838 1162 3889 saissa
1182 3839 1226 3889 illa
1243 3840 1326 3889 littera
1346 3851 1370 3889 et

95 3912 146 3961 iliud
166 3920 190 3961 at
207 3912 269 3962 illud
287 3912 334 3975 (de
351 3912 412 3964 add.
432 3912 469 3971 B)
491 3910 606 3961 lecerunt
625 3910 676 3961 BG
697 3910 713 3959 h
738 3912 806 3974 apud
824 3910 917 3960 latinos
937 3910 971 3959 ita
991 3908 1018 3959 tit
1037 3908 1097 3959 inde
1117 3908 1199 3975 (carr.
1219 3911 1305 3959 scinde
1324 3908 1369 3974 ai)

95 3980 133 4029 hoe
154 3982 233 4047 ipsam
258 3981 342 4047 (corr.
360 3982 436 4047 ipsud
451 3978 479 4045 o)
502 3982 613 4031 medinm
635 3981 736 4046 apicem
764 3989 789 4029 et
815 3980 896 4030 iecisti
925 3995 1000 4031 unam
1025 3980 1059 4028 da
1080 3979 1186 4029 litteram
1210 3981 1265 4030 sian
1293 3995 1368 4029 unam
1418 4004 1423 4009 ·

96 4053 125 4115 psi
142 4092 264 4106 ,,,,,,,
289 4051 393 4114 (dasian
407 4066 484 4101 unam
504 4051 588 4115 psilen
610 4049 641 4114 o)
665 4052 746 4100 scissa
769 4049 815 4099 illa
832 4090 958 4106 ,,,,,,,
978 4048 1034 4111 (illa
1053 4048 1136 4099 littera
1154 4060 1179 4100 et
1195 4047 1240 4113 α’)
1264 4047 1370 4099 illudet

96 4121 146 4170 iliad
160 4122 281 4189 ,iecerunt
299 4122 325 4170 A
341 4120 360 4171 h
375 4130 436 4187 aput
454 4121 547 4170 latinos
564 4123 600 4171 ita
617 4121 644 4168 tit
661 4120 721 4169 inde
735 4120 785 4169 hoo
802 4121 886 4185 ipsum
904 4120 1016 4170 medinm
1035 4119 1132 4183 apioem
1149 4129 1173 4170 et
1193 4119 1274 4170 iecisti
1293 4134 1367 4169 nnam

96 4192 121 4238 da
140 4190 165 4240 lit
183 4192 262 4241 silean
283 4206 340 4241 .m.
361 4206 436 4241 unam
455 4191 543 4240 sileam
563 4191 644 4241 saissa
663 4190 707 4240 illa
719 4190 811 4239 sillaba
828 4198 854 4239 et
869 4190 931 4241 illud
950 4190 1063 4239 lecerunt
1082 4188 1106 4237 L
1175 4189 1191 4240 6
1209 4190 1241 4240 ad
1260 4190 1369 4239 mediam

97 4261 186 4310 litteram
202 4264 225 4311 si
245 4262 285 4312 nis
302 4261 328 4310 A
350 4263 383 4312 od
400 4262 511 4311 mediam
529 4261 637 4311 litteram
662 4275 727 4326 pone
752 4268 882 4325 punctum.
917 4261 952 4310 ita
974 4262 1042 4321 (nam
1060 4258 1099 4321 B)
1124 4260 1201 4309 debes
1225 4260 1369 4327 discernere

96 4331 182 4391 spuendo
198 4333 291 4397 plenus
312 4340 351 4381 est
368 4340 393 4381 et
410 4333 508 4397 integer
526 4347 617 4382 sensns
636 4332 658 4380 si
675 4332 714 4381 uis
731 4330 784 4381 BC
852 4330 870 4382 9
888 4338 1009 4393 quantum
1029 4329 1125 4379 dixeris
1143 4336 1240 4379 tantum
1258 4331 1370 4395 supersit

97 4401 211 4450 duntona
228 4403 324 4451 dixeris
342 4410 367 4450 et
384 4409 482 4451 tantum
499 4401 610 4466 supersit
626 4400 683 4450 AB
737 4401 768 4451 ll
784 4406 843 4463 port
860 4401 977 4464 ponimns
996 4401 1021 4449 in
1033 4400 1086 4461 flue
1097 4402 1206 4465 popinae
1225 4400 1287 4451 haec
1305 4400 1367 4454 add.

97 4474 240 4537 aarum,
260 4472 345 4521 dietae
362 4478 445 4521 autern
463 4473 594 4537 positurae
615 4472 654 4521 nel
674 4472 733 4534 quia
745 4472 846 4535 punctis
859 4470 950 4534 positis
969 4469 1121 4519 adnotantur
1135 4469 1175 4519 nel
1191 4471 1252 4533 quia
1264 4471 1300 4519 ibi
1318 4483 1369 4519 uox

98 4555 132 4603 pro
150 4541 279 4591 interuallo
298 4542 467 4591 distinotionis
484 4542 627 4607 deponitur.
646 4542 694 4591 hae
708 4542 778 4605 greci
797 4540 876 4589 thesis
896 4540 966 4589 latini
982 4540 1109 4604 posituras
1128 4550 1220 4589 uocant
1290 4539 1322 4590 13
1343 4550 1369 4590 ot

98 4620 145 4681 pata
160 4613 237 4661 oratio
253 4608 308 4661 Μ
326 4620 355 4661 ut
373 4622 435 4678 puta
449 4627 509 4677 pars
525 4612 645 4661 orationis
663 4611 721 4672 BC,
741 4627 787 4664 om.
806 4609 831 4660 A
902 4611 934 4661 15
953 4608 1096 4677 quousque]
1119 4610 1170 4663 bie.
1187 4612 1213 4660 in
1231 4608 1305 4663 Catil.
1324 4613 1333 4660 l
1354 4611 1366 4661 l

152 4682 310 4731 abutereBa
327 4684 431 4733 abutere
451 4682 560 4732 Gabute
576 4680 601 4730 A
657 4681 689 4732 16
702 4678 772 4747 tuus]
794 4680 895 4731 inosA
956 4680 987 4729 17
1005 4680 1109 4731 iactauit
1126 4680 1209 4731 ABG
1258 4678 1365 4746 nihilne]

29 4738 30 4774 ³
100 4748 181 4802 nihilG
248 4752 280 4803 18
301 4748 394 4819 siquis]
417 4753 468 4803 Cic.
487 4752 712 4805 dinia.inCaeeil,
733 4752 774 4802 ll
849 4751 881 4801 19
894 4758 938 4800 ant
952 4764 1039 4800 eorum
1056 4750 1130 4801 aua
1153 4759 1178 4799 et
1195 4758 1223 4799 nt
1240 4750 1368 4803 eornmA

100 4821 243 4872 ninantan
296 4822 386 4873 anabi
401 4820 708 4872 ubiAnbiBnbietG
760 4822 792 4888 27
809 4820 972 4871 dieatABG
1022 4819 1367 4881 recommemorata*
