3350 5442
617 357 853 422 conmuniter
1320 354 1384 419 203

1196 466 1357 521 pau-rar.

176 546 292 609 infinita
314 563 389 625 quae
412 498 549 609 dicuntur
572 548 766 628 pronomina.
789 549 860 609 ista:
885 550 961 628 quis.
992 566 1060 609 nam
1078 547 1196 628 quando
1218 547 1284 608 dico
1307 547 1383 626 quis,
1395 552 1484 611 410,6

88 649 230 727 generale
252 667 418 731 pronomen
442 656 501 720 est;
524 657 620 730 potes
632 658 661 711 et
682 650 719 711 de
740 649 792 711 illo
815 648 903 710 etde
925 649 975 711 illo
999 658 1029 711 et
1051 650 1087 711 de
1109 649 1246 731 pluribus
1265 648 1382 710 intelle·
1396 622 1456 683 ⁵⁰⁰²
1470 620 1502 672 ¹3

86 768 172 829 gere.
217 760 262 813 est
288 753 376 812 etiam
405 752 503 813 minus
532 771 617 832 quam
648 753 763 814 linitum
786 770 967 831 pronomen,
992 752 1048 813 lieo
1071 754 1382 814 commemorationem

87 854 161 915 iacit
183 862 270 915 notae
292 872 453 934 personae,
477 854 534 915 boc
557 862 604 915 est
624 856 697 935 ipse.
743 872 802 914 non
825 872 945 933 possum
968 854 1070 915 dicere
1092 854 1156 934 ipse
1180 851 1184 935 1
1207 855 1266 914 nisi
1288 853 1325 913 de
1348 872 1383 914 ee

60 972 179 1035 squern
202 962 234 1018 tu
257 957 335 1018 nosti
357 962 387 1017 et
410 972 465 1033 ego
497 962 546 1017 aut
578 956 614 1016 de
638 975 673 1017 eo
695 974 783 1035 quern
807 962 892 1016 autea
917 958 1154 1017 commemoravi.
1199 963 1270 1035 puta
1293 957 1384 1017 ‘Ver-

87 1057 180 1136 gilius
201 1060 321 1139 scripsit
342 1056 515 1119 bucolicai'
538 1060 564 1119 si
586 1076 633 1118 me
655 1058 838 1136 interroges,
862 1056 930 1118 dico
954 1057 1007 1118 tibi
1029 1060 1110 1137 ‘ipse
1133 1062 1204 1120 est’.
1240 1058 1292 1119 sed
1314 1076 1383 1137 pos·

87 1178 158 1222 sum
182 1160 282 1221 dicere
304 1158 470 1239 ‘Vergilius
493 1161 610 1240 scripsit
632 1158 795 1229 bucolica’,
820 1158 889 1220 nolo
910 1169 1008 1221 autem
1024 1159 1081 1221 boc
1104 1158 1218 1229 dicere,
1241 1159 1294 1221 sed
1317 1160 1383 1221 dico

87 1260 160 1322 ‘ille
184 1266 243 1322 est’
269 1289 287 1322 a·
310 1262 381 1342 quid
397 1280 469 1341 ergo
486 1263 543 1323 erit
557 1262 758 1323 differentiae?
781 1278 850 1322 nam
873 1264 988 1341 etipse
1010 1269 1040 1322 et
1061 1261 1111 1324 ille
1135 1270 1164 1322 et
1185 1261 1264 1322 idem
1287 1264 1385 1323 minus

86 1382 179 1443 quam
201 1365 281 1425 linita
305 1366 481 1445 pronomina
503 1370 581 1425 sunt.
625 1363 695 1443 quid
724 1381 794 1443 ergo
824 1366 880 1425 erit
902 1363 1104 1426 differentiae?
1136 1382 1259 1444 quaere,
1284 1373 1383 1426 utrum

51 1486 73 1522 ro
86 1467 125 1525 sit
154 1483 300 1545 praesens
327 1485 364 1528 an
394 1465 502 1528 absens
529 1464 579 1527 illa
607 1484 743 1546 persona.
786 1483 931 1545 praesens
956 1468 982 1527 si
1008 1469 1048 1527 sit
1075 1468 1128 1544 qui
1155 1467 1288 1546 scripsit,
1318 1465 1385 1526 dico

87 1566 156 1627 ‘iric
178 1569 321 1648 scripsit’.
353 1570 378 1629 si
400 1567 508 1630 absens
530 1575 575 1629 est
597 1568 758 1646 Vergilius,
783 1576 812 1655 91
833 1569 1000 1647 interroges
1014 1587 1062 1629 me
1084 1568 1249 1648 ‘Vergilius
1265 1569 1386 1649 scripsit

87 1666 270 1739 bucolical’,
306 1670 372 1731 dico
406 1672 513 1751 ‘ipset
560 1686 631 1748 ergo
663 1670 721 1730 hoc
754 1671 878 1731 interest
903 1671 984 1732 inter
1015 1674 1078 1751 ipsa
1111 1672 1166 1732 ista
1198 1673 1383 1751 pronomina,

87 1770 178 1849 quod,
195 1771 232 1832 ad
249 1779 437 1852 praesentem
459 1791 618 1853 personam
634 1772 752 1853 quando
774 1772 946 1843 referimus,
969 1772 1019 1833 bic
1041 1772 1181 1843 dicimus;
1206 1773 1324 1854 quando
1347 1772 1384 1833 de

87 1872 213 1936 absente
240 1874 414 1936 relationem
448 1876 587 1946 iacimus,
617 1876 681 1955 ipse
710 1875 844 1935 dicimus.
890 1881 920 1935 et
946 1876 1000 1936 ista
1033 1876 1177 1937 servanda
1205 1882 1282 1963 sunt.
1327 1893 1383 1955 qua

52 1995 75 2033 15
86 1977 204 2038 ratione
232 1976 290 2038 boc
316 1976 401 2038 dico?
440 1976 617 2058 plerumque
647 1978 678 2038 in
708 1976 879 2039 auctoribus
906 1978 1072 2039 invenimus
1100 1977 1184 2039 aliter
1210 1979 1307 2058 posita
1334 1986 1385 2039 aut

86 2076 209 2139 licentia
238 2085 289 2140 aut
316 2082 403 2141 metri
431 2080 617 2141 necessitate.
663 2080 731 2141 ideo
759 2079 835 2141 lacta
862 2087 932 2141 sunt
959 2080 1109 2141 schemata
1133 2088 1163 2142 et
1188 2080 1382 2161 metaplasmi.

88 2198 163 2258 ergo
192 2180 311 2260 quando
339 2183 383 2243 vis
412 2182 448 2243 de
474 2189 631 2262 praesente
660 2199 787 2263 persona
816 2181 913 2260 loqui,
937 2180 985 2242 dio
1005 2181 1073 2243 ‘bic
1095 2186 1171 2251 est';
1200 2183 1318 2263 quando
1340 2185 1384 2243 vis

88 2282 125 2342 de
155 2281 278 2344 absente
305 2300 449 2363 persona,
479 2284 526 2344 dio
554 2285 619 2365 ipse
646 2284 672 2345 is
699 2283 793 2355 idem,
824 2290 854 2344 et
881 2283 1089 2365 quodcumque
1118 2283 1245 2346 volueris
1267 2285 1304 2346 de
1325 2283 1384 2344 illis

86 2384 295 2465 superioribus
322 2384 557 2466 pronominibus.
604 2387 646 2447 vis
673 2387 750 2447 scire
779 2387 918 2465 quoniam
947 2394 1045 2448 serrat
1065 2388 1136 2447 istas
1157 2389 1288 2448 rationes
1311 2388 1382 2448 Ver-

50 2504 72 2543 m
85 2485 196 2565 gilius?
219 2489 333 2551 deneas
357 2487 525 2569 [quaeritur
546 2506 563 2550 a
584 2487 700 2550 Didone
721 2505 782 2548 non
804 2487 961 2570 praesens]
985 2490 1137 2570 quaeritur
1159 2508 1175 2549 a
1197 2489 1301 2550 Latino
1322 2508 1381 2551 uon
1440 2518 1453 2541 κ

2 2660 3 2673 ἶ
84 2607 246 2669 praesens,
916 2590 928 2603 “

2 2678 3 2707 l
241 2694 320 2771 ipse
342 2693 446 2754 modo
469 2697 623 2763 Aeneas,
648 2694 772 2753 nostri
794 2694 825 2754 si
847 2699 949 2754 tanta
970 2692 1106 2772 cupido
1129 2700 1201 2768 est,

241 2795 429 2857 adveniat:

86 2896 171 2975 ‘ipse
193 2902 308 2959 Aeneas
330 2896 501 2966 adveniat';
525 2896 606 2957 vides
628 2896 666 2957 de
689 2896 811 2959 absente
834 2916 898 2958 esse
920 2896 1114 2979 relictionem.
1145 2899 1289 2960 Anchises
1304 2898 1381 2979 apud

50 3014 73 3053 2¹⁵
87 2998 207 3061 interos
229 2999 357 3061 ostendit
379 3007 549 3079 praesentes
571 3017 714 3079 personas
736 2998 809 3071 tilio,

238 3100 302 3163 hic
323 3102 392 3173 vir,
416 3101 475 3163 hie
498 3110 567 3173 est,
590 3100 661 3162 tibi
684 3117 790 3179 quem
813 3104 986 3181 promitti
1007 3105 1159 3183 saepius
1181 3104 1296 3166 audis.

174 3204 253 3265 Sunt
274 3204 362 3265 etiam
385 3207 565 3283 possessiva:
590 3204 756 3284 possessiva
778 3203 918 3265 dicuntur
933 3223 1010 3284 quae
1032 3204 1142 3286 aliquid
1158 3224 1213 3268 nos
1227 3206 1383 3287 possidere

85 3305 259 3371 ostendunt.
305 3306 423 3385 quando
451 3305 517 3367 dieo
545 3324 644 3375 meus,
669 3302 722 3365 'rne
750 3305 861 3383 aliquid
889 3307 1043 3386 possidere
1070 3307 1209 3377 ostendo;
1238 3316 1320 3378 tuus,
1353 3319 1383 3369 te

2 3456 3 3469 .
84 3406 198 3489 aliquid
221 3408 375 3489 possidere
397 3408 536 3479 ostendo;
561 3426 642 3478 suus,
664 3406 748 3470 illum
771 3406 880 3488 aliquid
903 3408 1056 3489 possidere
1079 3408 1212 3471 ostendo.
1243 3411 1383 3472 istasunt

52 3512 269 3589 apossessiva.

174 3612 249 3675 Sunt
270 3612 327 3675 alia
349 3612 509 3693 qualitatis,
533 3621 565 3674 ut
586 3622 657 3693 puta
680 3611 774 3692 qualis
796 3611 876 3673 talis:
911 3612 1006 3693 qualis
1033 3620 1080 3675 est
1100 3612 1151 3675 ille
1173 3612 1280 3676 homo?
1316 3614 1383 3677 talis

2 3729 3 3823 q
87 3722 141 3775 est.
192 3712 354 3795 [qualitatis
375 3716 490 3796 species
513 3724 584 3777 sunt
604 3714 701 3793 istae]
746 3714 801 3777 alia
824 3716 1008 3794 quantitatis,
1032 3723 1159 3795 quantus
1181 3724 1290 3779 tantus.
1326 3717 1382 3779 alia

2 3828 3 3859 t
86 3826 156 3878 sunt
179 3819 311 3888 numeri,
341 3824 412 3895 quot
435 3825 486 3879 tot.
532 3816 609 3898 quod
633 3818 734 3896 siper
756 3816 774 3877 d
797 3817 924 3887 scribas,
954 3819 1075 3895 generis
1097 3819 1195 3879 neutri
1218 3826 1277 3888 est:
1310 3827 1383 3900 quot

87 3919 111 3979 si
133 3938 191 3999 per
213 3926 225 3978 t
246 3918 374 3990 scribas,
404 3921 521 3981 numeri
550 3927 603 3981 est.
650 3928 683 3981 ut
710 3926 781 3999 puta
809 3921 833 3980 si
862 3920 942 3981 dicas
971 3918 1069 3997 quod
1092 3922 1299 3999 mancipium',
1322 3922 1381 3981 iarn

2 4045 3 4200 q
55 4022 191 4082 sneutri
218 4023 339 4100 generis
362 4029 421 4091 est;
449 4023 473 4083 si
501 4021 620 4083 dicas
629 4027 701 4101 quot
727 4020 865 4083 homines
888 4024 1077 4092 veneruntl’,
1106 4024 1165 4084 iam
1188 4024 1305 4084 numeri
1326 4029 1380 4083 est.

87 4122 144 4184 boc
168 4140 240 4202 ergo
261 4122 417 4201 intellege,
442 4125 466 4185 si
488 4141 543 4203 per
564 4131 578 4184 t
598 4123 726 4193 scribas,
752 4125 808 4185 erit
822 4127 955 4193 numeri;
978 4126 1003 4185 si
1025 4124 1128 4204 perd,
1153 4126 1209 4185 erit
1229 4131 1378 4185 neutrum

157 4362 174 4412 5
194 4376 268 4425 quem
284 4370 359 4412 antea
377 4363 401 4411 A
419 4378 494 4427 quem
512 4362 558 4411 tibi
577 4368 636 4412 ante
652 4362 724 4414 BCa
793 4361 810 4413 8
828 4364 941 4414 lacunam
958 4363 1075 4423 indicavi,
1091 4378 1141 4427 qna
1153 4364 1324 4425 prononrinam
1338 4361 1383 4413 lric‘

88 4432 129 4483 ille
148 4432 217 4483 idem
234 4434 428 4483 commensuratio
449 4433 578 4483 excidisse
594 4434 693 4483 uidetur·
762 4432 920 4484 deferentiae
937 4450 954 4484 a
970 4430 1111 4483 deferentia
1128 4433 1154 4481 Α
1172 4432 1316 4482 differentia
1329 4432 1383 4485 Bc

156 4500 349 4553 9dili'erentiee
367 4503 406 4553 Ob
427 4503 570 4553 differentia
590 4502 771 4553 Bdei'erentio
790 4503 813 4551 Α
832 4518 899 4552 corr.
923 4504 985 4553 -tiae
1003 4519 1019 4552 a
1090 4502 1124 4553 10
1143 4504 1185 4565 qui
1204 4505 1306 4567 scripsit
1324 4504 1381 4553 ΑΒ

90 4588 153 4637 quae
173 4573 337 4639 scripsith
406 4575 438 4624 14
458 4569 516 4638 ista]
537 4572 612 4623 itaB
673 4574 704 4623 17
718 4572 760 4622 dic
773 4588 819 4622 orn.
838 4573 930 4633 ABG,
947 4572 1008 4625 add.
1028 4569 1061 4621 a*
1114 4572 1237 4623 liliatam
1256 4574 1380 4623 rationem

90 4644 114 4693 B
130 4644 196 4693 inas
214 4645 330 4693 nationes
350 4642 374 4692 Α
393 4644 454 4693 istas
473 4643 662 4692 terminationes
683 4642 737 4693 Oa*
808 4642 844 4692 20
861 4658 911 4693 non
927 4651 989 4707 pact
1006 4641 1096 4691 Latino
1114 4657 1159 4693 om.
1178 4642 1213 4703 A,
1232 4642 1294 4693 add.
1311 4659 1328 4693 a

1 4764 2 4783 ,
90 4712 122 4762 22
139 4710 207 4779 ipse]
233 4715 313 4779 Verp.
334 4712 397 4763 Aen.
417 4714 462 4763 Vll
480 4712 540 4765 263.
560 4713 593 4762 de
610 4713 708 4763 Didone
728 4715 837 4779 exempli
854 4716 909 4764 ioca
926 4714 989 4777 pani
1011 4720 1115 4775 poterat
1129 4712 1195 4764 Aen.
1217 4711 1261 4761 1111
1280 4712 1312 4764 13
1330 4712 1380 4765 beu

1 4786 2 4833 l
92 4782 184 4845 quibus
202 4782 246 4833 ille
263 4784 369 4832 iactatus
387 4782 448 4833 iotis
503 4782 720 4849 sonatsonat,
740 4783 800 4838 add.
821 4800 838 4835 a
908 4783 943 4837 23
960 4782 1165 4836 adueniutBOa
1182 4783 1270 4833 ueniat
1286 4783 1312 4835 A

1 4854 2 4861 ’
91 4848 570 4920 tom0v111Verp.Atn.VItst

176 5116 190 5149 Ω
