3350 5442
609 310 846 375 couusnrvu
1318 308 1378 373 149

1193 432 1214 473 p.
1229 422 1316 461 118-21
1331 419 1353 459 L.

166 500 221 562 Est
248 503 337 564 etiam
364 499 497 562 verbialc
523 518 647 561 nomen:
677 499 808 562 verbiale
835 500 944 561 dicitur
967 498 971 581 Ι
995 518 1105 563 nomen
1127 500 1206 581 quod
1229 500 1266 561 de
1288 501 1496 571 verbotenus

86 604 213 665 nascitru
242 610 272 663 et
297 604 329 664 io
356 612 403 664 tor
425 620 547 683 semper
569 604 637 663 exit.
683 602 808 663 dicimus
829 604 887 663 iarn
911 604 997 664 istam
1019 603 1161 682 regulam.
1207 620 1266 681 quo
1289 602 1377 664 modo

83 708 114 767 fit
139 705 196 766 boc
223 706 351 767 nomen?
386 706 440 765 ita:
475 704 513 765 de
540 704 665 783 gerundi
692 704 774 765 modi
802 708 904 766 ultimo
925 713 1057 783 tempore
1079 705 1212 767 ultimam
1235 703 1376 785 syllabam

84 806 203 887 [loturi]
232 810 264 867 in
291 826 326 867 or
353 808 443 867 vertis
470 813 501 867 et
528 806 599 867 lacis
627 823 746 867 nomen.
766 811 773 843 ¹
791 806 910 885 legendi
938 806 1064 885 legendo
1086 806 1246 886 legendum
1266 806 1375 868 lectum

60 909 175 973 electu:
198 916 282 971 verte
303 910 391 970 istam
413 906 545 970 ultimam
567 906 708 987 syllabam
730 910 761 969 in
784 926 832 979 or,
858 915 888 969 et
909 909 982 970 lacis
1003 908 1113 970 lector:
1142 910 1270 989 scriptu,
1295 917 1377 971 verte

82 1012 216 1073 ultimam
243 1014 274 1072 in
296 1030 346 1083 or,
368 1012 512 1090 scriptor:
544 1010 661 1081 auditu,
685 1009 814 1071 auditor:
844 1010 937 1079 lectu,
960 1010 1063 1073 lector.
1110 1018 1140 1071 et
1161 1012 1204 1071 sic
1225 1012 1300 1072 liunt
1321 1014 1376 1072 ista

81 1116 210 1176 nomina.
245 1113 357 1175 idcirco
380 1115 469 1175 etiam
490 1112 639 1175 sarciendi
661 1112 818 1174 sarciendo
840 1111 1027 1173 sarciendum
1050 1120 1162 1173 sartum
1185 1126 1280 1175 sartu:
1304 1132 1374 1175 con-

81 1226 161 1278 verte
190 1218 276 1277 istam
303 1215 439 1277 ultimam
459 1217 491 1276 in
514 1235 562 1287 or,
586 1214 708 1295 etquid
730 1214 817 1274 lacit?
847 1223 944 1275 sartor
967 1215 1046 1275 lacit.
1092 1232 1181 1295 saepe
1204 1217 1282 1277 enim
1306 1215 1376 1277 hinc

81 1318 135 1381 sibi
157 1319 273 1379 iaciunt
299 1320 503 1399 quaestionem
526 1326 556 1378 et
579 1316 714 1378 dubitant
735 1316 990 1396 frequentissime,
1019 1316 1090 1397 quid
1114 1316 1241 1379 debeant
1263 1318 1373 1380 dicere.

50 1438 70 1476 1⁰
81 1430 180 1484 utrum
206 1438 304 1482 sarsor
331 1419 457 1482 dicimus
485 1427 536 1481 aut
562 1421 727 1480 sarcinator
754 1425 805 1481 aut
830 1419 943 1479 sartori
956 1436 1034 1479 =non
1056 1425 1155 1498 potest
1176 1420 1241 1491 lieri
1263 1420 1320 1480 nisi
1342 1428 1375 1481 ut

80 1524 166 1584 iaciat
188 1530 294 1584 sartor.
339 1522 475 1584 ultimum
503 1524 582 1583 enim
610 1530 728 1601 tempus
755 1521 883 1599 gerundi
906 1520 987 1582 modi
1009 1527 1091 1582 sartu
1113 1521 1196 1583 lacit:
1235 1530 1375 1585 converte

81 1628 108 1687 in
131 1644 182 1695 or,
205 1631 236 1686 et
250 1626 321 1686 lacit
335 1632 441 1685 sartor.
472 1625 616 1705 numquid
631 1633 717 1705 potes
731 1626 866 1685 invenire
881 1623 1009 1701 aliquam
1025 1626 1282 1685 contrarietatem?
1304 1624 1374 1685 inde

80 1727 126 1789 illa
148 1729 283 1808 quaestio
305 1725 441 1798 solvitur,
464 1728 593 1805 quaein
616 1726 800 1787 dubitatione
822 1734 875 1787 est.
910 1744 984 1787 cano
1008 1733 1038 1785 et
1051 1708 1160 1785 cauto:
1184 1728 1297 1787 faciunt
1318 1727 1374 1787 sibi

82 1829 198 1892 nitrum
221 1830 439 1911 quaestionem,
468 1848 537 1891 cum
559 1829 649 1891 verba
671 1827 787 1889 diversa
809 1830 877 1889 sint.
922 1845 990 1889 nam
1014 1827 1049 1889 ab
1073 1845 1108 1888 eo
1131 1827 1210 1907 quod
1233 1835 1278 1889 est
1300 1847 1374 1889 cano

52 1939 111 1993 eet
136 1937 225 1993 canto
252 1930 361 1993 diversi
387 1939 457 1992 sunt
484 1913 608 2010 gerundi
635 1930 725 1992 modi.
769 1932 816 1991 lac
843 1928 969 2008 gerundi
998 1929 1077 1990 modi
1106 1928 1142 1991 ab
1171 1948 1206 1989 eo
1228 1929 1307 2010 quod
1330 1938 1376 1992 est

82 2053 161 2095 cauo.
208 2031 335 2094 canendi
362 2033 497 2099 canendo
525 2033 692 2095 canendum
721 2040 841 2093 cautum
870 2041 973 2093 cantu:
1013 2040 1116 2093 cantor
1148 2033 1228 2093 lacit.
1268 2031 1305 2093 ab
1338 2052 1373 2093 eo

82 2137 156 2217 quod
179 2141 226 2197 est
247 2142 334 2196 canto
356 2142 457 2195 cantas
477 2135 525 2196 lac
547 2136 673 2214 gerundi
698 2132 703 2217 Ι
726 2134 817 2195 modi.
863 2133 1001 2195 cantandi
1024 2132 1171 2194 cantando
1194 2134 1373 2194 cantandum

82 2246 230 2300 cantatum
252 2244 387 2298 cantatu:
410 2243 553 2298 cantator.
598 2244 630 2296 et
650 2256 710 2297 non
734 2242 779 2297 est
800 2236 992 2297 contrarium.
1185 2226 1187 2232 ’

164 2340 218 2401 Εει
240 2341 328 2401 etiam
351 2356 460 2399 nomen
482 2339 632 2418 participii
655 2337 761 2399 simile.
803 2340 954 2418 participii
980 2335 1076 2397 simile
1098 2356 1205 2398 nomen
1230 2346 1273 2398 cst
1295 2338 1490 2418 quadisque

50 2444 122 2503 asic
149 2450 237 2503 sonat
270 2442 355 2522 quasi
381 2442 586 2521 participium,
617 2458 725 2501 nomeu
761 2446 807 2500 cst
841 2448 955 2509 tamen,
984 2446 1016 2500 ut
1047 2446 1163 2519 potens.
1210 2457 1279 2501 ecce
1311 2459 1371 2502 nou

81 2548 121 2605 sic
142 2552 189 2605 est
209 2551 331 2625 potens,
355 2561 443 2622 quem
466 2542 502 2603 ad
525 2540 646 2603 modum
668 2541 788 2621 legens?
811 2549 841 2602 et
864 2551 962 2604 tamen
984 2550 1115 2622 apparet,
1139 2540 1257 2621 quando
1278 2544 1370 2622 parti·

82 2647 188 2727 cipium
210 2648 266 2717 sit,
290 2645 408 2726 quando
429 2637 549 2705 nomen.
580 2662 688 2705 nomen
712 2650 769 2714 est,
793 2645 819 2704 si
841 2644 966 2724 recipiat
987 2646 1243 2724 conparationem,
1265 2652 1371 2724 potens
1399 2702 1402 2722 ,

81 2750 228 2826 potentior
249 2748 479 2828 potentissimus.
515 2748 541 2807 si
563 2746 752 2825 participium
774 2747 878 2817 luerit,
904 2764 963 2806 uon
985 2748 1091 2825 recipit
1113 2746 1368 2825 conparationem:

82 2869 164 2911 nemo
186 2850 262 2911 dicit
281 2848 429 2929 legentior
449 2848 677 2928 legentlssimus.
722 2847 779 2909 hoc
801 2848 895 2909 noluit
917 2847 1034 2909 adicere
1056 2848 1200 2923 Donatus,
1225 2848 1303 2927 quod
1326 2854 1370 2909 εει

49 2951 146 3012 sutile
174 2953 276 3033 satis:¹
298 2961 369 3013 sunt
394 2950 491 3031 aliqua
518 2952 639 3011 uomina
667 2953 786 3029 penitus
814 2948 979 3031 [nomina],
1009 2968 1082 3011 sono
1104 2950 1273 3030 participia:
1303 2956 1371 3011 sunt

81 3052 174 3134 aliqua
200 3054 356 3133 participia
384 3055 516 3133 penitus:
545 3060 614 3114 sunt
643 3051 739 3133 aliqua
766 3052 873 3113 media.
920 3070 989 3113 ecce
1016 3058 1123 3131 potens
1144 3059 1259 3113 tantum
1280 3052 1370 3113 modo

81 3174 185 3217 nomen
212 3164 257 3217 est
283 3173 340 3216 nec
366 3163 464 3235 potest
491 3174 558 3217 esse
585 3156 790 3235 participium,
817 3154 869 3215 sed
893 3172 1002 3215 nomen
1025 3160 1069 3214 est
1092 3160 1214 3215 mutum.
1259 3156 1370 3235 quare?

81 3260 143 3335 quia
170 3259 278 3337 recipit
304 3258 559 3337 conparationem,
592 3264 700 3338 potens
729 3257 881 3335 potentior
908 3258 1138 3335 potentissimus.
1184 3276 1239 3317 nec
1271 3265 1371 3337 potest

81 3378 140 3419 esse
162 3361 361 3441 participium.
408 3361 518 3436 quare?
547 3361 614 3439 quia
642 3376 701 3419 non
728 3359 810 3419 seuit
832 3376 848 3418 a
870 3356 972 3419 verbo.
1016 3361 1041 3420 si
1064 3360 1142 3420 eninr
1166 3378 1182 3419 a
1204 3358 1297 3421 verbo
1319 3376 1368 3421 ve-

52 3463 168 3531 umet,
193 3468 272 3523 esset
292 3462 491 3541 participium.
521 3479 593 3539 ergo
615 3462 678 3527 sta
699 3457 791 3520 verbo
813 3477 874 3520 non
896 3459 987 3521 babet
1006 3460 1150 3539 originem
1174 3468 1204 3521 ct
1225 3480 1367 3541 conpara·

81 3565 187 3624 tionem
208 3561 314 3634 babet,
337 3564 523 3643 apertissime
544 3580 654 3624 nomen
677 3570 731 3624 est.
760 3580 830 3623 ecce
845 3560 927 3623 vides
949 3579 1037 3642 quern
1061 3562 1236 3623 admodum
1258 3581 1367 3625 nomen

81 3672 128 3725 cst.
176 3666 366 3727 econtrario
387 3666 574 3745 participium
597 3672 641 3725 est
661 3663 772 3743 legens.
811 3665 920 3745 quare?
944 3666 1081 3741 quoniam
1104 3664 1141 3725 ab
1164 3683 1199 3725 eo
1221 3664 1299 3745 quod
1323 3673 1369 3727 est

81 3766 140 3844 lego
167 3766 239 3828 inde
266 3775 312 3828 est
338 3765 441 3845 legens
469 3775 498 3827 et
525 3768 768 3847 conparationem
789 3783 850 3826 non
872 3768 991 3847 recipit:
1020 3786 1109 3828 nemo
1132 3766 1202 3828 dicit
1223 3766 1367 3846 legentior

81 3867 304 3947 legentissimus.
331 3865 336 3950 Ι
365 3886 437 3947 ergo
458 3870 483 3930 si
506 3887 521 3929 a
544 3867 636 3930 verbo
659 3870 738 3929 venit
760 3876 789 3929 et
809 3886 870 3929 non
893 3870 1000 3951 recipit
1021 3871 1275 3948 conparationem,
1298 3888 1365 3950 par·

56 3972 207 4052 sucipium
230 3978 284 4032 est.
323 3978 368 4031 est
389 3971 508 4049 aliquod
529 3969 675 4040 medium,
699 3977 731 4032 ut
754 3977 798 4032 est
819 3989 930 4032 amans.
966 3971 1085 4053 quando
1107 3972 1232 4033 dicimus
1254 3990 1365 4040 amans,

82 4080 173 4149 potest
201 4081 231 4135 et
257 4094 274 4135 a
300 4073 392 4147 uerbo
420 4092 501 4143 esse,
524 4092 591 4135 amo
619 4092 700 4134 amas
727 4080 819 4143 amat;
858 4074 1080 4137 ecceaverbo
1103 4075 1194 4135 venit:
1217 4081 1366 4153 potestat

83 4176 208 4255 recipere
237 4176 495 4254 conparationem,
524 4192 627 4236 amans
653 4178 800 4237 amantior
827 4177 1053 4238 amantissimus.
1098 4176 1167 4255 quid
1196 4194 1266 4255 ergo
1294 4175 1364 4237 laci-

84 4278 157 4337 mus?
191 4295 279 4357 quem
302 4277 339 4336 ad
361 4276 482 4338 modum
504 4276 715 4348 discernimus,
743 4277 862 4358 quando
890 4284 933 4339 εει
955 4295 1079 4348 nomen,
1107 4276 1224 4356 quando
1246 4278 1364 4357 partici-

144 4464 213 4515 siu
229 4467 262 4513 de
278 4464 388 4532 gerundi
407 4464 475 4515 modi
495 4464 608 4514 ultimam
627 4463 752 4528 syllabam
772 4505 879 4519 ......
900 4462 994 4528 (loturi
1013 4466 1038 4515 in
1055 4466 1131 4517 ιίιιινα
1147 4463 1177 4527 α)
1196 4464 1222 4514 in
1243 4480 1270 4515 or
1285 4466 1364 4517 uestis

85 4544 105 4580 u
120 4532 181 4585 lacis
199 4534 279 4585 laturi
291 4534 386 4601 (lutari
403 4536 493 4586 delean
509 4534 539 4596 α)
556 4549 647 4583 nomen
666 4534 692 4582 A
711 4536 745 4584 ita
760 4536 864 4599 gerendi
885 4536 953 4585 modi
972 4535 1084 4585 ultimam
1103 4535 1226 4601 syllabam
1242 4536 1321 4585 loturi
1338 4538 1362 4585 in

86 4617 109 4651 or
123 4607 201 4655 nertis
219 4616 244 4654 et
262 4605 327 4655 lacis
344 4618 436 4656 nomen
454 4604 567 4654 futurum
584 4605 609 4654 B
627 4608 661 4652 ita
683 4604 715 4655 de
733 4606 842 4671 gerundi
860 4606 928 4655 modi
948 4606 1027 4667 (corr.
1049 4606 1135 4670 modo)
1155 4606 1269 4655 ultimam
1285 4607 1363 4670 sylla-

86 4672 134 4721 bam
148 4673 227 4724 loturi
245 4676 270 4724 iu
290 4688 320 4724 or
337 4676 416 4725 uertis
434 4685 459 4725 et
474 4675 540 4725 lacis
559 4688 649 4724 nonreu
669 4677 689 4723 0
775 4676 809 4726 10
828 4690 878 4725 non
896 4684 980 4742 potest
1003 4676 1058 4725 lueri
1076 4677 1126 4725 nlsi
1145 4684 1171 4724 ut
1187 4674 1264 4726 iaciat
1282 4686 1364 4727 sartor

87 4758 125 4790 oa.
142 4744 175 4808 A,
193 4745 252 4794 add.
269 4760 287 4794 a
346 4746 376 4795 ll
397 4755 466 4796 sartn
481 4744 578 4794 iaciunt
595 4743 678 4794 ABG
747 4745 780 4795 12
793 4752 876 4810 potest
894 4746 919 4795 A
990 4747 1023 4799 22
1041 4746 1073 4795 sit
1092 4745 1183 4796 εειΑ
1252 4748 1288 4801 24
1304 4747 1364 4801 dicit

89 4812 165 4877 legens
181 4815 306 4882 legentior
320 4814 377 4865 AB
445 4816 479 4867 35
496 4824 525 4864 ut
537 4811 586 4882 est]
606 4813 674 4877 quod
691 4822 730 4864 est
747 4813 772 4865 A
