3350 5442
304 364 366 431 190
876 364 1030 427 rouruu

327 474 488 529 pata-141„

301 553 358 615 hoe
381 554 465 615 hoste
488 572 548 615 non
569 554 668 635 perdit
690 574 721 622 e,
745 553 797 613 sed
821 552 877 613 boc
898 554 994 633 ipsum
1018 570 1034 613 e
1056 554 1087 612 in
1109 554 1119 611 i
1143 558 1236 611 mutat
1252 559 1282 611 et
1296 551 1403 630 accipit
1417 568 1467 611 um
1484 557 1514 610 et
1527 550 1599 609 lacit

301 657 445 725 bostium;
476 655 633 736 aliquando
661 655 760 736 perdit
788 662 817 715 ct
843 656 885 715 sic
914 655 1022 734 accipit
1050 672 1116 724 um,
1146 660 1179 713 ut
1205 652 1242 713 ab
1270 637 1327 713 bbc
1355 654 1468 732 pariete
1490 651 1599 712 borum

301 760 464 839 parietum:
487 777 557 819 ecce
579 760 610 819 in
632 760 688 819 isto
712 758 832 818 nomine
853 758 932 836 perit
954 775 986 831 e,
1010 757 1040 829 iu
1062 755 1115 817 illo
1135 774 1195 817 non
1217 756 1310 835 perit,
1332 754 1384 815 sed
1408 773 1425 815 e
1447 756 1477 815 in
1500 756 1510 813 i
1534 772 1598 814 mu·

301 862 380 922 tavit.
426 860 496 921 iude
525 868 570 921 est
596 858 668 921 illud
698 858 778 939 quod
806 860 971 919 invenimus
998 858 1028 917 iu
1052 856 1238 927 auctoribus,
1262 858 1421 918 civitatium
1446 861 1478 917 el
1496 857 1600 917 civita·

301 971 378 1031 tum,
402 964 569 1023 invenimus
592 964 678 1023 etiam
701 969 731 1021 ct
757 970 915 1041 pareutum
939 967 967 1021 et
988 960 1166 1038 parentium,
1187 961 1355 1028 ,invenimus
1377 960 1507 1038 saepius.
1543 974 1625 1037 quae

301 1066 435 1126 ratione?
464 1066 603 1145 quoniam
631 1063 700 1124 lieet
727 1065 784 1123 iam
808 1070 837 1123 et
859 1062 1041 1124 scribentum
1058 1069 1094 1123 'et
1116 1061 1277 1123 dicentum.
1320 1066 1478 1136 quondm
1499 1068 1602 1121 utrum

302 1166 409 1227 debeat
432 1186 447 1227 e
468 1166 548 1228 illam
577 1165 705 1227 litteram
735 1173 919 1227 commutare
947 1167 977 1225 in
999 1166 1026 1235 i,
1054 1184 1091 1226 au
1114 1163 1220 1224 debeat
1242 1171 1391 1243 amputata
1412 1166 1477 1244 ipsa
1500 1163 1601 1224 littera

302 1277 475 1353 convertere
497 1270 528 1330 in
552 1270 620 1329 uml
641 1276 710 1348 puta
734 1268 759 1328 si
782 1265 854 1327 velis
877 1285 893 1326 e
915 1265 996 1327 illam
1019 1266 1147 1327 litteram
1171 1275 1287 1327 mutare
1308 1267 1338 1326 in
1362 1269 1380 1337 l,
1405 1266 1516 1329 addere
1539 1285 1600 1334 um,

301 1373 371 1432 lacit
399 1372 576 1441 civitatium;
605 1372 630 1431 si
660 1370 730 1432 velis
755 1376 910 1450 amputare
939 1388 969 1434 e,
999 1368 1109 1429 addere
1137 1387 1201 1439 um,
1231 1370 1379 1429 civitatum
1402 1369 1482 1430 lacit.
1527 1387 1602 1447 crgo

301 1474 394 1553 ipsam
417 1472 551 1551 regulam
574 1474 650 1533 scire
674 1472 830 1542 debemus,
855 1470 934 1549 quod
954 1470 1130 1551 plerumque
1153 1472 1271 1533 nomina
1295 1489 1310 1530 e
1333 1479 1472 1551 correpto
1495 1472 1587 1532 termi
1615 1485 1636 1521 10

302 1582 368 1634 nata
397 1576 427 1633 in
455 1572 589 1658 ablaltivo
618 1577 756 1635 amittunt
784 1593 800 1634 e
833 1571 960 1634 litteram
995 1580 1024 1633 et
1051 1574 1201 1652 accipiunt
1234 1590 1298 1643 um,
1333 1572 1512 1653 plerumque
1540 1592 1603 1633 uon

302 1677 454 1745 amittunt,
486 1676 537 1737 sed
566 1678 596 1737 in
625 1678 634 1735 i
662 1684 779 1738 mutant
807 1684 837 1736 et
864 1678 907 1736 sic
935 1677 1085 1754 accipiunt
1112 1693 1161 1736 um
1192 1683 1221 1736 et
1243 1676 1355 1735 iaciunt
1375 1678 1548 1753 genetivum
1571 1677 1602 1735 ln

302 1780 378 1849 ium,
408 1778 538 1839 dativum
567 1786 595 1839 et
623 1776 782 1839 ablativum
811 1779 841 1838 in
871 1776 926 1837 bus
960 1779 1093 1847 mittunt,
1127 1784 1250 1856 excepto
1280 1796 1338 1837 uno
1367 1786 1480 1838 tantum
1510 1776 1602 1837 modo

184 1882 439 1957 434‚12nomine,
468 1898 535 1941 vase
563 1898 710 1941 vasorum.
756 1898 885 1960 namque
914 1878 970 1939 hoc
997 1897 1105 1940 nomen
1127 1881 1158 1940 in
1182 1897 1306 1940 numero
1329 1878 1471 1957 singulari
1494 1881 1602 1939 tertiae

302 1982 506 2045 declinationis
535 1990 593 2053 est,
621 1984 651 2043 in
681 2000 807 2043 numero
830 1980 937 2061 plurali
965 1981 1113 2043 secundae
1136 1981 1340 2043 declinationis
1363 1989 1421 2043 est:
1456 1989 1528 2061 puta
1552 1999 1603 2039 vas
1615 1995 1638 2034 1⁵

304 2087 379 2147 vasis
402 2087 461 2147 vasi
484 2103 534 2146 vas
557 2102 607 2145 vas
630 2104 645 2144 a
668 2102 750 2155 vase;
781 2104 851 2146 ecce
878 2084 953 2145 haec
980 2086 1077 2145 omnis
1104 2084 1262 2145 declinatio
1285 2086 1371 2144 tertia
1394 2090 1447 2144 est.
1493 2085 1604 2144 transit

304 2188 339 2250 ad
368 2206 526 2249 numerum
554 2185 698 2267 pluralem
729 2194 757 2247 et
784 2188 855 2248 lacit
882 2186 1042 2248 secundam
1070 2186 1314 2254 declinationem,
1347 2204 1412 2247 rasa
1445 2204 1602 2254 vasorum;

304 2288 407 2351 debuit
435 2290 533 2351 lacere
561 2308 671 2350 vasum.
717 2308 784 2351 uam
814 2310 829 2349 a
859 2291 946 2351 tertia
974 2289 1172 2350 declinatione
1194 2290 1346 2368 genetivus
1373 2291 1405 2349 in
1427 2306 1477 2348 um
1500 2290 1602 2358 mittit,

304 2391 418 2454 dativus
441 2399 471 2453 et
492 2391 635 2454 ablativus
657 2394 687 2452 iu
711 2390 781 2459 bus;
806 2391 950 2452 debuerat
973 2391 1073 2452 dicere
1097 2390 1223 2452 vasibus
1267 2409 1336 2451 nam
1358 2408 1375 2450 a
1397 2392 1485 2452 tertia
1508 2390 1603 2450 decli·

304 2496 423 2556 natione
452 2512 501 2555 vas
530 2511 597 2554 vase
619 2493 709 2554 habet
732 2494 845 2564 lacere,
876 2492 1042 2555 asecunda
1067 2512 1133 2554 vasa
1155 2512 1291 2554 vasorum
1317 2494 1402 2554 vasis.
1447 2512 1520 2572 ergo
1545 2492 1639 2553 boc->0

304 2614 413 2658 nornen
437 2595 570 2657 dicamus
593 2596 672 2675 quod
695 2597 725 2655 in
749 2593 891 2675 singulari
908 2614 1033 2657 numero
1057 2598 1173 2656 tertiam
1196 2594 1287 2657 babet
1307 2595 1547 2665 declinationem,
1572 2598 1604 2655 in

304 2717 430 2760 numero
451 2696 559 2779 plurali
582 2698 751 2759 secundam.
796 2700 821 2758 si
844 2707 940 2759 autem
965 2718 981 2758 e
1003 2696 1148 2778 producto
1171 2701 1345 2759 terminatur
1367 2698 1527 2773 ablativus,
1552 2716 1604 2776 ge·

303 2803 421 2861 nativus
442 2799 564 2880 pluralis
587 2802 617 2860 ln
640 2819 706 2861 rum
729 2801 831 2870 mittit,
861 2800 974 2861 dativus
996 2810 1025 2861 et
1047 2798 1190 2862 ablativus
1211 2802 1243 2861 in
1265 2800 1338 2871 bus,
1361 2808 1392 2861 ut
1414 2799 1452 2862 ab
1475 2801 1531 2861 bac
1555 2801 1605 2861 die

304 2903 420 2964 dierum
450 2892 563 2965 diebus.
609 2902 669 2963 noli
697 2904 780 2983 sequi
808 2901 880 2963 illud
912 2902 991 2982 quod
1024 2902 1097 2964 dixit
1124 2904 1286 2973 Sacerdos;
1322 2904 1392 2964 dicit
1423 2901 1605 2983 plerumque

304 3006 469 3084 genetivum
499 3003 643 3085 pluralem
672 3012 731 3065 tam
760 3008 790 3065 in
818 3022 885 3065 rum
915 3024 1004 3084 quam
1032 3007 1064 3065 iu
1086 3024 1137 3065 um
1159 3007 1292 3066 mittere:
1319 3004 1322 3088 1
1346 3005 1403 3067 lroc
1426 3005 1534 3067 falsum
1560 3014 1640 3067 este·

304 3108 433 3187 penitus.
480 3106 535 3166 boc
569 3112 598 3166 tu
632 3124 773 3185 sequere,
808 3106 926 3185 quando
960 3105 1103 3168 ablativus
1134 3108 1291 3186 singularis
1325 3119 1370 3169 est
1403 3126 1420 3168 e
1452 3106 1604 3187 producto

304 3209 493 3277 terminatus,
524 3209 677 3285 genetivus
698 3208 728 3268 in
752 3227 819 3269 rum
843 3209 944 3276 mittit,
974 3210 1087 3270 dativus
1110 3219 1139 3270 et
1162 3209 1304 3271 ablativus
1325 3212 1356 3270 in
1383 3208 1453 3279 bus,
1477 3218 1605 3291 utputa

305 3311 342 3371 ab
364 3310 420 3371 bac
443 3310 507 3381 die,
531 3309 645 3371 diemm
669 3317 697 3370 et
719 3308 834 3371 diebus.
866 3316 894 3369 et
916 3308 990 3371 baec
1006 3314 1124 3372 nomina
1146 3314 1264 3390 generis
1286 3320 1355 3373 suut
1376 3320 1491 3373 tantum
1516 3313 1603 3374 lemi-

187 3414 378 3491 434,13nini.
415 3411 517 3492 regula
540 3410 606 3474 talis
630 3418 688 3473 est:
713 3414 812 3473 omnia
835 3412 954 3473 nomina
977 3412 1103 3475 ablativo
1125 3413 1269 3493 singulari
1291 3434 1307 3474 e
1329 3414 1474 3494 producto
1499 3418 1604 3476 termi-

214 3595 216 3603 ,
306 3521 372 3575 nata
394 3516 512 3593 generis
535 3522 604 3577 sunt
625 3516 769 3575 feminini.
805 3514 876 3595 quid
898 3517 990 3595 ergo?
1012 3515 1075 3577 dies
1098 3516 1187 3578 debet
1209 3516 1373 3578 secundum
1397 3517 1641 3609 definitionemw

305 3618 425 3696 generis
447 3636 511 3679 esse
534 3618 680 3687 leminioi,
705 3616 756 3678 sed
780 3616 906 3697 legimus
930 3620 1018 3679 etiam
1041 3618 1090 3680 hic
1112 3618 1185 3680 dies.
1219 3618 1291 3701 [boe
1313 3620 1390 3699 quod
1413 3618 1524 3681 lectum
1549 3630 1602 3689 est,

305 3719 372 3780 talis
393 3720 495 3799 regula
511 3717 568 3801 est]
593 3721 623 3780 in
647 3718 703 3779 alio
726 3730 824 3781 autem
846 3739 958 3800 genere
980 3728 1012 3781 ut
1034 3721 1149 3782 dicatur
1172 3720 1220 3781 bic
1242 3722 1318 3793 dies,
1343 3721 1475 3783 adverbii
1498 3742 1604 3783 neces·

307 3824 378 3884 sitas
400 3822 479 3883 lacit.
525 3824 554 3882 in
584 3820 724 3882 adverbio
754 3822 822 3901 quid
847 3823 992 3885 dicimus?
1019 3821 1116 3884 hodie.
1147 3822 1219 3902 quid
1243 3832 1287 3883 est
1309 3823 1415 3884 hodiel
1437 3826 1523 3903 quasi
1546 3824 1605 3885 boc

208 3914 213 3925 ’
307 3924 364 3985 die.
409 3926 434 3985 si
457 3931 535 3985 esset
557 3924 690 3985 seminini
714 3926 847 4003 generis,
871 3924 959 3986 badia
982 3925 1158 3987 diceremus.
1196 3944 1268 4005 ergo
1290 3925 1360 3987 binc
1382 3936 1509 4007 apparet
1530 3946 1604 4008 quo·

376 4230 394 4283 6
410 4232 541 4295 quaeritur
554 4246 598 4282 om.
619 4230 708 4285 Alto.
727 4232 841 4295 sortasse
856 4234 934 4296 pluro
949 4236 1022 4284 elimo
1036 4233 1187 4284 excidemur
1238 4232 1358 4283 ldebeat
1372 4250 1386 4284 e
1403 4234 1472 4283 lllnm
1492 4234 1605 4284 litteram

307 4302 379 4353 uua
397 4301 488 4352 debeat
506 4317 520 4351 e
539 4302 646 4352 litteram
660 4302 728 4351 illam
744 4303 769 4351 A
822 4303 942 4360 auBCa
959 4304 1039 4353 autA
1092 4300 1218 4368 Sinum]
1232 4304 1256 4351 io
1276 4303 1380 4355 iABG
1428 4305 1538 4354 litteram
1554 4322 1603 4359 om,

306 4372 331 4422 B
402 4373 434 4423 12
451 4382 476 4421 et
495 4371 751 4435 locluntgenetluum
771 4374 796 4421 in
817 4372 869 4420 ium
887 4389 931 4423 om.
953 4373 993 4438 A,
1012 4375 1074 4425 odd.
1093 4390 1110 4423 a
1163 4373 1195 4424 18
1213 4373 1297 4422 lacero
1322 4390 1410 4424 uanum
1428 4375 1503 4426 BOa
1520 4376 1606 4425 lacere

306 4458 415 4492 victuum
433 4442 458 4491 Α
528 4442 561 4490 24
580 4440 715 4507 Sacerdos]
734 4442 823 4493 Claud.
842 4441 952 4497 Socerd.
967 4460 996 4508 p.
1020 4443 1092 4493 led.
1117 4442 1227 4496 Vindob.
1294 4446 1328 4493 25
1344 4456 1394 4494 tom
1414 4445 1481 4511 (tam
1499 4445 1605 4502 01¹2.AE

307 4515 333 4562 in
351 4528 405 4561 rum
428 4527 504 4577 quom
524 4512 548 4559 ln
565 4512 617 4561 ium
637 4514 676 4573 (iu
692 4513 755 4561 rium
774 4528 851 4574 quem
869 4514 895 4561 iu
914 4529 970 4562 vum
984 4513 1026 4565 A?
1043 4528 1112 4566 corr,
1130 4514 1156 4563 iu
1174 4528 1230 4562 rum
1248 4528 1323 4577 quum
1340 4513 1365 4563 iu
1385 4516 1438 4564 inm
1457 4516 1485 4579 a)
1504 4517 1606 4564 mittere

307 4591 368 4647 puta
386 4582 484 4631 dierum
503 4588 528 4629 et
544 4581 634 4631 diebus
649 4582 697 4631 boc
715 4582 807 4632 laisum
827 4590 866 4631 est
877 4582 968 4636 Aac.
988 4584 1086 4632 dierum
1104 4593 1129 4634 et
1143 4584 1240 4642 diebus,
1260 4600 1325 4648 quoe
1341 4584 1374 4633 ob
1389 4586 1437 4637 boe
1448 4588 1504 4635 loco
1518 4587 1606 4635 alicua

306 4658 371 4711 eunt,
389 4658 447 4714 poet
461 4651 495 4701 '28
509 4650 654 4702 ablracdle
669 4654 819 4716 transponat
871 4654 905 4704 ab
923 4653 1024 4717 quaudo
1040 4654 1063 4703 B
1079 4655 1198 4715 quoniam
1212 4654 1264 4705 Au
1314 4656 1347 4705 27
1365 4656 1552 4722 genetluumB

307 4722 421 4771 datiuum
440 4730 465 4771 et
483 4721 622 4771 eblatluum
639 4722 691 4773 BG
759 4722 792 4773 ‘28
814 4723 846 4771 ab
867 4722 916 4773 boc
933 4724 976 4773 die
994 4723 1092 4772 dierum
1113 4733 1138 4773 et
1156 4723 1219 4773 haec
1239 4726 1342 4774 uomina
1356 4725 1382 4775 Α
1400 4727 1432 4774 ab
1452 4725 1502 4775 hac
1516 4727 1558 4776 dle
1578 4736 1607 4775 et

307 4790 370 4912 lraep
386 4793 489 4912 pppioua
505 4790 578 4843 Bca
630 4792 665 4843 30
680 4792 740 4857 quid
759 4804 820 4859 ergo
838 4818 872 4829 —
890 4792 923 4845 31
943 4792 1058 4843 lemluiai
1074 4809 1121 4848 om,
1136 4795 1169 4856 A,
1186 4794 1247 4845 add.
1261 4811 1279 4845 o
1332 4794 1366 4847 33
1380 4796 1407 4845 in
1421 4797 1545 4847 eduerbio
1565 4807 1607 4847 est

307 4878 351 4927 qur
