3350 5442
597 387 668 452 Ans
698 390 826 451 11-3
1295 383 1359 450 449

99 513 120 552 μ.
135 499 192 540 ens.
206 500 231 540 ra
245 497 267 538 r.
587 559 590 562 Ι
1179 509 1200 550 ρ.
1214 495 1333 538 reason

72 599 159 641 resco
186 587 306 660 patesco
334 587 454 640 notesco
482 580 616 662 fervesco
643 581 760 642 labasco
788 581 936 642 dormisco
969 597 1144 660 vesperasco
1176 596 1359 658 purpurasco

73 685 259 744 inveterasco
282 701 406 743 senesce
428 685 586 743 iuvenesco
607 684 710 760 glisco.
741 702 799 763 quo
821 685 908 744 modo
931 683 1099 744 meditativa
1122 684 1151 742 in
1175 683 1243 741 urio
1264 681 1358 741 solum

72 780 215 845 desinunt
236 789 267 844 et
288 781 546 864 quartae'tantvun
569 785 655 845 modo
677 794 745 847 sunl
767 788 999 864 coniugationis,
1027 792 1060 845 ut
1081 784 1208 844 lecturio
1230 783 1359 843 dicturio

72 887 215 946 rnicturio
242 887 352 946 esurie.
396 887 615 966 frequentativa
642 906 726 959 vero,
756 907 830 968 quae
854 887 993 948 similiter
1015 886 1192 947 inchoativis
1214 892 1244 945 et
1265 883 1358 945 medi·

43 990 176 1049 stativis
198 988 360 1050 derivativa
383 995 465 1058 sunt,
489 991 520 1049 in
543 985 585 1050 ito
607 989 652 1048 vel
675 991 705 1050 in
727 997 758 1049 to
786 990 982 1069 praecedente
1005 993 1183 1050 consonante
1206 986 1251 1047 vel
1273 989 1304 1047 in
1326 1006 1359 1046 so
1437 1015 1449 1046 ·.

72 1090 118 1150 vel
143 1092 233 1151 etiam
255 1093 286 1152 in
309 1111 345 1151 xo
367 1091 506 1152 desinunt
529 1098 559 1152 et
581 1093 695 1171 primae
718 1100 787 1152 sunt
809 1098 923 1152 tantum
952 1091 1038 1151 modo
1068 1091 1299 1168 coniugationis,
1327 1094 1360 1148 ut

70 1192 175 1253 lectito
204 1192 307 1253 dictito
335 1196 447 1255 cantito
474 1195 586 1254 cursito
614 1195 701 1254 visito
730 1201 816 1254 canto
838 1195 918 1254 dicto
940 1211 1037 1253 merso
1059 1210 1147 1251 curso
1168 1209 1253 1251 nero.
1298 1192 1360 1249 viso

71 1296 156 1355 enim
179 1297 266 1364 visiS,
289 1295 367 1375 quod
390 1303 420 1356 et
441 1295 585 1374 Virgilius
600 1293 747 1356 Aeneidos
769 1295 847 1356 libro
861 1295 926 1355 Vlll
949 1296 1056 1363 refert,
1080 1292 1162 1355 ‘has
1183 1295 1281 1354 forte
1303 1294 1358 1355 in-

71 1399 200 1457 visitis
222 1401 332 1467 aras’,
356 1406 385 1457 et
407 1400 439 1458 in
461 1397 565 1458 eodem
588 1393 593 1480 l
1210 1381 1216 1395 Χ

29 1515 56 1554 ιο
227 1501 402 1578 protinus
425 1499 608 1562 Arcadiae
631 1499 779 1578 gelidos
802 1502 969 1561 invisere
993 1500 1106 1569 fines,

71 1609 102 1661 et
128 1601 267 1663 Horatius
288 1603 454 1663 carminum
476 1601 554 1664 libro
575 1605 672 1684 primo

227 1722 331 1765 omne
354 1723 429 1765 cum
452 1703 608 1766 Proteus
629 1723 743 1785 pecus
765 1707 842 1783 egit
864 1705 959 1765 altos

227 1809 351 1867 visere
374 1815 531 1877 montes,

70 1910 146 1988 qnia
174 1927 263 1970 sensu
291 1916 374 1969 caret
400 1907 699 1990 frequentativorum‚
730 1910 797 1970 ideo
820 1928 874 1971 nec
897 1913 1136 1988 coniugationem
1159 1909 1276 1970 illorum
1297 1927 1359 1969 ser·
1386 1964 1388 1968 ,

31 2029 56 2064 15
72 2013 163 2070 vavit.
197 2011 345 2090 perfectae
370 2019 468 2078 autem
491 2012 603 2072 formae
626 2012 731 2082 verba,
755 2015 829 2091 quale
854 2032 911 2073 non
935 2021 1004 2074 sunt
1026 2012 1159 2074 anomala
1181 2010 1294 2072 scilicet
1315 2011 1359 2070 vel

70 2113 237 2181 defectiva,
265 2115 296 2174 in
324 2119 463 2192 quattuor
490 2115 618 2174 inveniri
646 2115 906 2193 coniugationibus
933 2115 1034 2185 vidco;
1063 2114 1240 2195 quibusdam
1263 2120 1359 2172 tamen

70 2235 106 2274 ea
134 2215 310 2275 differentiis
332 2214 463 2276 arbitror
484 2235 571 2295 posse
595 2216 747 2278 discerni«
780 2224 810 2277 ct
838 2216 988 2278 vocalibus
1016 2217 1137 2297 quidem
1160 2214 1359 2277 antecedenti·

72 2315 133 2375 bus
155 2316 271 2376 facilior
292 2324 336 2378 est
359 2317 543 2388 observatio,
567 2337 654 2398 quarn
676 2318 918 2380 consonantibus.
962 2327 1024 2380 tres
1053 2320 1132 2379 enim
1154 2317 1269 2378 vocales
1292 2323 1360 2377 ante

69 2439 87 2474 o
113 2417 159 2478 vel
183 2436 217 2478 or
238 2418 321 2479 verbi
343 2420 444 2480 finales
467 2422 674 2500 reperiuntur,
697 2441 714 2481 e
736 2424 746 2482 i
770 2441 802 2492 ιι,
827 2423 896 2500 quia
919 2440 1012 2482 neca
1034 2422 1155 2501 penitus
1176 2436 1232 2480 nec
1253 2438 1271 2479 o
1293 2425 1360 2478 ante

31 2539 88 2580 eoo
113 2523 280 2591 invenitur,
308 2523 368 2582 nisi
395 2524 427 2582 in
454 2522 545 2584 verbo
573 2523 679 2593 reboo,
708 2524 786 2605 quod
809 2525 919 2584 lactum
943 2531 988 2584 cst
1010 2543 1026 2584 a
1048 2522 1118 2602 βοῶ
1140 2539 1247 2599 graeco
1270 2519 1361 2580 verbo

69 2630 100 2682 et
125 2622 289 2683 secundum
316 2625 441 2703 primam
469 2628 706 2704 coniugationem
734 2625 912 2687 decimatum
935 2627 1085 2706 reperitur
1106 2623 1183 2705 apud
1205 2622 1360 2701 Virgilirun

69 2728 102 2784 in
130 2727 219 2784 tertio
240 2724 317 2785 libro
339 2729 514 2804 georgicon,
538 2735 571 2788 ut
593 2727 769 2789 ‘reboant
791 2728 981 2807 silvaeque
1009 2735 1044 2788 et
1066 2744 1217 2804 magnus
1239 2724 1359 2804 Olym·

70 2831 173 2906 pus',
197 2833 226 2887 et
248 2826 355 2887 inchoo
378 2829 514 2900 inchoas,
538 2830 655 2910 quoda
678 2825 743 2908 χόω
767 2847 875 2907 graeco
897 2828 1014 2891 videtur
1035 2828 1214 2890 traductum.

129 2965 135 2975 ·
160 2926 265 2989 Omnia
293 2931 385 3007 igitur
412 2930 501 2991 verba
531 2940 597 2993 ante
620 2952 637 2991 o
659 2932 704 2993 vel
727 2949 761 2992 or
782 2932 900 2992 finalem
923 2950 938 2991 c
962 2931 1090 2992 vocalem
1112 2929 1252 2992 habentia
1275 2930 1363 2989 unius

32 3037 191 3092 astantum
214 3039 282 3091 sunt
310 3032 472 3093 secundum
501 3040 616 3095 veteres
642 3037 752 3095 artium
781 3036 945 3113 scriptores
966 3033 1112 3094 secundae
1134 3033 1361 3110 coniugationis,

69 3151 151 3212 quae
174 3131 236 3192 sola
265 3136 352 3194 eliam
381 3135 412 3194 in
440 3119 602 3213 primitivis
630 3136 685 3196 heo
712 3136 803 3196 habet
830 3117 1000 3215 proprium,
1023 3135 1171 3216 quodvis
1196 3130 1209 3213 ll
1233 3133 1307 3195 aliae
1331 3135 1362 3193 in

71 3235 258 3295 derivativis.
303 3254 371 3296 narn
403 3255 461 3316 quo
495 3237 582 3298 modo
614 3240 710 3316 prima
742 3240 911 3316 coniugatio
938 3239 1170 3317 frequentativa,
1199 3237 1288 3297 tertia
1316 3237 1361 3295 in-

70 3337 225 3407 choativa,
248 3345 351 3417 quarta
374 3338 544 3400 meditativa
567 3338 673 3410 verba,
697 3343 740 3400 sic
756 3341 885 3401 secunda
905 3342 936 3400 in
959 3358 994 3399 eo
1017 3341 1256 3400 terminationem
1278 3331 1362 3417 quasi

71 3439 250 3518 specialem,
279 3441 343 3519 ipsa
370 3447 468 3511 tamen
498 3444 610 3501 nonin
633 3441 804 3503 derivativis
827 3443 936 3512 solum,
960 3441 1012 3502 sed
1035 3443 1124 3502 etiam
1146 3443 1177 3500 in
1200 3441 1363 3520 primitivis

33 3559 57 3597 ao
72 3541 226 3621 possidet,
254 3549 287 3603 ut
313 3542 408 3603 habeo
436 3549 519 3603 taceo
548 3543 660 3604 candeo
688 3563 760 3622 egeo
783 3544 903 3624 squaleo
925 3546 1016 3604 timeo
1039 3561 1145 3605 maneo
1166 3549 1271 3621 stupeo
1293 3559 1363 3602 areo

71 3662 185 3704 censeo
207 3650 294 3722 pateo
316 3663 421 3715 caveo;
444 3645 607 3726 eodemque
631 3646 717 3706 modo
739 3648 771 3706 in
793 3663 845 3705 eor
861 3663 977 3725 quoquc
997 3643 1165 3705 desinentia
1187 3662 1246 3704 non
1268 3643 1363 3703 selum

71 3748 209 3827 passiva,
233 3743 395 3806 sedetiam
418 3747 596 3826 deponentia
624 3748 670 3808 vel
698 3749 866 3808 communia
894 3747 1040 3808 secundae
1063 3753 1133 3807 sunt
1153 3763 1271 3825 semper
1292 3764 1362 3805 con·

71 3847 253 3927 legationis,
278 3854 310 3908 ut
331 3848 473 3929 polliceor
495 3849 587 3910 liceor
603 3849 723 3910 medeor
744 3866 813 3909 reor
836 3867 953 3910 mereor
975 3866 1081 3909 vereor
1103 3851 1246 3909 misereor
1268 3848 1363 3908 fateor

145 4102 312 4153 ldormeaeo
333 4103 358 4154 B
427 4105 619 4156 tinneterasoo
637 4119 706 4154 corr.
725 4119 795 4155 -esco
813 4106 840 4156 B
858 4106 1015 4155 inueteresco
1034 4106 1059 4154 P
1125 4103 1256 4154 iuuenisco
1272 4102 1296 4150 P

71 4173 157 4240 glisco
179 4181 203 4223 et
220 4172 263 4222 rel.
283 4174 309 4224 B
380 4174 411 4225 10
436 4173 565 4240 protinus]
591 4176 669 4241 Verg.
687 4174 752 4230 Aen,
775 4175 830 4224 Vlll
851 4174 909 4228 159.
929 4191 1039 4240 copreae
1059 4175 1216 4237 praecedunt
1235 4187 1284 4222 aon
1299 4180 1363 4223 aunt

76 4243 192 4310 Vergilii
260 4244 291 4295 11
310 4247 449 4294 carminum
463 4244 527 4295 libro
542 4243 634 4312 primo]
655 4247 682 4310 2,
694 4244 717 4292 ·7
788 4245 820 4295 12
839 4242 1024 4311 omne]ori1st
1093 4243 1126 4296 13
1144 4240 1235 4309 visere]
1255 4242 1364 4292 inuisere

71 4314 114 4364 Bt
190 4314 223 4364 14
243 4313 299 4364 ideo
317 4315 522 4380 coniugationem
544 4316 643 4365 illorum
661 4330 711 4365 non
727 4314 852 4365 eeruatB
923 4315 955 4366 le
973 4314 1056 4365 finalis
1073 4313 1098 4362 B
1166 4313 1200 4364 20
1218 4313 1268 4362 nisi
1287 4313 1311 4361 in
1333 4328 1363 4362 eo

72 4386 152 4434 uerbo
171 4383 248 4432 reboo
261 4383 286 4432 P
353 4386 388 4434 22
407 4387 432 4434 in
451 4387 523 4437 tertio
543 4385 605 4436 libro
624 4383 773 4452 georgicon]
793 4401 815 4434 ιι.
835 4384 887 4434 223
955 4385 1110 4448 reboautqu'c
1126 4385 1207 4433 sileae
1226 4389 1251 4432 et
1264 4381 1289 4431 B
1306 4397 1362 4432 cum

71 4452 370 4522 gemitureboantsilue
386 4455 439 4516 ets
503 4456 537 4507 23
554 4471 570 4504 e
588 4455 637 4506 lieo
655 4470 724 4508 corr.
740 4471 756 4504 a
775 4455 830 4505 froco
848 4455 874 4505 B
891 4469 906 4503 a
921 4469 1016 4521 χαως
1070 4451 1179 4520 videtur]
1198 4452 1274 4502 uerbo
1290 4453 1314 4502 P

71 4527 185 4576 absunt
203 4531 228 4572 et
246 4525 384 4575 secundum
403 4525 460 4576 BP
527 4525 561 4576 26
575 4525 663 4574 babuit
680 4525 736 4575 BP
803 4525 836 4574 ue
855 4526 966 4590 ipsam
984 4522 1235 4573 nondiriuatiuisB
1286 4521 1363 4572 aero

70 4595 156 4644 habeo
178 4601 249 4643 taceo
268 4609 358 4644 maneo
377 4609 466 4646 moneo
485 4603 574 4661 atrrpeo
591 4593 732 4659 (superscr.
758 4594 849 4646 aeabeo
875 4594 995 4657 squaleo,
1016 4594 1042 4643 io
1061 4592 1220 4657 margariti.
1244 4592 1364 4641 immineo

71 4666 150 4730 lugeo
177 4661 263 4726 deleo)
280 4679 340 4715 areo
363 4679 454 4716 censeo
476 4665 571 4715 candeo
590 4665 666 4716 timeo
686 4680 750 4730 egeo
773 4665 847 4716 doleo
866 4673 939 4729 pateo
958 4664 1076 4714 caueoB
1096 4673 1124 4713 ut
1141 4671 1179 4713 est
1193 4661 1274 4711 liabeo
1292 4670 1364 4711 taceo
1436 4664 1438 4667 ’

72 4745 166 4801 stupeo
192 4749 282 4783 rrraneo
305 4735 396 4785 aeobeo
419 4734 523 4800 squaleo
545 4750 605 4785 areo
623 4750 713 4785 censeo
738 4735 833 4784 candeo
852 4735 928 4785 timeo
950 4749 1000 4799 geo
1019 4733 1092 4785 doleo
1110 4739 1184 4798 paleo
1202 4745 1280 4781 caneo
1295 4733 1320 4781 P
1337 4740 1365 4780 ut

72 4813 111 4854 cal
129 4803 215 4855 habeo
234 4812 303 4854 taceo
322 4819 412 4855 moneo
431 4813 521 4871 stupeo
539 4820 598 4856 areo
617 4807 707 4856 seebeo
725 4819 797 4856 arceo
813 4819 905 4856 censeo
921 4804 1018 4858 candeo
1036 4804 1111 4856 timeo
1129 4817 1178 4876 geo
1196 4802 1269 4854 doleo
1287 4810 1364 4870 pateo

72 4888 154 4926 caneo
173 4880 184 4923 t
255 4873 287 4926 31
306 4876 394 4927 eodem
413 4890 513 4940 quoque
532 4877 607 4927 modo
628 4877 651 4928 P
