3350 5442
616 335 854 399 COMMENTVM
876 330 881 338 ’
1321 331 1385 397 245

1200 455 1222 496 p.
1236 443 1325 485 vos-u
1337 442 1360 483 r.

174 526 250 598 uuio
273 544 344 605 ergo
367 526 493 587 dicimus
512 525 550 587 dc
571 526 635 587 istis
657 524 823 587 adverbiis?
860 525 950 605 quid?
986 524 1075 586 hanc·
1091 522 1202 585 hahere
1228 525 1457 594 redonensem,
1472 533 1504 583 10

91 629 209 709 quando
231 635 338 691 exeant
358 631 388 689 in
412 636 472 698 ter,
495 628 613 709 quando
636 629 666 689 in
690 645 717 687 e.
754 646 823 689 nam
844 627 915 688 inde
936 627 967 688 in
989 626 1204 688 dubitationem
1228 633 1381 686 venerunt.

90 733 247 793 Terentius
269 730 342 792 dicit
364 730 525 801 duritem
553 732 585 791 in
607 729 671 791 aliis
693 728 831 793 omuibus
857 728 984 808 legimus
1006 728 1089 789 dure.
1133 728 1237 789 Cicero
1260 727 1332 788 dicit
1353 729 1383 787 in

89 832 138 896 illa
161 835 247 895 tertia
263 835 398 894 oratioue
421 831 638 912 ‘respondit
660 831 725 893 illa
749 838 786 893 ut
807 832 991 893 meretrix
1013 847 1085 891 uon
1106 829 1382 898 inhumaniter’;

65 935 250 997 einhumane
277 934 419 997 dehemus
446 933 556 997 dicere.
600 951 670 1013 ergo
699 934 838 1014 quoniam
866 934 1032 994 invenimus
1060 931 1198 993 adverbia
1225 931 1383 1012 aliquando

86 1040 119 1099 in
148 1046 192 1099 ter
221 1038 372 1107 exeuntia,
403 1035 561 1117 aliquando
589 1036 619 1096 in
643 1053 660 1095 ε
688 1034 725 1095 ab
754 1054 812 1098 una
841 1034 1037 1106 derivatione,
1060 1033 1174 1095 idcirco
1197 1037 1383 1097 necessariae

89 1148 160 1201 sunt
181 1138 311 1217 regulae.
344 1144 373 1201 et
395 1139 435 1200 ait
456 1140 514 1209 sic,
538 1138 635 1199 omnia
658 1135 797 1198 adverbia
819 1155 895 1217 quae
918 1136 1054 1197 oriuntur
1076 1154 1092 1196 a
1115 1138 1249 1206 nomine,
1273 1154 1383 1218 quaere

88 1241 145 1302 hoc
170 1243 266 1322 ipsum
294 1257 403 1302 nomen
426 1238 512 1320 quale
536 1240 587 1310 sit,
612 1245 643 1299 ει
664 1246 734 1299 tunc
756 1237 918 1317 intellegis,
948 1238 1095 1319 quemad
1118 1237 1239 1299 modum
1262 1244 1383 1300 currant

88 1346 152 1424 ipsa
176 1341 324 1405 adverbia.
371 1341 489 1420 quando
517 1340 631 1403 dativus
658 1339 816 1418 singularis
838 1359 856 1401 o
878 1340 969 1401 luerit
989 1342 1178 1410 terminatus,
1201 1341 1233 1399 in
1256 1359 1272 1399 e
1295 1341 1384 1401 mittit

54 1444 277 1513 roadverhium3
306 1426 425 1523 quando
453 1450 551 1505 autem
579 1443 695 1505 dativus
721 1440 878 1521 singularis
899 1443 909 1502 i
931 1444 1121 1511 terminatur,
1149 1460 1271 1503 necesse
1293 1442 1384 1504 hahet

87 1550 116 1609 in
146 1554 193 1609 ter
221 1548 350 1607 mittere.
394 1552 464 1625 puta
491 1546 516 1606 si
544 1544 625 1606 dicas
654 1544 724 1605 lruic
751 1542 854 1615 docto,
884 1543 971 1606 docte
997 1545 1083 1614 lacit,
1113 1544 1183 1605 huic
1211 1543 1291 1606 claro
1313 1545 1384 1606 lacit

88 1648 183 1718 clare,
210 1646 214 1729 l
236 1647 309 1709 huic
330 1646 505 1709 admirando
527 1646 710 1709 admirande.
740 1663 811 1725 ergo
833 1645 883 1708 illa
904 1645 1044 1708 adverbia
1067 1653 1206 1726 usurpata
1229 1653 1300 1734 sunt
1313 1645 1381 1717 duo,

87 1768 180 1811 vinum
207 1768 223 1809 a
246 1748 400 1820 Terentio,
431 1766 523 1810 unum
551 1768 567 1810 a
595 1748 753 1810 Cicerone:
788 1747 838 1809 hic
866 1748 957 1810 durus
990 1748 1078 1809 huius
1105 1746 1172 1809 duri
1199 1747 1268 1809 huic
1295 1746 1380 1819 duro,

88 1850 161 1913 dure
184 1850 270 1920 iacit;
294 1849 342 1911 hic
364 1850 544 1912 inhumanus
566 1850 653 1911 huius
675 1850 829 1913 inhumani
856 1850 925 1911 huic
946 1849 1123 1921 inhumano,
1146 1850 1307 1911 inhumane
1329 1850 1381 1911 de-

54 1953 153 2015 ubuit
175 1951 291 2023 dicere,
321 1960 350 2014 ct
379 1958 478 2014 tamen
505 1951 708 2013 inhumaniter
736 1952 820 2014 dixit.
865 1959 895 2014 et
917 1951 974 2013 hoc
995 1954 1094 2032 potius
1116 1951 1260 2014 dehemus
1280 1954 1379 2034 sequi3

84 2055 131 2117 illa
157 2057 236 2115 euim
259 2056 358 2134 potius
380 2057 410 2116 in
434 2056 608 2117 auctoritate
628 2060 707 2115 sunt.
738 2056 836 2116 omnia
860 2056 939 2117 cuim
962 2057 1084 2117 nomina
1105 2073 1181 2135 quae
1204 2054 1301 2115 dativo
1323 2057 1381 2115 sin·

85 2156 179 2237 gulari
207 2158 238 2217 in
266 2175 284 2217 o
314 2164 423 2219 exeunt
450 2154 590 2219 adverbia
619 2158 648 2217 in
679 2174 696 2217 e
724 2158 860 2225 mittunt3
889 2175 965 2237 quae
992 2165 1091 2218 autern
1113 2158 1143 2219 in
1165 2165 1211 2217 ter
1233 2163 1378 2218 exeunte

86 2259 181 2321 dativo
209 2256 352 2338 singulari
379 2259 501 2320 veniunt
528 2259 538 2319 i
567 2258 739 2329 terminato,
774 2266 806 2320 ut
832 2267 903 2339 puta
931 2259 1002 2321 hnic
1030 2258 1109 2321 lacili
1136 2257 1278 2329 faciliter,
1310 2258 1380 2339 agili

85 2360 208 2441 agiliter.

52 2478 74 2520 vo
168 2463 295 2524 Veniunt
321 2464 352 2523 in
381 2441 584 2543 quaestionem
612 2460 661 2525 illa
690 2463 766 2531 duo,
801 2462 887 2524 facile
918 2470 947 2523 et
974 2461 1102 2523 dildcile.
1146 2468 1218 2542 puta
1246 2462 1271 2522 si
1299 2461 1495 2539 dicasdautt

84 2562 173 2625 ‘illud
202 2562 399 2643 intellegitur,
429 2563 480 2625 sed
510 2562 656 2634 diflicile',
686 2563 744 2625 tale
774 2572 818 2625 est
851 2582 885 2624 ac
917 2565 942 2625 si
966 2553 1057 2625 =dicas
1088 2562 1302 2643 ‘intellegitur,
1326 2566 1377 2626 sed

84 2666 161 2727 niele
187 2663 399 2745 intellegitur’.
435 2684 507 2745 ergo
529 2665 605 2727 male
628 2665 705 2727 bene
728 2664 867 2728 adverbia
895 2673 979 2735 suut;
1015 2667 1222 2727 incunctanter
1251 2685 1322 2745 ergo
1350 2676 1379 2729 ct

83 2769 202 2829 diliicile
230 2765 401 2829 adverbium
431 2770 497 2830 crit.
543 2767 594 2829 sed
623 2767 688 2829 redi
716 2768 751 2829 ad
780 2769 942 2838 rationem,
978 2777 1007 2829 et
1034 2786 1094 2829 non
1121 2774 1166 2829 est
1193 2768 1376 2831 adverbium.

85 2890 150 2932 nam
173 2870 222 2931 hic
245 2867 372 2931 difficilis
394 2868 481 2930 huius
503 2867 630 2930 dillieilis
645 2870 715 2930 huic
730 2868 856 2939 difficili,
880 2868 969 2930 dehet
990 2868 1162 2931 adverbium
1177 2871 1209 2931 in
1224 2878 1270 2931 ter
1285 2872 1377 2941 enine,

50 2971 260 3041 urlildciliter;
284 2988 340 3031 nec
362 2969 520 3032 dillrculter
542 2978 742 3049 potestesse,
765 2969 817 3033 sed
840 2970 1009 3033 difficiliter.
1040 2988 1111 3050 ergo
1134 2971 1216 3033 vides
1237 2976 1377 3053 quoniam

82 3076 112 3135 in
135 3080 183 3135 ter
205 3076 287 3135 exire
309 3070 408 3133 dehet.
455 3071 591 3135 similiter
619 3074 719 3135 iacile:
757 3092 816 3153 quo
845 3072 933 3134 modo
961 3072 1050 3135 dehet
1077 3075 1176 3135 exire?
1212 3074 1261 3135 hic
1282 3075 1378 3138 facilis

83 3175 172 3237 huius
194 3174 290 3237 lacilis
311 3173 379 3235 huic
401 3172 495 3247 sacili,
519 3172 654 3237 iaciliter.
693 3176 762 3257 quid
787 3176 879 3254 crgo?
901 3174 1026 3236 dicimus
1047 3177 1168 3237 nomina
1189 3178 1288 3256 potius
1311 3197 1379 3239 csse

82 3296 137 3357 pro
161 3275 309 3338 adverbiis
331 3276 441 3355 posita,
466 3295 555 3357 quam
579 3294 643 3337 esse
665 3275 819 3339 adverbia:
844 3296 904 3339 non
927 3276 1071 3339 dehemus
1093 3278 1167 3339 haec
1189 3276 1289 3341 dicere
1311 3299 1377 3341 esse

82 3378 236 3449 adverbia,
266 3378 318 3439 sed
347 3380 466 3441 uomina
494 3398 550 3459 pro
578 3379 726 3441 adverbiis
756 3381 860 3459 posita.
906 3385 935 3440 et
962 3398 1019 3459 qua
1049 3379 1215 3442 elocutione
1246 3384 1375 3443 utimur?

48 3497 70 3539 vo
82 3482 152 3542 dicit
175 3479 241 3541 tali:
264 3480 431 3541 invenimus
446 3480 524 3561 apud
539 3480 699 3559 Vergilium
715 3481 790 3542 tales
806 3480 1002 3552 elocutiones,
1027 3482 1226 3544 ‘horrendum
1242 3483 1375 3555 clamat’,

83 3585 218 3644 ‘torvum
245 3585 414 3643 resonant’.
459 3578 585 3665 quando
613 3582 738 3643 dicimus
766 3585 900 3644 ‘torvum
926 3585 1094 3652 resonant',
1122 3582 1180 3644 tale
1208 3593 1252 3646 est
1284 3604 1318 3646 ac
1350 3588 1388 3647 si«

81 3685 177 3747 dicam
201 3686 303 3743 ‘torve
330 3687 501 3765 resonant’.
546 3684 663 3762 quando
693 3683 760 3745 dico
789 3684 991 3746 ‘horrendum
1014 3684 1147 3755 clamat',
1180 3686 1237 3747 tale
1270 3695 1314 3748 est
1340 3706 1374 3749 ac

81 3789 104 3847 si
127 3786 224 3847 dicam
248 3783 418 3846 ‘horrende
441 3784 575 3847 clamat'.
619 3803 690 3864 ergo
718 3785 835 3866 quando
863 3786 929 3847 dico
958 3786 1061 3849 ‘facile
1083 3786 1199 3849 locutus
1221 3793 1293 3858 est',
1316 3788 1374 3850 tale

82 3898 124 3948 est
152 3906 189 3948 ac
215 3887 240 3948 si
269 3885 364 3948 dicam
394 3886 536 3948 ‘faciliter
563 3885 707 3959 locutus’,
736 3896 769 3950 ut
790 3891 828 3950 sit
850 3907 959 3950 nomen
981 3909 1037 3969 pro
1059 3889 1209 3951 adverbio.
1255 3889 1374 3951 dilsrcilc

48 3988 137 4049 stole
162 3996 208 4050 est
236 4006 270 4049 ac
298 3990 323 4049 si
351 3988 446 4049 dicem
470 3989 637 4051 dililciliter.
684 4001 713 4052 et
735 3990 804 4071 quid
827 3989 970 4053 dehemus
993 3992 1110 4053 dicere?
1133 3994 1252 4053 uomina
1274 3994 1373 4071 potius

81 4110 144 4151 esse
167 4110 223 4171 pro
245 4089 401 4152 adverbiis.
434 4099 464 4151 ot
484 4111 559 4172 quae
582 4100 652 4154 suut
674 4092 803 4172 legitima
825 4092 983 4155 adverbia?
1004 4093 1131 4156 faciliter
1153 4100 1183 4156 ει
1205 4093 1371 4155 dilliciliter.

150 4349 164 4398 l
186 4361 321 4410 quamnam
341 4345 434 4397 habeut
451 4347 586 4410 rationem,
606 4350 707 4413 quondo
719 4350 825 4401 coniecit
838 4352 1024 4402 Lindemunnua
1074 4352 1197 4400 2exeaut
1208 4349 1264 4399 AB
1278 4360 1373 4401 exeunt

83 4418 122 4469 Cb
195 4414 350 4469 deicerod
366 4418 391 4467 A
410 4420 493 4468 cicero
511 4418 656 4470 diquc:
674 4421 700 4470 in
719 4423 796 4473 Vm.
818 4419 1025 4482 act.eee.152‚
1045 4419 1096 4471 138
1165 4421 1372 4487 drespondetd

148 4496 178 4537 ut
200 4502 245 4541 cru.
266 4487 305 4553 A,
325 4488 419 4542 oddo
507 4503 556 4539 uon
581 4489 842 4542 inhumaniterBCc
864 4506 913 4541 non
933 4490 1118 4542 lrumoniterA
1209 4492 1372 4542 laurona

82 4558 189 4607 terentio
205 4572 283 4607 unum
300 4572 317 4607 a
335 4559 450 4609 cicerone
467 4559 540 4609 uda
557 4574 635 4609 unum
652 4561 685 4611 ed
703 4561 812 4611 terentill
829 4578 907 4611 vinum
926 4562 958 4611 od
977 4563 1093 4611 cicerone
1110 4562 1134 4611 A
1188 4560 1221 4613 ld
1240 4564 1266 4610 iu
1284 4570 1371 4612 aucto-

83 4628 154 4677 ritate
174 4636 233 4678 svrnt
251 4628 276 4677 A
294 4630 451 4680 auctoritatis
470 4638 530 4679 snut
549 4630 623 4680 uua
691 4633 774 4681 omniu
794 4634 863 4683 enim
880 4632 1002 4681 udnerhia
1021 4646 1086 4695 quae
1101 4632 1188 4682 dutiuo
1202 4632 1328 4697 singulari
1344 4634 1370 4681 in

84 4712 97 4746 o
115 4710 209 4747 exeunt
226 4700 252 4748 in
270 4714 285 4748 e
302 4700 405 4749 mittunt
422 4698 506 4751 ABG
590 4700 623 4751 21
646 4701 691 4750 sed
709 4702 775 4751 mule
795 4703 952 4769 intellegitur
970 4739 1093 4757 ,,,,,,,
1112 4716 1173 4769 ergo
1194 4703 1218 4752 A
1243 4702 1289 4752 sed
1305 4702 1370 4751 male

83 4768 236 4835 intellegitur
254 4768 359 4820 dilllcile
377 4784 439 4837 ergo
458 4771 505 4821 Ba
587 4770 621 4821 26
644 4771 761 4822 similiter
778 4772 847 4824 lucili
867 4773 951 4823 Atro
1036 4771 1070 4824 30
1089 4772 1200 4822 clament
1218 4773 1254 4822 0:
1269 4782 1369 4824 torvum

84 4846 185 4904 repente
205 4840 294 4890 elamat
312 4848 351 4892 ert
366 4841 437 4906 opud
458 4840 595 4906 Venelliuuv
610 4840 676 4895 Aen.
696 4844 741 4893 Vll
761 4842 812 4895 399
881 4844 913 4896 31
933 4858 963 4893 ac
981 4844 1004 4895 si
1022 4844 1094 4895 dicae
1112 4852 1184 4893 torue
1203 4842 1286 4897 ABG
