<?xml version="1.0" encoding="UTF-8"?>
<!DOCTYPE html PUBLIC "-//W3C//DTD XHTML 1.0 Transitional//EN"
    "http://www.w3.org/TR/xhtml1/DTD/xhtml1-transitional.dtd">
<html xmlns="http://www.w3.org/1999/xhtml" xml:lang="en" lang="en">
 <head>
  <title>
</title>
<meta http-equiv="Content-Type" content="text/html;charset=utf-8" />
  <meta name='ocr-system' content='tesseract 3.04.00' />
  <meta name='ocr-capabilities' content='ocr_page ocr_carea ocr_par ocr_line ocrx_word'/>
</head>
<body>
  <div class='ocr_page' id='page_1' title='image "./grammaticilatin02hagagoog_0609.png"; bbox 0 0 3350 5442; ppageno 0'>
   <div class='ocr_carea' id='block_1_1' title="bbox 304 369 1039 436">
    <p class='ocr_par' dir='ltr' id='par_1_1' title="bbox 304 369 1039 436">
     <span class='ocr_line' id='line_1_1' title="bbox 304 369 1039 436; baseline 0.001 -3"><span class='ocrx_word' id='word_1_1' title='bbox 304 369 367 433; x_wconf 88' lang='grc'><strong>600</strong></span> <span class='ocrx_word' id='word_1_2' title='bbox 860 372 1039 436; x_wconf 78' lang='lat' dir='ltr'><strong>tttunotstt</strong></span> 
     </span>
    </p>
   </div>
   <div class='ocr_carea' id='block_1_2' title="bbox 199 477 1661 4313">
    <p class='ocr_par' dir='ltr' id='par_1_2' title="bbox 199 477 1661 4313">
     <span class='ocr_line' id='line_1_2' title="bbox 332 477 502 532; baseline 0.012 -12"><span class='ocrx_word' id='word_1_3' title='bbox 332 493 352 532; x_wconf 88' lang='lat' dir='ltr'><strong>p.</strong></span> <span class='ocrx_word' id='word_1_4' title='bbox 367 482 426 521; x_wconf 74' lang='lat' dir='ltr'><strong>rtet.</strong></span> <span class='ocrx_word' id='word_1_5' title='bbox 441 477 502 522; x_wconf 63' lang='grc'><strong>301).</strong></span> 
     </span>
     <span class='ocr_line' id='line_1_3' title="bbox 305 555 1588 640; baseline -0.002 -18"><span class='ocrx_word' id='word_1_6' title='bbox 305 581 341 622; x_wconf 83' lang='lat' dir='ltr'><strong>ex</strong></span> <span class='ocrx_word' id='word_1_7' title='bbox 363 569 504 639; x_wconf 87' lang='lat' dir='ltr'><strong>corrupto</strong></span> <span class='ocrx_word' id='word_1_8' title='bbox 525 566 555 620; x_wconf 91' lang='lat' dir='ltr'><strong>et</strong></span> <span class='ocrx_word' id='word_1_9' title='bbox 577 562 694 638; x_wconf 87' lang='lat' dir='ltr'><strong>integro</strong></span> <span class='ocrx_word' id='word_1_10' title='bbox 716 561 834 630; x_wconf 77' lang='lat' dir='ltr'><strong>accedo,</strong></span> <span class='ocrx_word' id='word_1_11' title='bbox 859 580 894 620; x_wconf 85' lang='lat' dir='ltr'><strong>ox</strong></span> <span class='ocrx_word' id='word_1_12' title='bbox 918 559 1033 621; x_wconf 84' lang='lat' dir='ltr'><strong>duobus</strong></span> <span class='ocrx_word' id='word_1_13' title='bbox 1055 563 1204 640; x_wconf 78' lang='lat' dir='ltr'><strong>corruptis</strong></span> <span class='ocrx_word' id='word_1_14' title='bbox 1225 561 1349 640; x_wconf 87' lang='lat' dir='ltr'><strong>occipio.</strong></span> <span class='ocrx_word' id='word_1_15' title='bbox 1394 563 1533 623; x_wconf 83' lang='lat' dir='ltr'><strong>similiter</strong></span> <span class='ocrx_word' id='word_1_16' title='bbox 1554 555 1588 622; x_wconf 72' lang='grc' dir='ltr'><strong>ἐκ</strong></span> 
     </span>
     <span class='ocr_line' id='line_1_4' title="bbox 305 656 1588 743; baseline 0 -21"><span class='ocrx_word' id='word_1_17' title='bbox 305 658 369 723; x_wconf 78' lang='grc' dir='ltr'><strong>δύο</strong></span> <span class='ocrx_word' id='word_1_18' title='bbox 395 660 535 723; x_wconf 77' lang='grc' dir='ltr'><strong><em>τελείων</em></strong></span> <span class='ocrx_word' id='word_1_19' title='bbox 554 657 743 742; x_wconf 87' lang='grc' dir='ltr'><strong><em>συντρέχω,</em></strong></span> <span class='ocrx_word' id='word_1_20' title='bbox 777 658 816 723; x_wconf 87' lang='grc' dir='ltr'><strong>έκ</strong></span> <span class='ocrx_word' id='word_1_21' title='bbox 837 661 970 723; x_wconf 80' lang='grc' dir='ltr'><strong><em>τελείου</em></strong></span> <span class='ocrx_word' id='word_1_22' title='bbox 991 658 1047 724; x_wconf 77' lang='grc' dir='ltr'><strong>καὶ</strong></span> <span class='ocrx_word' id='word_1_23' title='bbox 1070 656 1310 735; x_wconf 76' lang='grc' dir='ltr'><strong><em>ἀπολείποντος</em></strong></span> <span class='ocrx_word' id='word_1_24' title='bbox 1336 663 1535 743; x_wconf 73' lang='grc' dir='ltr'><strong><em>προσκυνῶ,</em></strong></span> <span class='ocrx_word' id='word_1_25' title='bbox 1558 658 1588 734; x_wconf 82' lang='grc' dir='ltr'><strong>ἐξ</strong></span> 
     </span>
     <span class='ocr_line' id='line_1_5' title="bbox 304 757 1657 847; baseline -0.001 -23"><span class='ocrx_word' id='word_1_26' title='bbox 304 759 546 836; x_wconf 78' lang='grc' dir='ltr'><strong><em>ἀπολείποντος</em></strong></span> <span class='ocrx_word' id='word_1_27' title='bbox 567 760 624 824; x_wconf 87' lang='grc' dir='ltr'><strong><em>καλ</em></strong></span> <span class='ocrx_word' id='word_1_28' title='bbox 644 763 775 824; x_wconf 77' lang='grc' dir='ltr'><strong><em>τελείου</em></strong></span> <span class='ocrx_word' id='word_1_29' title='bbox 797 759 992 844; x_wconf 81' lang='grc' dir='ltr'><strong><em>συμβάλλοι,</em></strong></span> <span class='ocrx_word' id='word_1_30' title='bbox 1017 759 1055 826; x_wconf 82' lang='grc' dir='ltr'><strong>ἐκ</strong></span> <span class='ocrx_word' id='word_1_31' title='bbox 1078 760 1140 824; x_wconf 78' lang='grc' dir='ltr'><strong>δύο</strong></span> <span class='ocrx_word' id='word_1_32' title='bbox 1163 757 1418 826; x_wconf 70' lang='grc' dir='ltr'><strong><em>ἀπολειπόντων</em></strong></span> <span class='ocrx_word' id='word_1_33' title='bbox 1433 761 1587 847; x_wconf 79' lang='grc' dir='ltr'><strong><em>κωμφδώ.</em></strong></span> <span class='ocrx_word' id='word_1_34' title='bbox 1656 758 1657 836; x_wconf 72' lang='lat' dir='ltr'><strong>i</strong></span> 
     </span>
     <span class='ocr_line' id='line_1_6' title="bbox 305 853 1657 947; baseline -0.002 -20"><span class='ocrx_word' id='word_1_35' title='bbox 305 874 375 928; x_wconf 91' lang='lat' dir='ltr'><strong>sunt</strong></span> <span class='ocrx_word' id='word_1_36' title='bbox 394 866 539 946; x_wconf 78' lang='lat' dir='ltr'>quaedam</span> <span class='ocrx_word' id='word_1_37' title='bbox 566 867 720 945; x_wconf 86' lang='lat' dir='ltr'><strong>conposita</strong></span> <span class='ocrx_word' id='word_1_38' title='bbox 741 884 816 945; x_wconf 90' lang='lat' dir='ltr'><strong>quae</strong></span> <span class='ocrx_word' id='word_1_39' title='bbox 840 885 899 926; x_wconf 96' lang='lat' dir='ltr'><strong>non</strong></span> <span class='ocrx_word' id='word_1_40' title='bbox 921 873 1047 945; x_wconf 77' lang='lat' dir='ltr'><strong>possunt</strong></span> <span class='ocrx_word' id='word_1_41' title='bbox 1068 867 1189 935; x_wconf 88' lang='lat' dir='ltr'><strong>resolvi,</strong></span> <span class='ocrx_word' id='word_1_42' title='bbox 1219 876 1250 928; x_wconf 90' lang='lat' dir='ltr'><strong>ut</strong></span> <span class='ocrx_word' id='word_1_43' title='bbox 1273 869 1403 947; x_wconf 84' lang='lat' dir='ltr'>suscipio</span> <span class='ocrx_word' id='word_1_44' title='bbox 1425 867 1589 947; x_wconf 83' lang='lat' dir='ltr'><strong>conplector·</strong></span> <span class='ocrx_word' id='word_1_45' title='bbox 1656 853 1657 880; x_wconf 33' lang='grc' dir='ltr'><strong><em>λ</em></strong></span> 
     </span>
     <span class='ocr_line' id='line_1_7' title="bbox 307 961 1611 1049; baseline -0.002 -20"><span class='ocrx_word' id='word_1_46' title='bbox 307 967 363 1048; x_wconf 89' lang='lat' dir='ltr'><strong>[ita</strong></span> <span class='ocrx_word' id='word_1_47' title='bbox 378 969 456 1049; x_wconf 87' lang='lat' dir='ltr'><strong>apud</strong></span> <span class='ocrx_word' id='word_1_48' title='bbox 478 969 546 1031; x_wconf 84' lang='lat' dir='ltr'><strong>iiios</strong></span> <span class='ocrx_word' id='word_1_49' title='bbox 568 961 606 1029; x_wconf 82' lang='lat' dir='ltr'><strong>eti</strong></span> <span class='ocrx_word' id='word_1_50' title='bbox 627 963 691 1047; x_wconf 76' lang='grc' dir='ltr'><strong>μὲν</strong></span> <span class='ocrx_word' id='word_1_51' title='bbox 711 963 911 1046; x_wconf 80' lang='grc' dir='ltr'><strong><em>συντρέχω].</em></strong></span> <span class='ocrx_word' id='word_1_52' title='bbox 949 975 1018 1028; x_wconf 90' lang='lat' dir='ltr'><strong>sunt</strong></span> <span class='ocrx_word' id='word_1_53' title='bbox 1040 969 1117 1048; x_wconf 86' lang='lat' dir='ltr'><strong>apud</strong></span> <span class='ocrx_word' id='word_1_54' title='bbox 1139 969 1268 1030; x_wconf 85' lang='lat' dir='ltr'><strong>Graecos</strong></span> <span class='ocrx_word' id='word_1_55' title='bbox 1290 969 1417 1030; x_wconf 88' lang='lat' dir='ltr'><strong>admissa</strong></span> <span class='ocrx_word' id='word_1_56' title='bbox 1438 979 1503 1049; x_wconf 90' lang='lat' dir='ltr'><strong>post</strong></span> <span class='ocrx_word' id='word_1_57' title='bbox 1524 987 1611 1028; x_wconf 80' lang='lat' dir='ltr'><strong>eon-s</strong></span> 
     </span>
     <span class='ocr_line' id='line_1_8' title="bbox 305 1069 1589 1152; baseline -0.001 -21"><span class='ocrx_word' id='word_1_58' title='bbox 305 1073 498 1150; x_wconf 83' lang='lat' dir='ltr'><strong>positionem,</strong></span> <span class='ocrx_word' id='word_1_59' title='bbox 526 1089 593 1130; x_wconf 90' lang='lat' dir='ltr'><strong>cum</strong></span> <span class='ocrx_word' id='word_1_60' title='bbox 615 1077 716 1130; x_wconf 78' lang='lat' dir='ltr'><strong>essent</strong></span> <span class='ocrx_word' id='word_1_61' title='bbox 738 1069 885 1149; x_wconf 89' lang='lat' dir='ltr'><strong>simplicia</strong></span> <span class='ocrx_word' id='word_1_62' title='bbox 909 1089 967 1130; x_wconf 94' lang='lat' dir='ltr'><strong>non</strong></span> <span class='ocrx_word' id='word_1_63' title='bbox 990 1079 1125 1150; x_wconf 87' lang='lat' dir='ltr'><strong>recepta:</strong></span> <span class='ocrx_word' id='word_1_64' title='bbox 1149 1071 1241 1152; x_wconf 80' lang='grc' dir='ltr'><strong><em>νομῶ</em></strong></span> <span class='ocrx_word' id='word_1_65' title='bbox 1265 1071 1341 1132; x_wconf 91' lang='lat' dir='ltr'><strong>nihil</strong></span> <span class='ocrx_word' id='word_1_66' title='bbox 1363 1073 1522 1149; x_wconf 82' lang='lat' dir='ltr'><strong>significat,</strong></span> <span class='ocrx_word' id='word_1_67' title='bbox 1549 1079 1589 1130; x_wconf 92' lang='lat' dir='ltr'><strong>ta·</strong></span> 
     </span>
     <span class='ocr_line' id='line_1_9' title="bbox 305 1167 1587 1254; baseline -0.002 -21"><span class='ocrx_word' id='word_1_68' title='bbox 305 1192 373 1234; x_wconf 92' lang='lat' dir='ltr'><strong>meu</strong></span> <span class='ocrx_word' id='word_1_69' title='bbox 394 1169 561 1251; x_wconf 74' lang='grc' dir='ltr'><strong><em>οἰκονομῶ</em></strong></span> <span class='ocrx_word' id='word_1_70' title='bbox 584 1172 709 1241; x_wconf 68' lang='lat' dir='ltr'><strong>elicitum</strong></span> <span class='ocrx_word' id='word_1_71' title='bbox 732 1171 871 1231; x_wconf 90' lang='lat' dir='ltr'><strong>similiter</strong></span> <span class='ocrx_word' id='word_1_72' title='bbox 893 1167 986 1250; x_wconf 81' lang='grc' dir='ltr'><strong><em>δομω</em></strong></span> <span class='ocrx_word' id='word_1_73' title='bbox 1009 1179 1039 1232; x_wconf 90' lang='lat' dir='ltr'><strong>et</strong></span> <span class='ocrx_word' id='word_1_74' title='bbox 1060 1169 1204 1253; x_wconf 77' lang='grc' dir='ltr'><strong><em>βομεύω,</em></strong></span> <span class='ocrx_word' id='word_1_75' title='bbox 1227 1169 1395 1254; x_wconf 78' lang='grc' dir='ltr'><strong><em>οἰκοδομῶ</em></strong></span> <span class='ocrx_word' id='word_1_76' title='bbox 1418 1181 1448 1234; x_wconf 88' lang='lat' dir='ltr'><strong>et</strong></span> <span class='ocrx_word' id='word_1_77' title='bbox 1469 1171 1587 1252; x_wconf 83' lang='grc' dir='ltr'><strong><em>βυσσο-</em></strong></span> 
     </span>
     <span class='ocr_line' id='line_1_10' title="bbox 305 1271 1588 1355; baseline -0.001 -21"><span class='ocrx_word' id='word_1_78' title='bbox 305 1271 438 1355; x_wconf 73' lang='grc' dir='ltr'><strong><em>ὃομεάω</em></strong></span> <span class='ocrx_word' id='word_1_79' title='bbox 460 1281 678 1354; x_wconf 89' lang='lat' dir='ltr'><strong>conponuntur.</strong></span> <span class='ocrx_word' id='word_1_80' title='bbox 712 1276 754 1333; x_wconf 91' lang='lat' dir='ltr'><strong>ita</strong></span> <span class='ocrx_word' id='word_1_81' title='bbox 776 1274 870 1333; x_wconf 87' lang='lat' dir='ltr'><strong>iacior</strong></span> <span class='ocrx_word' id='word_1_82' title='bbox 894 1280 924 1332; x_wconf 91' lang='lat' dir='ltr'><strong>et</strong></span> <span class='ocrx_word' id='word_1_83' title='bbox 945 1291 1036 1350; x_wconf 88' lang='lat' dir='ltr'><strong>grego</strong></span> <span class='ocrx_word' id='word_1_84' title='bbox 1058 1293 1116 1334; x_wconf 91' lang='lat' dir='ltr'><strong>non</strong></span> <span class='ocrx_word' id='word_1_85' title='bbox 1140 1275 1294 1344; x_wconf 87' lang='lat' dir='ltr'><strong>dicuutur,</strong></span> <span class='ocrx_word' id='word_1_86' title='bbox 1318 1277 1460 1336; x_wconf 84' lang='lat' dir='ltr'><strong>conficior</strong></span> <span class='ocrx_word' id='word_1_87' title='bbox 1483 1293 1549 1334; x_wconf 87' lang='lat' dir='ltr'><strong>vero</strong></span> <span class='ocrx_word' id='word_1_88' title='bbox 1563 1283 1588 1332; x_wconf 82' lang='lat' dir='ltr'><strong>et</strong></span> 
     </span>
     <span class='ocr_line' id='line_1_11' title="bbox 305 1374 1590 1457; baseline -0.004 -20"><span class='ocrx_word' id='word_1_89' title='bbox 305 1377 419 1437; x_wconf 87' lang='lat' dir='ltr'><strong>aiiicior</strong></span> <span class='ocrx_word' id='word_1_90' title='bbox 442 1383 472 1436; x_wconf 89' lang='lat' dir='ltr'><strong>et</strong></span> <span class='ocrx_word' id='word_1_91' title='bbox 493 1394 640 1453; x_wconf 87' lang='lat' dir='ltr'><strong>congrego</strong></span> <span class='ocrx_word' id='word_1_92' title='bbox 662 1374 755 1455; x_wconf 89' lang='lat' dir='ltr'><strong>probe</strong></span> <span class='ocrx_word' id='word_1_93' title='bbox 783 1376 933 1436; x_wconf 88' lang='lat' dir='ltr'><strong>dicuntur.</strong></span> <span class='ocrx_word' id='word_1_94' title='bbox 978 1378 1096 1454; x_wconf 89' lang='lat' dir='ltr'><strong>utrique</strong></span> <span class='ocrx_word' id='word_1_95' title='bbox 1125 1377 1217 1436; x_wconf 85' lang='lat' dir='ltr'><strong>verbo</strong></span> <span class='ocrx_word' id='word_1_96' title='bbox 1250 1377 1338 1437; x_wconf 85' lang='lat' dir='ltr'><strong>binae</strong></span> <span class='ocrx_word' id='word_1_97' title='bbox 1361 1379 1590 1457; x_wconf 80' lang='lat' dir='ltr'><strong>praepositiones</strong></span> 
     </span>
     <span class='ocr_line' id='line_1_12' title="bbox 305 1473 1621 1559; baseline -0.002 -22"><span class='ocrx_word' id='word_1_98' title='bbox 305 1481 484 1556; x_wconf 88' lang='lat' dir='ltr'><strong>iunguntur:</strong></span> <span class='ocrx_word' id='word_1_99' title='bbox 501 1477 648 1538; x_wconf 90' lang='lat' dir='ltr'><strong>llomerus</strong></span> <span class='ocrx_word' id='word_1_100' title='bbox 673 1473 1061 1559; x_wconf 76' lang='grc' dir='ltr'><strong><em>προπροκυλινδόμενος,</em></strong></span> <span class='ocrx_word' id='word_1_101' title='bbox 1081 1479 1229 1556; x_wconf 88' lang='lat' dir='ltr'><strong>Vergilius</strong></span> <span class='ocrx_word' id='word_1_102' title='bbox 1250 1480 1360 1559; x_wconf 79' lang='lat' dir='ltr'><strong>‘peric</strong></span> <span class='ocrx_word' id='word_1_103' title='bbox 1383 1479 1586 1559; x_wconf 81' lang='lat' dir='ltr'><strong>prosubigit</strong></span> <span class='ocrx_word' id='word_1_104' title='bbox 1603 1500 1621 1552; x_wconf 81' lang='lat' dir='ltr'><strong>p</strong></span> 
     </span>
     <span class='ocr_line' id='line_1_13' title="bbox 305 1580 1590 1662; baseline -0.004 -21"><span class='ocrx_word' id='word_1_105' title='bbox 305 1582 473 1642; x_wconf 89' lang='lat' dir='ltr'><strong>terrarn’.</strong></span> <span class='ocrx_word' id='word_1_106' title='bbox 518 1581 649 1640; x_wconf 86' lang='lat' dir='ltr'><strong>latinitas</strong></span> <span class='ocrx_word' id='word_1_107' title='bbox 671 1581 819 1658; x_wconf 78' lang='lat' dir='ltr'><strong>conpositi</strong></span> <span class='ocrx_word' id='word_1_108' title='bbox 854 1580 937 1640; x_wconf 80' lang='lat' dir='ltr'><strong>veriti</strong></span> <span class='ocrx_word' id='word_1_109' title='bbox 961 1599 1048 1661; x_wconf 90' lang='lat' dir='ltr'><strong>saepe</strong></span> <span class='ocrx_word' id='word_1_110' title='bbox 1071 1583 1196 1660; x_wconf 87' lang='lat' dir='ltr'><strong>primam</strong></span> <span class='ocrx_word' id='word_1_111' title='bbox 1220 1581 1361 1662; x_wconf 81' lang='lat' dir='ltr'><strong>syiiaham</strong></span> <span class='ocrx_word' id='word_1_112' title='bbox 1385 1589 1486 1650; x_wconf 74' lang='lat' dir='ltr'><strong>acutat,</strong></span> <span class='ocrx_word' id='word_1_113' title='bbox 1509 1591 1590 1642; x_wconf 78' lang='lat' dir='ltr'><strong>teneo</strong></span> 
     </span>
     <span class='ocr_line' id='line_1_14' title="bbox 306 1682 1589 1763; baseline -0.002 -21"><span class='ocrx_word' id='word_1_114' title='bbox 306 1685 460 1751; x_wconf 86' lang='lat' dir='ltr'><strong>contineo;</strong></span> <span class='ocrx_word' id='word_1_115' title='bbox 490 1700 577 1760; x_wconf 83' lang='lat' dir='ltr'><strong>saepe</strong></span> <span class='ocrx_word' id='word_1_116' title='bbox 605 1699 663 1740; x_wconf 93' lang='lat' dir='ltr'><strong>non</strong></span> <span class='ocrx_word' id='word_1_117' title='bbox 695 1688 804 1751; x_wconf 90' lang='lat' dir='ltr'><strong>routat,</strong></span> <span class='ocrx_word' id='word_1_118' title='bbox 835 1682 901 1760; x_wconf 87' lang='lat' dir='ltr'><strong>tego</strong></span> <span class='ocrx_word' id='word_1_119' title='bbox 929 1682 1063 1761; x_wconf 79' lang='lat' dir='ltr'><strong>neglego.</strong></span> <span class='ocrx_word' id='word_1_120' title='bbox 1115 1686 1146 1744; x_wconf 93' lang='lat' dir='ltr'><strong>in</strong></span> <span class='ocrx_word' id='word_1_121' title='bbox 1174 1701 1280 1762; x_wconf 90' lang='lat' dir='ltr'><strong>graeco</strong></span> <span class='ocrx_word' id='word_1_122' title='bbox 1313 1683 1405 1744; x_wconf 84' lang='lat' dir='ltr'><strong>verbo</strong></span> <span class='ocrx_word' id='word_1_123' title='bbox 1438 1701 1589 1763; x_wconf 87' lang='lat' dir='ltr'><strong>numquam</strong></span> 
     </span>
     <span class='ocr_line' id='line_1_15' title="bbox 305 1780 1590 1865; baseline -0.002 -20"><span class='ocrx_word' id='word_1_124' title='bbox 305 1789 401 1865; x_wconf 90' lang='lat' dir='ltr'><strong>prima</strong></span> <span class='ocrx_word' id='word_1_125' title='bbox 430 1783 542 1864; x_wconf 79' lang='lat' dir='ltr'><strong>syiiaha</strong></span> <span class='ocrx_word' id='word_1_126' title='bbox 570 1783 684 1844; x_wconf 86' lang='lat' dir='ltr'><strong>adiecta</strong></span> <span class='ocrx_word' id='word_1_127' title='bbox 725 1787 944 1863; x_wconf 83' lang='lat' dir='ltr'><strong>praepositione</strong></span> <span class='ocrx_word' id='word_1_128' title='bbox 972 1785 1113 1855; x_wconf 87' lang='lat' dir='ltr'><strong>violatur,</strong></span> <span class='ocrx_word' id='word_1_129' title='bbox 1147 1781 1261 1864; x_wconf 81' lang='grc' dir='ltr'><strong><em>βάλλω</em></strong></span> <span class='ocrx_word' id='word_1_130' title='bbox 1292 1780 1490 1865; x_wconf 89' lang='grc' dir='ltr'><strong><em>άμφιβάλλω</em></strong></span> <span class='ocrx_word' id='word_1_131' title='bbox 1522 1781 1590 1843; x_wconf 76' lang='grc' dir='ltr'><strong><em>(λια-</em></strong></span> 
     </span>
     <span class='ocr_line' id='line_1_16' title="bbox 305 1875 1659 1966; baseline -0.002 -19"><span class='ocrx_word' id='word_1_132' title='bbox 305 1883 419 1966; x_wconf 90' lang='grc' dir='ltr'><strong><em>βάλλω</em></strong></span> <span class='ocrx_word' id='word_1_133' title='bbox 442 1880 652 1965; x_wconf 80' lang='grc' dir='ltr'><strong><em>καταβάλλω,</em></strong></span> <span class='ocrx_word' id='word_1_134' title='bbox 675 1877 745 1963; x_wconf 84' lang='grc' dir='ltr'><strong>άγω</strong></span> <span class='ocrx_word' id='word_1_135' title='bbox 768 1883 905 1964; x_wconf 79' lang='grc' dir='ltr'><strong><em>συνάγω</em></strong></span> <span class='ocrx_word' id='word_1_136' title='bbox 928 1883 1066 1966; x_wconf 90' lang='grc' dir='ltr'><strong><em>προάγω</em></strong></span> <span class='ocrx_word' id='word_1_137' title='bbox 1089 1882 1205 1966; x_wconf 76' lang='grc' dir='ltr'><strong><em>διάγω,</em></strong></span> <span class='ocrx_word' id='word_1_138' title='bbox 1228 1883 1321 1966; x_wconf 89' lang='grc' dir='ltr'><strong><em>φέρω</em></strong></span> <span class='ocrx_word' id='word_1_139' title='bbox 1343 1883 1501 1966; x_wconf 80' lang='grc' dir='ltr'><strong><em>προφέρω</em></strong></span> <span class='ocrx_word' id='word_1_140' title='bbox 1522 1882 1590 1945; x_wconf 80' lang='lat' dir='ltr'><strong>tica-</strong></span> <span class='ocrx_word' id='word_1_141' title='bbox 1658 1875 1659 1900; x_wconf 78' lang='lat'>³</span> 
     </span>
     <span class='ocr_line' id='line_1_17' title="bbox 307 1981 1659 2068; baseline -0.004 -19"><span class='ocrx_word' id='word_1_142' title='bbox 307 1987 399 2068; x_wconf 83' lang='grc' dir='ltr'><strong><em>φέρω</em></strong></span> <span class='ocrx_word' id='word_1_143' title='bbox 426 1981 604 2066; x_wconf 87' lang='grc' dir='ltr'><strong><em>άναφέρω,</em></strong></span> <span class='ocrx_word' id='word_1_144' title='bbox 627 1983 714 2066; x_wconf 74' lang='grc' dir='ltr'><strong><em>δέρω</em></strong></span> <span class='ocrx_word' id='word_1_145' title='bbox 738 1984 876 2067; x_wconf 78' lang='grc' dir='ltr'><strong><em>έκδέρω,</em></strong></span> <span class='ocrx_word' id='word_1_146' title='bbox 905 1987 994 2067; x_wconf 78' lang='grc' dir='ltr'><strong><em>φιλοῖ</em></strong></span> <span class='ocrx_word' id='word_1_147' title='bbox 1017 1988 1202 2068; x_wconf 77' lang='grc' dir='ltr'><strong><em>καταφιλω.</em></strong></span> <span class='ocrx_word' id='word_1_148' title='bbox 1247 1989 1326 2049; x_wconf 89' lang='lat' dir='ltr'><strong>uitro</strong></span> <span class='ocrx_word' id='word_1_149' title='bbox 1355 1989 1491 2068; x_wconf 83' lang='lat' dir='ltr'><strong>equidem</strong></span> <span class='ocrx_word' id='word_1_150' title='bbox 1519 1992 1588 2049; x_wconf 74' lang='lat' dir='ltr'><strong>into·</strong></span> <span class='ocrx_word' id='word_1_151' title='bbox 1604 2007 1622 2042; x_wconf 79' lang='lat' dir='ltr'><strong>u</strong></span> <span class='ocrx_word' id='word_1_152' title='bbox 1658 2035 1659 2044; x_wconf 69' lang='grc'><strong><em>,</em></strong></span> 
     </span>
     <span class='ocr_line' id='line_1_18' title="bbox 306 2086 1586 2173; baseline -0.002 -21"><span class='ocrx_word' id='word_1_153' title='bbox 306 2098 419 2152; x_wconf 88' lang='lat' dir='ltr'><strong>merato</strong></span> <span class='ocrx_word' id='word_1_154' title='bbox 434 2089 525 2150; x_wconf 81' lang='lat' dir='ltr'><strong>verbo</strong></span> <span class='ocrx_word' id='word_1_155' title='bbox 541 2092 721 2169; x_wconf 87' lang='lat' dir='ltr'><strong>praepositio</strong></span> <span class='ocrx_word' id='word_1_156' title='bbox 736 2109 824 2169; x_wconf 86' lang='lat' dir='ltr'><strong>saepe</strong></span> <span class='ocrx_word' id='word_1_157' title='bbox 840 2093 1050 2170; x_wconf 83' lang='lat' dir='ltr'><strong>corrumpitur,</strong></span> <span class='ocrx_word' id='word_1_158' title='bbox 1074 2087 1159 2170; x_wconf 86' lang='grc' dir='ltr'><strong><em>λέγω</em></strong></span> <span class='ocrx_word' id='word_1_159' title='bbox 1177 2091 1180 2173; x_wconf 69' lang='lat' dir='ltr'><strong>i</strong></span> <span class='ocrx_word' id='word_1_160' title='bbox 1197 2087 1361 2170; x_wconf 70' lang='lat' dir='ltr'><strong>cotteym,</strong></span> <span class='ocrx_word' id='word_1_161' title='bbox 1382 2086 1496 2170; x_wconf 92' lang='grc' dir='ltr'><strong><em>βάλλω</em></strong></span> <span class='ocrx_word' id='word_1_162' title='bbox 1511 2105 1586 2170; x_wconf 92' lang='grc' dir='ltr'><strong><em>συμ-</em></strong></span> 
     </span>
     <span class='ocr_line' id='line_1_19' title="bbox 305 2186 1587 2272; baseline -0.002 -21"><span class='ocrx_word' id='word_1_163' title='bbox 305 2187 440 2272; x_wconf 92' lang='grc' dir='ltr'><strong><em>βάλλω,</em></strong></span> <span class='ocrx_word' id='word_1_164' title='bbox 462 2187 568 2271; x_wconf 80' lang='grc' dir='ltr'><strong><em>τρέχω</em></strong></span> <span class='ocrx_word' id='word_1_165' title='bbox 598 2186 752 2270; x_wconf 83' lang='grc' dir='ltr'><strong><em>έκτρέχω.</em></strong></span> <span class='ocrx_word' id='word_1_166' title='bbox 798 2193 854 2252; x_wconf 88' lang='lat' dir='ltr'><strong>iroc</strong></span> <span class='ocrx_word' id='word_1_167' title='bbox 878 2195 948 2252; x_wconf 89' lang='lat' dir='ltr'><strong>item</strong></span> <span class='ocrx_word' id='word_1_168' title='bbox 981 2195 1012 2253; x_wconf 93' lang='lat' dir='ltr'><strong>in</strong></span> <span class='ocrx_word' id='word_1_169' title='bbox 1035 2192 1149 2262; x_wconf 86' lang='lat' dir='ltr'><strong>latinis,</strong></span> <span class='ocrx_word' id='word_1_170' title='bbox 1178 2195 1242 2253; x_wconf 86' lang='lat' dir='ltr'><strong>sero</strong></span> <span class='ocrx_word' id='word_1_171' title='bbox 1271 2194 1380 2252; x_wconf 87' lang='lat' dir='ltr'><strong>eciero.</strong></span> <span class='ocrx_word' id='word_1_172' title='bbox 1428 2193 1542 2270; x_wconf 77' lang='lat' dir='ltr'><strong>aufugio</strong></span> <span class='ocrx_word' id='word_1_173' title='bbox 1563 2199 1587 2249; x_wconf 89' lang='lat' dir='ltr'><strong>et</strong></span> 
     </span>
     <span class='ocr_line' id='line_1_20' title="bbox 306 2290 1588 2373; baseline -0.003 -17"><span class='ocrx_word' id='word_1_174' title='bbox 306 2297 409 2356; x_wconf 84' lang='lat' dir='ltr'><strong>aufero</strong></span> <span class='ocrx_word' id='word_1_175' title='bbox 436 2313 452 2354; x_wconf 91' lang='lat' dir='ltr'><strong>a</strong></span> <span class='ocrx_word' id='word_1_176' title='bbox 480 2296 700 2373; x_wconf 88' lang='lat' dir='ltr'><strong>praepositione</strong></span> <span class='ocrx_word' id='word_1_177' title='bbox 727 2293 765 2354; x_wconf 89' lang='lat' dir='ltr'><strong>ab</strong></span> <span class='ocrx_word' id='word_1_178' title='bbox 795 2290 1016 2373; x_wconf 87' lang='lat' dir='ltr'><strong>conponuntur,</strong></span> <span class='ocrx_word' id='word_1_179' title='bbox 1052 2303 1081 2355; x_wconf 91' lang='lat' dir='ltr'><strong>et</strong></span> <span class='ocrx_word' id='word_1_180' title='bbox 1108 2297 1139 2354; x_wconf 92' lang='lat' dir='ltr'><strong>in</strong></span> <span class='ocrx_word' id='word_1_181' title='bbox 1170 2295 1217 2355; x_wconf 88' lang='lat' dir='ltr'><strong>iris</strong></span> <span class='ocrx_word' id='word_1_182' title='bbox 1250 2294 1321 2354; x_wconf 87' lang='lat' dir='ltr'><strong>solis</strong></span> <span class='ocrx_word' id='word_1_183' title='bbox 1350 2293 1386 2354; x_wconf 80' lang='lat' dir='ltr'><strong>ait</strong></span> <span class='ocrx_word' id='word_1_184' title='bbox 1410 2304 1540 2356; x_wconf 84' lang='lat' dir='ltr'><strong>moretur</strong></span> <span class='ocrx_word' id='word_1_185' title='bbox 1561 2297 1588 2352; x_wconf 92' lang='lat' dir='ltr'><strong>in</strong></span> 
     </span>
     <span class='ocr_line' id='line_1_21' title="bbox 199 2395 1660 2476; baseline -0.009 -13"><span class='ocrx_word' id='word_1_186' title='bbox 199 2416 247 2463; x_wconf 80' lang='lat'><strong>188</strong></span> <span class='ocrx_word' id='word_1_187' title='bbox 261 2415 291 2463; x_wconf 84' lang='lat' dir='ltr'><strong>v.</strong></span> <span class='ocrx_word' id='word_1_188' title='bbox 306 2415 347 2458; x_wconf 85' lang='grc' dir='ltr'><strong>αν</strong></span> <span class='ocrx_word' id='word_1_189' title='bbox 368 2404 489 2456; x_wconf 90' lang='lat' dir='ltr'><strong>auctore</strong></span> <span class='ocrx_word' id='word_1_190' title='bbox 512 2397 673 2464; x_wconf 84' lang='lat' dir='ltr'><strong>Cicerone,</strong></span> <span class='ocrx_word' id='word_1_191' title='bbox 702 2413 881 2476; x_wconf 83' lang='lat' dir='ltr'><strong>sensumque</strong></span> <span class='ocrx_word' id='word_1_192' title='bbox 904 2395 993 2456; x_wconf 88' lang='lat' dir='ltr'><strong>habet</strong></span> <span class='ocrx_word' id='word_1_193' title='bbox 1016 2404 1179 2456; x_wconf 86' lang='lat' dir='ltr'><strong>retrorsum</strong></span> <span class='ocrx_word' id='word_1_194' title='bbox 1202 2397 1349 2457; x_wconf 83' lang='lat' dir='ltr'><strong>trahendi.</strong></span> <span class='ocrx_word' id='word_1_195' title='bbox 1395 2396 1529 2474; x_wconf 82' lang='lat' dir='ltr'><strong>Nigidius</strong></span> <span class='ocrx_word' id='word_1_196' title='bbox 1551 2405 1588 2456; x_wconf 91' lang='lat' dir='ltr'><strong>ta·</strong></span> <span class='ocrx_word' id='word_1_197' title='bbox 1659 2417 1660 2450; x_wconf 87' lang='lat' dir='ltr'><strong>t</strong></span> 
     </span>
     <span class='ocr_line' id='line_1_22' title="bbox 308 2497 1660 2579; baseline -0.005 -20"><span class='ocrx_word' id='word_1_198' title='bbox 308 2517 375 2559; x_wconf 89' lang='lat' dir='ltr'><strong>men</strong></span> <span class='ocrx_word' id='word_1_199' title='bbox 402 2505 487 2579; x_wconf 89' lang='lat' dir='ltr'><strong>putat</strong></span> <span class='ocrx_word' id='word_1_200' title='bbox 514 2497 637 2557; x_wconf 87' lang='lat' dir='ltr'><strong>verbum</strong></span> <span class='ocrx_word' id='word_1_201' title='bbox 667 2505 786 2558; x_wconf 90' lang='lat' dir='ltr'><strong>autumo</strong></span> <span class='ocrx_word' id='word_1_202' title='bbox 807 2516 848 2560; x_wconf 80' lang='lat' dir='ltr'><strong>ex</strong></span> <span class='ocrx_word' id='word_1_203' title='bbox 870 2498 972 2558; x_wconf 92' lang='lat' dir='ltr'><strong>eadem</strong></span> <span class='ocrx_word' id='word_1_204' title='bbox 995 2500 1215 2578; x_wconf 89' lang='lat' dir='ltr'><strong>praepositione</strong></span> <span class='ocrx_word' id='word_1_205' title='bbox 1238 2501 1375 2577; x_wconf 85' lang='lat' dir='ltr'><strong>conponi,</strong></span> <span class='ocrx_word' id='word_1_206' title='bbox 1399 2501 1484 2577; x_wconf 90' lang='lat' dir='ltr'><strong>quasi</strong></span> <span class='ocrx_word' id='word_1_207' title='bbox 1506 2497 1585 2558; x_wconf 87' lang='lat' dir='ltr'><strong>abae·</strong></span> <span class='ocrx_word' id='word_1_208' title='bbox 1600 2515 1620 2552; x_wconf 69' lang='grc' dir='ltr'><strong>ιι</strong></span> <span class='ocrx_word' id='word_1_209' title='bbox 1659 2497 1660 2500; x_wconf 75' lang='grc'>’</span> 
     </span>
     <span class='ocr_line' id='line_1_23' title="bbox 307 2599 1590 2669; baseline -0.002 -9"><span class='ocrx_word' id='word_1_210' title='bbox 307 2604 409 2669; x_wconf 92' lang='lat' dir='ltr'><strong>stimo‚</strong></span> <span class='ocrx_word' id='word_1_211' title='bbox 440 2602 518 2660; x_wconf 90' lang='lat' dir='ltr'><strong>sieut</strong></span> <span class='ocrx_word' id='word_1_212' title='bbox 545 2599 708 2660; x_wconf 88' lang='lat' dir='ltr'><strong>abnumero</strong></span> <span class='ocrx_word' id='word_1_213' title='bbox 735 2599 815 2659; x_wconf 89' lang='lat' dir='ltr'><strong>idem</strong></span> <span class='ocrx_word' id='word_1_214' title='bbox 849 2609 893 2661; x_wconf 92' lang='lat' dir='ltr'><strong>est</strong></span> <span class='ocrx_word' id='word_1_215' title='bbox 920 2608 949 2660; x_wconf 94' lang='lat' dir='ltr'><strong>et</strong></span> <span class='ocrx_word' id='word_1_216' title='bbox 982 2619 1113 2660; x_wconf 86' lang='lat' dir='ltr'><strong>numero.</strong></span> <span class='ocrx_word' id='word_1_217' title='bbox 1159 2607 1278 2662; x_wconf 90' lang='lat' dir='ltr'><strong>autumo</strong></span> <span class='ocrx_word' id='word_1_218' title='bbox 1307 2617 1377 2661; x_wconf 82' lang='lat' dir='ltr'><strong>vero</strong></span> <span class='ocrx_word' id='word_1_219' title='bbox 1410 2611 1441 2660; x_wconf 90' lang='lat' dir='ltr'><strong>et</strong></span> <span class='ocrx_word' id='word_1_220' title='bbox 1470 2601 1533 2661; x_wconf 84' lang='lat' dir='ltr'><strong>dico</strong></span> <span class='ocrx_word' id='word_1_221' title='bbox 1563 2609 1590 2658; x_wconf 88' lang='lat' dir='ltr'><strong>et</strong></span> 
     </span>
     <span class='ocr_line' id='line_1_24' title="bbox 309 2700 1588 2782; baseline -0.002 -19"><span class='ocrx_word' id='word_1_222' title='bbox 309 2722 415 2763; x_wconf 89' lang='lat' dir='ltr'><strong>censeo</strong></span> <span class='ocrx_word' id='word_1_223' title='bbox 437 2703 594 2779; x_wconf 81' lang='lat' dir='ltr'><strong>siguificat.</strong></span> <span class='ocrx_word' id='word_1_224' title='bbox 638 2719 744 2779; x_wconf 90' lang='lat' dir='ltr'><strong>graeca</strong></span> <span class='ocrx_word' id='word_1_225' title='bbox 766 2700 872 2772; x_wconf 85' lang='lat' dir='ltr'><strong>rerba,</strong></span> <span class='ocrx_word' id='word_1_226' title='bbox 896 2702 1013 2781; x_wconf 91' lang='lat' dir='ltr'><strong>quando</strong></span> <span class='ocrx_word' id='word_1_227' title='bbox 1041 2711 1249 2782; x_wconf 88' lang='lat' dir='ltr'><strong>conponuntur</strong></span> <span class='ocrx_word' id='word_1_228' title='bbox 1276 2721 1343 2763; x_wconf 91' lang='lat' dir='ltr'><strong>cum</strong></span> <span class='ocrx_word' id='word_1_229' title='bbox 1367 2705 1588 2782; x_wconf 87' lang='lat' dir='ltr'><strong>praepositione,</strong></span> 
     </span>
     <span class='ocr_line' id='line_1_25' title="bbox 308 2797 1589 2884; baseline -0.001 -19"><span class='ocrx_word' id='word_1_230' title='bbox 308 2805 434 2865; x_wconf 83' lang='lat' dir='ltr'><strong>eundem</strong></span> <span class='ocrx_word' id='word_1_231' title='bbox 457 2810 611 2865; x_wconf 87' lang='lat' dir='ltr'><strong>accentum</strong></span> <span class='ocrx_word' id='word_1_232' title='bbox 634 2805 698 2864; x_wconf 91' lang='lat' dir='ltr'><strong>sine</strong></span> <span class='ocrx_word' id='word_1_233' title='bbox 721 2803 812 2863; x_wconf 84' lang='lat' dir='ltr'><strong>dubio</strong></span> <span class='ocrx_word' id='word_1_234' title='bbox 834 2811 960 2874; x_wconf 87' lang='lat' dir='ltr'><strong>serrant,</strong></span> <span class='ocrx_word' id='word_1_235' title='bbox 990 2799 1195 2884; x_wconf 87' lang='grc' dir='ltr'><strong><em>καταγράφω</em></strong></span> <span class='ocrx_word' id='word_1_236' title='bbox 1218 2801 1388 2883; x_wconf 83' lang='grc' dir='ltr'><strong><em>περιφέρω</em></strong></span> <span class='ocrx_word' id='word_1_237' title='bbox 1412 2797 1589 2884; x_wconf 82' lang='grc' dir='ltr'><strong><em>άναγλύφω</em></strong></span> 
     </span>
     <span class='ocr_line' id='line_1_26' title="bbox 307 2891 1661 2987; baseline -0.001 -20"><span class='ocrx_word' id='word_1_238' title='bbox 307 2900 464 2986; x_wconf 82' lang='grc' dir='ltr'><strong><em>ὑπομένω</em></strong></span> <span class='ocrx_word' id='word_1_239' title='bbox 492 2901 653 2984; x_wconf 76' lang='grc' dir='ltr'><strong><em>ὄιατρέχω</em></strong></span> <span class='ocrx_word' id='word_1_240' title='bbox 682 2904 858 2966; x_wconf 79' lang='grc' dir='ltr'><strong><em>καταλαλῶ</em></strong></span> <span class='ocrx_word' id='word_1_241' title='bbox 886 2906 1032 2986; x_wconf 65' lang='lat' dir='ltr'><strong>canopei.</strong></span> <span class='ocrx_word' id='word_1_242' title='bbox 1078 2925 1144 2966; x_wconf 88' lang='lat' dir='ltr'><strong>curn</strong></span> <span class='ocrx_word' id='word_1_243' title='bbox 1174 2925 1244 2966; x_wconf 87' lang='lat' dir='ltr'><strong>vero</strong></span> <span class='ocrx_word' id='word_1_244' title='bbox 1277 2909 1321 2966; x_wconf 89' lang='lat' dir='ltr'><strong>eis</strong></span> <span class='ocrx_word' id='word_1_245' title='bbox 1348 2907 1405 2968; x_wconf 86' lang='lat' dir='ltr'><strong>alia</strong></span> <span class='ocrx_word' id='word_1_246' title='bbox 1433 2925 1504 2987; x_wconf 87' lang='lat' dir='ltr'><strong>pars</strong></span> <span class='ocrx_word' id='word_1_247' title='bbox 1529 2925 1588 2966; x_wconf 91' lang='lat' dir='ltr'><strong>ora·</strong></span> <span class='ocrx_word' id='word_1_248' title='bbox 1660 2891 1661 2926; x_wconf 64' lang='lat'><em>³</em></span> 
     </span>
     <span class='ocr_line' id='line_1_27' title="bbox 306 3007 1619 3087; baseline -0.002 -17"><span class='ocrx_word' id='word_1_249' title='bbox 306 3012 398 3070; x_wconf 90' lang='lat' dir='ltr'><strong>tionis</strong></span> <span class='ocrx_word' id='word_1_250' title='bbox 420 3008 607 3084; x_wconf 83' lang='lat' dir='ltr'><strong>adiungitur,</strong></span> <span class='ocrx_word' id='word_1_251' title='bbox 638 3007 724 3067; x_wconf 87' lang='lat' dir='ltr'><strong>modo</strong></span> <span class='ocrx_word' id='word_1_252' title='bbox 745 3014 861 3068; x_wconf 92' lang='lat' dir='ltr'><strong>mutant</strong></span> <span class='ocrx_word' id='word_1_253' title='bbox 883 3010 1027 3087; x_wconf 89' lang='lat' dir='ltr'><strong>priorem,</strong></span> <span class='ocrx_word' id='word_1_254' title='bbox 1056 3008 1143 3068; x_wconf 84' lang='lat' dir='ltr'><strong>motio</strong></span> <span class='ocrx_word' id='word_1_255' title='bbox 1170 3015 1291 3068; x_wconf 90' lang='lat' dir='ltr'><strong>tuentur</strong></span> <span class='ocrx_word' id='word_1_256' title='bbox 1325 3017 1490 3070; x_wconf 88' lang='lat' dir='ltr'><strong>accentum.</strong></span> <span class='ocrx_word' id='word_1_257' title='bbox 1531 3022 1619 3069; x_wconf 63' lang='lat' dir='ltr'><strong>ser-2³</strong></span> 
     </span>
     <span class='ocr_line' id='line_1_28' title="bbox 308 3100 1589 3192; baseline 0.001 -21"><span class='ocrx_word' id='word_1_258' title='bbox 308 3118 377 3171; x_wconf 84' lang='lat' dir='ltr'><strong>rant</strong></span> <span class='ocrx_word' id='word_1_259' title='bbox 398 3112 429 3169; x_wconf 94' lang='lat' dir='ltr'><strong>in</strong></span> <span class='ocrx_word' id='word_1_260' title='bbox 452 3109 508 3177; x_wconf 87' lang='lat' dir='ltr'><strong>his,</strong></span> <span class='ocrx_word' id='word_1_261' title='bbox 531 3108 591 3168; x_wconf 92' lang='grc' dir='ltr'><strong><em>τίω</em></strong></span> <span class='ocrx_word' id='word_1_262' title='bbox 606 3100 695 3178; x_wconf 89' lang='grc' dir='ltr'><strong><em>άτίω,</em></strong></span> <span class='ocrx_word' id='word_1_263' title='bbox 720 3101 810 3169; x_wconf 87' lang='grc' dir='ltr'><strong><em>ὄσσω</em></strong></span> <span class='ocrx_word' id='word_1_264' title='bbox 827 3104 995 3186; x_wconf 89' lang='grc' dir='ltr'><strong><em>κακόσσω,</em></strong></span> <span class='ocrx_word' id='word_1_265' title='bbox 1019 3110 1096 3170; x_wconf 87' lang='lat' dir='ltr'><strong>unde</strong></span> <span class='ocrx_word' id='word_1_266' title='bbox 1113 3106 1371 3190; x_wconf 87' lang='grc' dir='ltr'><strong><em>κακοσσόμενος,</em></strong></span> <span class='ocrx_word' id='word_1_267' title='bbox 1394 3110 1500 3172; x_wconf 85' lang='grc' dir='ltr'><strong><em>νίπτω</em></strong></span> <span class='ocrx_word' id='word_1_268' title='bbox 1519 3131 1589 3192; x_wconf 82' lang='grc' dir='ltr'><strong><em>χερ-</em></strong></span> 
     </span>
     <span class='ocr_line' id='line_1_29' title="bbox 307 3203 1587 3292; baseline 0 -20"><span class='ocrx_word' id='word_1_269' title='bbox 307 3211 426 3291; x_wconf 85' lang='grc' dir='ltr'><strong><em>νίπτω,</em></strong></span> <span class='ocrx_word' id='word_1_270' title='bbox 448 3211 528 3272; x_wconf 91' lang='lat' dir='ltr'><strong>unde</strong></span> <span class='ocrx_word' id='word_1_271' title='bbox 550 3217 595 3270; x_wconf 91' lang='lat' dir='ltr'><strong>est</strong></span> <span class='ocrx_word' id='word_1_272' title='bbox 617 3208 835 3288; x_wconf 62' lang='grc' dir='ltr'><strong><em>’χερνίψαντο</em></strong></span> <span class='ocrx_word' id='word_1_273' title='bbox 864 3203 897 3270; x_wconf 81' lang='lat' dir='ltr'><strong>ti’</strong></span> <span class='ocrx_word' id='word_1_274' title='bbox 921 3209 1032 3272; x_wconf 79' lang='grc' dir='ltr'><strong><em>ἔπειτα</em></strong></span> <span class='ocrx_word' id='word_1_275' title='bbox 1041 3215 1062 3290; x_wconf 84' lang='grc'><strong>’,</strong></span> <span class='ocrx_word' id='word_1_276' title='bbox 1086 3211 1246 3290; x_wconf 74' lang='grc' dir='ltr'><strong><em>κιβαρίζω</em></strong></span> <span class='ocrx_word' id='word_1_277' title='bbox 1271 3212 1522 3292; x_wconf 79' lang='grc' dir='ltr'><strong><em>χοροκιθαρίζω.</em></strong></span> <span class='ocrx_word' id='word_1_278' title='bbox 1560 3216 1587 3272; x_wconf 92' lang='lat' dir='ltr'><strong>in</strong></span> 
     </span>
     <span class='ocr_line' id='line_1_30' title="bbox 308 3307 1588 3394; baseline -0.002 -18"><span class='ocrx_word' id='word_1_279' title='bbox 308 3314 375 3376; x_wconf 90' lang='lat' dir='ltr'><strong>aiiis</strong></span> <span class='ocrx_word' id='word_1_280' title='bbox 389 3318 513 3382; x_wconf 82' lang='lat' dir='ltr'><strong>mutant,</strong></span> <span class='ocrx_word' id='word_1_281' title='bbox 529 3307 649 3391; x_wconf 85' lang='grc' dir='ltr'><strong><em>γλάφω</em></strong></span> <span class='ocrx_word' id='word_1_282' title='bbox 665 3310 927 3391; x_wconf 71' lang='grc' dir='ltr'><strong><em>καλαμογλυφοᾶ,</em></strong></span> <span class='ocrx_word' id='word_1_283' title='bbox 939 3307 1059 3392; x_wconf 91' lang='grc' dir='ltr'><strong><em>γράφω</em></strong></span> <span class='ocrx_word' id='word_1_284' title='bbox 1072 3314 1296 3394; x_wconf 80' lang='grc' dir='ltr'><strong><em>χειρογραφῶ,</em></strong></span> <span class='ocrx_word' id='word_1_285' title='bbox 1307 3309 1420 3389; x_wconf 81' lang='grc' dir='ltr'><strong><em>σθένω</em></strong></span> <span class='ocrx_word' id='word_1_286' title='bbox 1432 3309 1588 3392; x_wconf 67' lang='lat' dir='ltr'><strong>etonem,</strong></span> 
     </span>
     <span class='ocr_line' id='line_1_31' title="bbox 308 3408 1588 3496; baseline -0.002 -18"><span class='ocrx_word' id='word_1_287' title='bbox 308 3411 396 3496; x_wconf 88' lang='grc' dir='ltr'><strong><em>σέβω</em></strong></span> <span class='ocrx_word' id='word_1_288' title='bbox 419 3408 560 3493; x_wconf 78' lang='grc' dir='ltr'><strong><em>εὐσεβω.</em></strong></span> <span class='ocrx_word' id='word_1_289' title='bbox 584 3415 682 3475; x_wconf 89' lang='lat' dir='ltr'><strong>Latini</strong></span> <span class='ocrx_word' id='word_1_290' title='bbox 704 3414 844 3475; x_wconf 84' lang='lat' dir='ltr'><strong>similiter</strong></span> <span class='ocrx_word' id='word_1_291' title='bbox 866 3421 993 3484; x_wconf 90' lang='lat' dir='ltr'><strong>serrant,</strong></span> <span class='ocrx_word' id='word_1_292' title='bbox 1017 3434 1167 3495; x_wconf 92' lang='lat' dir='ltr'><strong>praepono</strong></span> <span class='ocrx_word' id='word_1_293' title='bbox 1188 3434 1367 3495; x_wconf 67' lang='lat' dir='ltr'><strong>praecurem</strong></span> <span class='ocrx_word' id='word_1_294' title='bbox 1391 3425 1512 3486; x_wconf 89' lang='lat' dir='ltr'><strong>mutant,</strong></span> <span class='ocrx_word' id='word_1_295' title='bbox 1534 3417 1588 3477; x_wconf 87' lang='lat' dir='ltr'><strong>coi·</strong></span> 
     </span>
     <span class='ocr_line' id='line_1_32' title="bbox 308 3516 1619 3597; baseline -0.002 -17"><span class='ocrx_word' id='word_1_296' title='bbox 308 3520 368 3597; x_wconf 88' lang='lat' dir='ltr'><strong>ligo</strong></span> <span class='ocrx_word' id='word_1_297' title='bbox 389 3519 491 3580; x_wconf 84' lang='lat' dir='ltr'><strong>aiiero.</strong></span> <span class='ocrx_word' id='word_1_298' title='bbox 520 3517 598 3596; x_wconf 89' lang='lat' dir='ltr'><strong>apud</strong></span> <span class='ocrx_word' id='word_1_299' title='bbox 620 3517 740 3578; x_wconf 90' lang='lat' dir='ltr'><strong>Latinos</strong></span> <span class='ocrx_word' id='word_1_300' title='bbox 763 3517 843 3578; x_wconf 83' lang='lat' dir='ltr'><strong>nulia</strong></span> <span class='ocrx_word' id='word_1_301' title='bbox 865 3519 1045 3597; x_wconf 89' lang='lat' dir='ltr'><strong>praepositio</strong></span> <span class='ocrx_word' id='word_1_302' title='bbox 1068 3516 1205 3578; x_wconf 91' lang='lat' dir='ltr'><strong>adiuncta</strong></span> <span class='ocrx_word' id='word_1_303' title='bbox 1227 3525 1320 3579; x_wconf 89' lang='lat' dir='ltr'><strong>mutat</strong></span> <span class='ocrx_word' id='word_1_304' title='bbox 1348 3521 1586 3597; x_wconf 83' lang='lat' dir='ltr'><strong>coniugationem,</strong></span> <span class='ocrx_word' id='word_1_305' title='bbox 1599 3531 1619 3568; x_wconf 74' lang='grc' dir='ltr'><strong><em>υ</em></strong></span> 
     </span>
     <span class='ocr_line' id='line_1_33' title="bbox 308 3618 1587 3701; baseline -0.002 -19"><span class='ocrx_word' id='word_1_306' title='bbox 308 3621 402 3682; x_wconf 85' lang='lat' dir='ltr'><strong>clamo</strong></span> <span class='ocrx_word' id='word_1_307' title='bbox 434 3620 556 3689; x_wconf 85' lang='lat' dir='ltr'><strong>clamas,</strong></span> <span class='ocrx_word' id='word_1_308' title='bbox 586 3619 718 3679; x_wconf 90' lang='lat' dir='ltr'><strong>declamo</strong></span> <span class='ocrx_word' id='word_1_309' title='bbox 745 3618 907 3688; x_wconf 81' lang='lat' dir='ltr'><strong>declamas;</strong></span> <span class='ocrx_word' id='word_1_310' title='bbox 935 3619 1041 3679; x_wconf 85' lang='lat' dir='ltr'><strong>Graeci</strong></span> <span class='ocrx_word' id='word_1_311' title='bbox 1063 3637 1121 3679; x_wconf 92' lang='lat' dir='ltr'><strong>non</strong></span> <span class='ocrx_word' id='word_1_312' title='bbox 1145 3637 1305 3699; x_wconf 89' lang='lat' dir='ltr'><strong>numquam</strong></span> <span class='ocrx_word' id='word_1_313' title='bbox 1333 3623 1364 3681; x_wconf 94' lang='lat' dir='ltr'><strong>in</strong></span> <span class='ocrx_word' id='word_1_314' title='bbox 1393 3624 1587 3701; x_wconf 84' lang='lat' dir='ltr'><strong>conpositione</strong></span> 
     </span>
     <span class='ocr_line' id='line_1_34' title="bbox 308 3716 1586 3804; baseline 0 -20"><span class='ocrx_word' id='word_1_315' title='bbox 308 3730 423 3784; x_wconf 86' lang='lat' dir='ltr'><strong>mutant</strong></span> <span class='ocrx_word' id='word_1_316' title='bbox 444 3723 692 3799; x_wconf 86' lang='lat' dir='ltr'><strong>coniugationem,</strong></span> <span class='ocrx_word' id='word_1_317' title='bbox 716 3719 809 3780; x_wconf 77' lang='grc' dir='ltr'><strong><em>συλω</em></strong></span> <span class='ocrx_word' id='word_1_318' title='bbox 836 3720 953 3802; x_wconf 81' lang='grc' dir='ltr'><strong><em>συλᾷς,</em></strong></span> <span class='ocrx_word' id='word_1_319' title='bbox 978 3716 1143 3800; x_wconf 77' lang='grc' dir='ltr'><strong><em>ίεροσυλῶ</em></strong></span> <span class='ocrx_word' id='word_1_320' title='bbox 1166 3718 1361 3802; x_wconf 74' lang='grc' dir='ltr'><strong><em>ἱεροσυλεῖς,</em></strong></span> <span class='ocrx_word' id='word_1_321' title='bbox 1385 3723 1468 3803; x_wconf 75' lang='grc' dir='ltr'><strong><em>τιμῶ</em></strong></span> <span class='ocrx_word' id='word_1_322' title='bbox 1489 3725 1586 3804; x_wconf 80' lang='grc' dir='ltr'><strong><em>τιμᾷς.</em></strong></span> 
     </span>
     <span class='ocr_line' id='line_1_35' title="bbox 308 3817 1586 3905; baseline -0.002 -20"><span class='ocrx_word' id='word_1_323' title='bbox 308 3818 412 3905; x_wconf 73' lang='grc' dir='ltr'><strong><em>άτιμοῐ</em></strong></span> <span class='ocrx_word' id='word_1_324' title='bbox 435 3819 573 3904; x_wconf 80' lang='grc' dir='ltr'><strong><em>άτιμοῖς,</em></strong></span> <span class='ocrx_word' id='word_1_325' title='bbox 596 3821 702 3900; x_wconf 77' lang='grc' dir='ltr'><strong><em>πειρῶ</em></strong></span> <span class='ocrx_word' id='word_1_326' title='bbox 723 3822 853 3902; x_wconf 82' lang='grc' dir='ltr'><strong><em>πειρᾷς,</em></strong></span> <span class='ocrx_word' id='word_1_327' title='bbox 878 3817 1024 3902; x_wconf 79' lang='grc' dir='ltr'><strong><em>έμπειρῶ</em></strong></span> <span class='ocrx_word' id='word_1_328' title='bbox 1047 3817 1225 3902; x_wconf 79' lang='grc' dir='ltr'><strong><em>ε’μπειρεῑς·</em></strong></span> <span class='ocrx_word' id='word_1_329' title='bbox 1250 3823 1321 3883; x_wconf 90' lang='lat' dir='ltr'><strong>licet</strong></span> <span class='ocrx_word' id='word_1_330' title='bbox 1342 3827 1403 3884; x_wconf 90' lang='lat' dir='ltr'><strong>sint</strong></span> <span class='ocrx_word' id='word_1_331' title='bbox 1424 3828 1475 3905; x_wconf 91' lang='lat' dir='ltr'><strong>qui</strong></span> <span class='ocrx_word' id='word_1_332' title='bbox 1497 3826 1586 3886; x_wconf 88' lang='lat' dir='ltr'><strong>dicant</strong></span> 
     </span>
     <span class='ocr_line' id='line_1_36' title="bbox 308 3919 1585 4006; baseline -0.001 -19"><span class='ocrx_word' id='word_1_333' title='bbox 308 3927 381 3987; x_wconf 91' lang='lat' dir='ltr'><strong>haee</strong></span> <span class='ocrx_word' id='word_1_334' title='bbox 403 3944 461 3986; x_wconf 91' lang='lat' dir='ltr'><strong>non</strong></span> <span class='ocrx_word' id='word_1_335' title='bbox 485 3921 646 4003; x_wconf 79' lang='grc' dir='ltr'><strong><em>σύνθετα,</em></strong></span> <span class='ocrx_word' id='word_1_336' title='bbox 668 3924 721 3984; x_wconf 84' lang='lat' dir='ltr'><strong>sed</strong></span> <span class='ocrx_word' id='word_1_337' title='bbox 741 3919 995 4003; x_wconf 62' lang='lat' dir='ltr'><strong>aequationem,</strong></span> <span class='ocrx_word' id='word_1_338' title='bbox 1019 3924 1048 3984; x_wconf 85' lang='lat' dir='ltr'><strong>id</strong></span> <span class='ocrx_word' id='word_1_339' title='bbox 1072 3932 1118 3985; x_wconf 88' lang='lat' dir='ltr'><strong>est</strong></span> <span class='ocrx_word' id='word_1_340' title='bbox 1139 3943 1196 3986; x_wconf 94' lang='lat' dir='ltr'><strong>non</strong></span> <span class='ocrx_word' id='word_1_341' title='bbox 1215 3927 1277 4004; x_wconf 88' lang='lat' dir='ltr'><strong>ipsa</strong></span> <span class='ocrx_word' id='word_1_342' title='bbox 1300 3930 1463 4006; x_wconf 88' lang='lat' dir='ltr'><strong>conposita,</strong></span> <span class='ocrx_word' id='word_1_343' title='bbox 1486 3927 1535 3988; x_wconf 86' lang='lat' dir='ltr'><strong>sed</strong></span> <span class='ocrx_word' id='word_1_344' title='bbox 1556 3947 1585 3986; x_wconf 82' lang='lat' dir='ltr'><strong>er</strong></span> 
     </span>
     <span class='ocr_line' id='line_1_37' title="bbox 309 4019 1614 4108; baseline 0 -20"><span class='ocrx_word' id='word_1_345' title='bbox 309 4028 470 4108; x_wconf 92' lang='lat' dir='ltr'><strong>conpositis</strong></span> <span class='ocrx_word' id='word_1_346' title='bbox 492 4028 568 4087; x_wconf 86' lang='lat' dir='ltr'><strong>saeta</strong></span> <span class='ocrx_word' id='word_1_347' title='bbox 590 4025 771 4095; x_wconf 88' lang='lat' dir='ltr'><strong>nominibus,</strong></span> <span class='ocrx_word' id='word_1_348' title='bbox 795 4032 827 4085; x_wconf 89' lang='lat' dir='ltr'><strong>ut</strong></span> <span class='ocrx_word' id='word_1_349' title='bbox 850 4021 1014 4105; x_wconf 79' lang='lat' dir='ltr'><strong>ispoovioi</strong></span> <span class='ocrx_word' id='word_1_350' title='bbox 1037 4045 1095 4086; x_wconf 94' lang='lat' dir='ltr'><strong>non</strong></span> <span class='ocrx_word' id='word_1_351' title='bbox 1118 4029 1158 4086; x_wconf 90' lang='lat' dir='ltr'><strong>sit</strong></span> <span class='ocrx_word' id='word_1_352' title='bbox 1172 4019 1236 4087; x_wconf 81' lang='grc' dir='ltr'><strong>άπὸ</strong></span> <span class='ocrx_word' id='word_1_353' title='bbox 1255 4025 1317 4087; x_wconf 85' lang='grc' dir='ltr'><strong><em>τοῦ</em></strong></span> <span class='ocrx_word' id='word_1_354' title='bbox 1334 4029 1439 4108; x_wconf 79' lang='grc' dir='ltr'><strong><em>συλω,</em></strong></span> <span class='ocrx_word' id='word_1_355' title='bbox 1461 4030 1512 4090; x_wconf 92' lang='lat' dir='ltr'><strong>sed</strong></span> <span class='ocrx_word' id='word_1_356' title='bbox 1526 4021 1614 4088; x_wconf 67' lang='lat' dir='ltr'><strong>tata</strong></span> 
     </span>
     <span class='ocr_line' id='line_1_38' title="bbox 307 4121 1585 4213; baseline -0.001 -23"><span class='ocrx_word' id='word_1_357' title='bbox 307 4129 370 4190; x_wconf 78' lang='grc' dir='ltr'><strong><em>τοῦ</em></strong></span> <span class='ocrx_word' id='word_1_358' title='bbox 392 4123 583 4209; x_wconf 84' lang='grc' dir='ltr'><strong><em>ίερόσνλος,</em></strong></span> <span class='ocrx_word' id='word_1_359' title='bbox 606 4136 637 4188; x_wconf 87' lang='lat' dir='ltr'><strong>et</strong></span> <span class='ocrx_word' id='word_1_360' title='bbox 658 4122 763 4208; x_wconf 82' lang='grc' dir='ltr'><strong><em>άτιμώ</em></strong></span> <span class='ocrx_word' id='word_1_361' title='bbox 785 4147 844 4188; x_wconf 94' lang='lat' dir='ltr'><strong>non</strong></span> <span class='ocrx_word' id='word_1_362' title='bbox 867 4121 932 4188; x_wconf 86' lang='grc' dir='ltr'><strong>άπὸ</strong></span> <span class='ocrx_word' id='word_1_363' title='bbox 954 4128 1015 4188; x_wconf 86' lang='grc' dir='ltr'><strong><em>τοῦ</em></strong></span> <span class='ocrx_word' id='word_1_364' title='bbox 1036 4127 1132 4208; x_wconf 79' lang='grc' dir='ltr'><strong><em>τιμά,</em></strong></span> <span class='ocrx_word' id='word_1_365' title='bbox 1155 4129 1206 4189; x_wconf 89' lang='lat' dir='ltr'><strong>sed</strong></span> <span class='ocrx_word' id='word_1_366' title='bbox 1229 4121 1294 4188; x_wconf 88' lang='grc' dir='ltr'><strong>άπό</strong></span> <span class='ocrx_word' id='word_1_367' title='bbox 1321 4131 1382 4190; x_wconf 85' lang='grc' dir='ltr'><strong><em>τοῦ</em></strong></span> <span class='ocrx_word' id='word_1_368' title='bbox 1413 4125 1540 4213; x_wconf 83' lang='grc' dir='ltr'><strong><em>ἄτιμος,</em></strong></span> <span class='ocrx_word' id='word_1_369' title='bbox 1561 4137 1585 4190; x_wconf 86' lang='lat' dir='ltr'><strong>et</strong></span> 
     </span>
     <span class='ocr_line' id='line_1_39' title="bbox 309 4223 1584 4313; baseline -0.003 -20"><span class='ocrx_word' id='word_1_370' title='bbox 309 4229 455 4313; x_wconf 81' lang='grc' dir='ltr'><strong><em>ἑμπειρω</em></strong></span> <span class='ocrx_word' id='word_1_371' title='bbox 483 4250 541 4292; x_wconf 90' lang='lat' dir='ltr'><strong>noo</strong></span> <span class='ocrx_word' id='word_1_372' title='bbox 569 4223 635 4290; x_wconf 79' lang='grc' dir='ltr'><strong>άπὸ</strong></span> <span class='ocrx_word' id='word_1_373' title='bbox 661 4231 722 4291; x_wconf 82' lang='grc' dir='ltr'><strong><em>τοῦ</em></strong></span> <span class='ocrx_word' id='word_1_374' title='bbox 751 4230 869 4311; x_wconf 76' lang='grc' dir='ltr'><strong><em>πειρῶ,</em></strong></span> <span class='ocrx_word' id='word_1_375' title='bbox 893 4231 943 4292; x_wconf 88' lang='lat' dir='ltr'><strong>sed</strong></span> <span class='ocrx_word' id='word_1_376' title='bbox 967 4223 1032 4290; x_wconf 80' lang='grc' dir='ltr'><strong>άπὸ</strong></span> <span class='ocrx_word' id='word_1_377' title='bbox 1053 4230 1115 4291; x_wconf 81' lang='grc' dir='ltr'><strong><em>τοῦ</em></strong></span> <span class='ocrx_word' id='word_1_378' title='bbox 1137 4229 1300 4311; x_wconf 83' lang='grc' dir='ltr'><strong><em>ἔμπειρος.</em></strong></span> <span class='ocrx_word' id='word_1_379' title='bbox 1347 4240 1377 4293; x_wconf 89' lang='lat' dir='ltr'><strong>et</strong></span> <span class='ocrx_word' id='word_1_380' title='bbox 1399 4235 1471 4296; x_wconf 88' lang='lat' dir='ltr'><strong>haee</strong></span> <span class='ocrx_word' id='word_1_381' title='bbox 1493 4241 1584 4294; x_wconf 80' lang='lat' dir='ltr'><strong>voram</strong></span> 
     </span>
    </p>
   </div>
   <div class='ocr_carea' id='block_1_3' title="bbox 309 4435 1585 4922">
    <p class='ocr_par' dir='ltr' id='par_1_3' title="bbox 377 4435 1584 4500">
     <span class='ocr_line' id='line_1_40' title="bbox 377 4435 1584 4500; baseline 0 -14"><span class='ocrx_word' id='word_1_382' title='bbox 377 4436 586 4500; x_wconf 81' lang='grc' dir='ltr'><strong><em>5σιντρεχωΡ</em></strong></span> <span class='ocrx_word' id='word_1_383' title='bbox 635 4435 750 4484; x_wconf 75' lang='lat' dir='ltr'><strong>atticum</strong></span> <span class='ocrx_word' id='word_1_384' title='bbox 762 4443 868 4500; x_wconf 82' lang='lat' dir='ltr'><strong>utroque</strong></span> <span class='ocrx_word' id='word_1_385' title='bbox 880 4435 989 4496; x_wconf 76' lang='grc' dir='ltr'><strong><em>ΙυτοΡ,</em></strong></span> <span class='ocrx_word' id='word_1_386' title='bbox 1024 4435 1055 4486; x_wconf 89' lang='grc'><strong>10</strong></span> <span class='ocrx_word' id='word_1_387' title='bbox 1073 4435 1196 4485; x_wconf 84' lang='lat' dir='ltr'><strong>Homeros</strong></span> <span class='ocrx_word' id='word_1_388' title='bbox 1215 4437 1253 4487; x_wconf 86' lang='lat' dir='ltr'><strong>P:</strong></span> <span class='ocrx_word' id='word_1_389' title='bbox 1273 4435 1306 4491; x_wconf 83' lang='lat' dir='ltr'><strong>lt,</strong></span> <span class='ocrx_word' id='word_1_390' title='bbox 1326 4437 1354 4488; x_wconf 82' lang='lat' dir='ltr'><em>X</em></span> <span class='ocrx_word' id='word_1_391' title='bbox 1371 4440 1421 4490; x_wconf 75' lang='lat'><strong>221</strong></span> <span class='ocrx_word' id='word_1_392' title='bbox 1440 4439 1486 4492; x_wconf 80' lang='lat' dir='ltr'><strong>od.</strong></span> <span class='ocrx_word' id='word_1_393' title='bbox 1505 4437 1584 4495; x_wconf 65' lang='grc' dir='ltr'><strong><em>Ρῐιλί)</em></strong></span> 
     </span>
    </p>

    <p class='ocr_par' dir='ltr' id='par_1_4' title="bbox 309 4495 1585 4640">
     <span class='ocr_line' id='line_1_41' title="bbox 379 4495 1585 4572; baseline -0.001 -17"><span class='ocrx_word' id='word_1_394' title='bbox 379 4502 520 4570; x_wconf 79' lang='lat' dir='ltr'><strong>Vergilius]</strong></span> <span class='ocrx_word' id='word_1_395' title='bbox 537 4519 626 4570; x_wconf 78' lang='lat' dir='ltr'><strong>peorp,</strong></span> <span class='ocrx_word' id='word_1_396' title='bbox 644 4503 675 4551; x_wconf 90' lang='lat' dir='ltr'><strong>lii</strong></span> <span class='ocrx_word' id='word_1_397' title='bbox 694 4504 745 4555; x_wconf 82' lang='grc'><strong>250</strong></span> <span class='ocrx_word' id='word_1_398' title='bbox 797 4504 828 4553; x_wconf 77' lang='lat' dir='ltr'><strong>tt</strong></span> <span class='ocrx_word' id='word_1_399' title='bbox 847 4495 973 4569; x_wconf 81' lang='grc' dir='ltr'><strong><em>προάγω]</em></strong></span> <span class='ocrx_word' id='word_1_400' title='bbox 996 4507 1154 4570; x_wconf 84' lang='grc' dir='ltr'><strong><em>πρωαγωΡ</em></strong></span> <span class='ocrx_word' id='word_1_401' title='bbox 1225 4507 1257 4556; x_wconf 84' lang='grc'><strong>15</strong></span> <span class='ocrx_word' id='word_1_402' title='bbox 1275 4503 1346 4570; x_wconf 81' lang='grc' dir='ltr'><strong><em>δέρω</em></strong></span> <span class='ocrx_word' id='word_1_403' title='bbox 1364 4499 1470 4572; x_wconf 78' lang='grc' dir='ltr'><strong><em>έκδέρσι</em></strong></span> <span class='ocrx_word' id='word_1_404' title='bbox 1485 4525 1532 4560; x_wconf 82' lang='lat' dir='ltr'><strong>nott</strong></span> <span class='ocrx_word' id='word_1_405' title='bbox 1547 4521 1585 4556; x_wconf 84' lang='grc' dir='ltr'><strong><em>ιιιο</em></strong></span> 
     </span>
     <span class='ocr_line' id='line_1_42' title="bbox 309 4571 1585 4640; baseline -0.002 -14"><span class='ocrx_word' id='word_1_406' title='bbox 309 4579 364 4628; x_wconf 83' lang='lat' dir='ltr'><strong>ioco</strong></span> <span class='ocrx_word' id='word_1_407' title='bbox 381 4578 464 4640; x_wconf 82' lang='lat' dir='ltr'><strong>posito</strong></span> <span class='ocrx_word' id='word_1_408' title='bbox 482 4590 538 4624; x_wconf 79' lang='lat' dir='ltr'><strong>ease</strong></span> <span class='ocrx_word' id='word_1_409' title='bbox 555 4577 659 4624; x_wconf 83' lang='lat' dir='ltr'><strong>coniecit</strong></span> <span class='ocrx_word' id='word_1_410' title='bbox 673 4573 753 4622; x_wconf 80' lang='lat' dir='ltr'><strong>Ianua</strong></span> <span class='ocrx_word' id='word_1_411' title='bbox 772 4575 828 4622; x_wconf 86' lang='lat' dir='ltr'><strong>eott.</strong></span> <span class='ocrx_word' id='word_1_412' title='bbox 849 4588 905 4624; x_wconf 77' lang='lat' dir='ltr'><strong>exe.</strong></span> <span class='ocrx_word' id='word_1_413' title='bbox 927 4571 992 4626; x_wconf 77' lang='lat' dir='ltr'><strong>Boo.</strong></span> <span class='ocrx_word' id='word_1_414' title='bbox 1010 4590 1036 4638; x_wconf 86' lang='lat' dir='ltr'><strong>p.</strong></span> <span class='ocrx_word' id='word_1_415' title='bbox 1060 4573 1108 4624; x_wconf 76' lang='grc'><strong>140</strong></span> <span class='ocrx_word' id='word_1_416' title='bbox 1126 4578 1166 4627; x_wconf 82' lang='lat' dir='ltr'><strong>ed.</strong></span> <span class='ocrx_word' id='word_1_417' title='bbox 1191 4577 1267 4627; x_wconf 76' lang='lat' dir='ltr'><strong>Vino.</strong></span> <span class='ocrx_word' id='word_1_418' title='bbox 1319 4578 1350 4627; x_wconf 76' lang='lat'><strong>17</strong></span> <span class='ocrx_word' id='word_1_419' title='bbox 1367 4577 1415 4627; x_wconf 89' lang='lat' dir='ltr'><strong>hoc</strong></span> <span class='ocrx_word' id='word_1_420' title='bbox 1433 4580 1498 4628; x_wconf 83' lang='lat' dir='ltr'><strong>ide-n</strong></span> <span class='ocrx_word' id='word_1_421' title='bbox 1519 4578 1585 4628; x_wconf 83' lang='grc' dir='ltr'><strong><em>Ιοοιιι</em></strong></span> 
     </span>
    </p>

    <p class='ocr_par' dir='ltr' id='par_1_5' title="bbox 309 4642 1583 4922">
     <span class='ocr_line' id='line_1_43' title="bbox 377 4642 1583 4712; baseline 0 -18"><span class='ocrx_word' id='word_1_422' title='bbox 377 4645 482 4710; x_wconf 80' lang='lat' dir='ltr'><strong>aufugio</strong></span> <span class='ocrx_word' id='word_1_423' title='bbox 502 4655 527 4694; x_wconf 85' lang='lat' dir='ltr'><strong>et</strong></span> <span class='ocrx_word' id='word_1_424' title='bbox 545 4643 644 4708; x_wconf 82' lang='lat' dir='ltr'><strong>aufero]</strong></span> <span class='ocrx_word' id='word_1_425' title='bbox 666 4643 728 4692; x_wconf 73' lang='lat' dir='ltr'><strong>uere</strong></span> <span class='ocrx_word' id='word_1_426' title='bbox 750 4644 797 4692; x_wconf 85' lang='lat' dir='ltr'><strong>XV</strong></span> <span class='ocrx_word' id='word_1_427' title='bbox 816 4642 832 4692; x_wconf 90' lang='lat'><strong>3</strong></span> <span class='ocrx_word' id='word_1_428' title='bbox 919 4642 951 4693; x_wconf 81' lang='lat'><strong>19</strong></span> <span class='ocrx_word' id='word_1_429' title='bbox 972 4658 1003 4692; x_wconf 90' lang='lat' dir='ltr'><strong>ou</strong></span> <span class='ocrx_word' id='word_1_430' title='bbox 1022 4659 1066 4694; x_wconf 83' lang='grc' dir='ltr'><strong><em>οοι.</em></strong></span> <span class='ocrx_word' id='word_1_431' title='bbox 1085 4646 1124 4694; x_wconf 91' lang='lat' dir='ltr'><strong>P:</strong></span> <span class='ocrx_word' id='word_1_432' title='bbox 1142 4661 1241 4696; x_wconf 77' lang='lat' dir='ltr'><strong>versam</strong></span> <span class='ocrx_word' id='word_1_433' title='bbox 1259 4655 1430 4712; x_wconf 78' lang='lat' dir='ltr'><strong>mutatamque</strong></span> <span class='ocrx_word' id='word_1_434' title='bbox 1448 4665 1503 4699; x_wconf 82' lang='lat' dir='ltr'><strong>esse</strong></span> <span class='ocrx_word' id='word_1_435' title='bbox 1519 4650 1547 4698; x_wconf 86' lang='lat' dir='ltr'><strong>ab</strong></span> <span class='ocrx_word' id='word_1_436' title='bbox 1563 4649 1583 4694; x_wconf 89' lang='lat' dir='ltr'><strong>in</strong></span> 
     </span>
     <span class='ocr_line' id='line_1_44' title="bbox 309 4710 1531 4780; baseline 0.006 -17"><span class='ocrx_word' id='word_1_437' title='bbox 309 4730 342 4763; x_wconf 88' lang='lat' dir='ltr'><strong>au</strong></span> <span class='ocrx_word' id='word_1_438' title='bbox 361 4716 482 4780; x_wconf 69' lang='lat' dir='ltr'><strong>syllabam</strong></span> <span class='ocrx_word' id='word_1_439' title='bbox 502 4730 560 4765; x_wconf 76' lang='lat' dir='ltr'><strong>exc.</strong></span> <span class='ocrx_word' id='word_1_440' title='bbox 580 4715 645 4767; x_wconf 77' lang='lat' dir='ltr'><strong>not.</strong></span> <span class='ocrx_word' id='word_1_441' title='bbox 717 4710 847 4778; x_wconf 84' lang='lat' dir='ltr'><strong>Cicerone]</strong></span> <span class='ocrx_word' id='word_1_442' title='bbox 869 4720 936 4764; x_wconf 81' lang='lat' dir='ltr'><strong>orat.</strong></span> <span class='ocrx_word' id='word_1_443' title='bbox 955 4715 997 4766; x_wconf 81' lang='lat'><strong>47.</strong></span> <span class='ocrx_word' id='word_1_444' title='bbox 1018 4713 1069 4763; x_wconf 80' lang='lat'><strong>158</strong></span> <span class='ocrx_word' id='word_1_445' title='bbox 1139 4715 1231 4766; x_wconf 87' lang='lat' dir='ltr'><strong>hubent</strong></span> <span class='ocrx_word' id='word_1_446' title='bbox 1249 4717 1274 4765; x_wconf 85' lang='lat' dir='ltr'><em>P</em></span> <span class='ocrx_word' id='word_1_447' title='bbox 1342 4717 1376 4766; x_wconf 84' lang='lat'><strong>20</strong></span> <span class='ocrx_word' id='word_1_448' title='bbox 1394 4735 1425 4768; x_wconf 87' lang='lat' dir='ltr'><strong>ex</strong></span> <span class='ocrx_word' id='word_1_449' title='bbox 1444 4722 1531 4770; x_wconf 76' lang='lat' dir='ltr'><strong>omP</strong></span> 
     </span>
     <span class='ocr_line' id='line_1_45' title="bbox 309 4775 1582 4856; baseline 0.002 -24"><span class='ocrx_word' id='word_1_450' title='bbox 309 4787 382 4846; x_wconf 84' lang='lat' dir='ltr'><strong>quasi</strong></span> <span class='ocrx_word' id='word_1_451' title='bbox 403 4785 435 4834; x_wconf 85' lang='lat' dir='ltr'><strong>nb</strong></span> <span class='ocrx_word' id='word_1_452' title='bbox 457 4792 482 4833; x_wconf 86' lang='lat' dir='ltr'><strong>et</strong></span> <span class='ocrx_word' id='word_1_453' title='bbox 499 4787 604 4835; x_wconf 80' lang='lat' dir='ltr'><strong>aestimo</strong></span> <span class='ocrx_word' id='word_1_454' title='bbox 623 4785 648 4832; x_wconf 90' lang='lat' dir='ltr'><em>P</em></span> <span class='ocrx_word' id='word_1_455' title='bbox 730 4784 763 4834; x_wconf 82' lang='lat'><strong>26</strong></span> <span class='ocrx_word' id='word_1_456' title='bbox 786 4775 1006 4848; x_wconf 82' lang='grc' dir='ltr'><strong><em>κακοσσόμενος]</em></strong></span> <span class='ocrx_word' id='word_1_457' title='bbox 1028 4783 1101 4834; x_wconf 86' lang='lat' dir='ltr'><strong>Hom.</strong></span> <span class='ocrx_word' id='word_1_458' title='bbox 1123 4785 1155 4836; x_wconf 90' lang='lat' dir='ltr'><strong>lt.</strong></span> <span class='ocrx_word' id='word_1_459' title='bbox 1175 4787 1199 4835; x_wconf 87' lang='grc' dir='ltr'><em>Α</em></span> <span class='ocrx_word' id='word_1_460' title='bbox 1219 4787 1268 4836; x_wconf 87' lang='grc'><strong>105</strong></span> <span class='ocrx_word' id='word_1_461' title='bbox 1354 4788 1388 4836; x_wconf 82' lang='grc'><strong>27</strong></span> <span class='ocrx_word' id='word_1_462' title='bbox 1409 4783 1582 4856; x_wconf 71' lang='grc' dir='ltr'><strong><em>χερνίψαντο]</em></strong></span> 
     </span>
     <span class='ocr_line' id='line_1_46' title="bbox 309 4847 1266 4922; baseline 0 -16"><span class='ocrx_word' id='word_1_463' title='bbox 309 4855 381 4906; x_wconf 79' lang='lat' dir='ltr'><strong>Hom.</strong></span> <span class='ocrx_word' id='word_1_464' title='bbox 399 4854 433 4903; x_wconf 88' lang='lat' dir='ltr'><strong>It.</strong></span> <span class='ocrx_word' id='word_1_465' title='bbox 451 4853 476 4902; x_wconf 76' lang='lat' dir='ltr'><em>A</em></span> <span class='ocrx_word' id='word_1_466' title='bbox 494 4853 544 4903; x_wconf 80' lang='grc'><strong>449</strong></span> <span class='ocrx_word' id='word_1_467' title='bbox 613 4851 646 4904; x_wconf 76' lang='grc' dir='ltr'><strong><em>δε</em></strong></span> <span class='ocrx_word' id='word_1_468' title='bbox 667 4855 802 4905; x_wconf 83' lang='grc' dir='ltr'><strong><em>επειταΡ</em></strong></span> <span class='ocrx_word' id='word_1_469' title='bbox 870 4852 903 4905; x_wconf 80' lang='grc'><strong>37</strong></span> <span class='ocrx_word' id='word_1_470' title='bbox 923 4847 1067 4920; x_wconf 76' lang='grc' dir='ltr'><strong><em>ἔμπειρος]</em></strong></span> <span class='ocrx_word' id='word_1_471' title='bbox 1088 4857 1266 4922; x_wconf 79' lang='grc' dir='ltr'><strong><em>εμιτειρωςΡ</em></strong></span> 
     </span>
    </p>
   </div>
   <div class='ocr_carea' id='block_1_4' title="bbox 0 0 1685 5442">
    <p class='ocr_par' dir='ltr' id='par_1_6' title="bbox 0 0 1685 5442">
     <span class='ocr_line' id='line_1_47' title="bbox 0 0 1685 5442; baseline 0 0"><span class='ocrx_word' id='word_1_472' title='bbox 0 0 1685 5442; x_wconf 95' lang='lat' dir='ltr'><strong> </strong></span> 
     </span>
    </p>
   </div>
  </div>
 </body>
</html>
