3350 5442
595 362 832 425 COMMENTVM
1310 358 1349 421 97

1204 482 1225 523 p.
1240 468 1291 509 as
1304 466 1326 508 1..

84 560 130 618 tur:
149 550 223 629 ‘ipse
245 550 366 629 scripsit
387 551 554 628 georgica',
578 551 755 629 pronomine
778 551 880 611 utitur.
911 566 1014 629 posses
1037 550 1115 610 enim
1139 549 1238 609 dicere
1262 550 1351 609 ‘ver-

82 652 151 731 gilius
174 640 291 730 scripsit
319 653 486 730 georgie-at
531 652 584 713 sed
612 671 650 713 ue
679 651 829 714 fastidium
858 660 974 713 crearet
1001 652 1283 721 neminis'iteratim
1307 652 1352 710 iu·
1403 681 1405 689 ·

80 763 148 816 ronta
174 760 218 814 est
244 754 300 814 ista
328 752 482 833 particula.
515 750 573 834 tet
594 753 651 815 hoc
673 753 751 815 bene
773 754 937 816 secundum
965 760 1024 822 est;
1056 752 1132 814 hene
1155 753 1285 815 secunda
1308 759 1354 813 est

80 860 121 917 ista
147 854 298 936 particula.
342 874 399 935 qna
427 856 561 917 ratione?
588 872 656 917 uem
685 858 711 917 si
738 856 871 934 iungitur
898 857 997 917 officio
1020 857 1162 925 nominis,
1192 863 1221 917 ει
1243 872 1352 916 nomen

62 957 230 1020 smmratiter
252 960 380 1037 primum
405 966 462 1028 est,
486 958 556 1038 quid
579 958 669 1019 debet
690 976 756 1019 esse
778 966 846 1037 post
867 957 938 1017 illud
961 956 1039 1036 quod
1062 959 1190 1037 primum
1214 964 1272 1025 est.
1298 958 1354 1017 nisi

78 1060 134 1121 iliud
154 1060 229 1139 quod
254 1061 388 1138 iungitur
410 1052 508 1121 otiicio
523 1062 638 1140 primae
654 1058 764 1139 partis?
786 1061 920 1139 sequitur
936 1058 1067 1121 verbum.
1097 1059 1219 1121 verbum
1243 1060 1353 1121 dictum

78 1174 113 1224 est
136 1163 186 1223 lrac
213 1164 346 1231 ratione.
375 1162 452 1242 quod
481 1162 637 1224 verberato
665 1169 735 1223 aere
763 1172 844 1223 motu
866 1160 983 1240 linguae
1005 1163 1037 1223 ut
1058 1180 1162 1232 sonus,
1192 1162 1270 1223 unde
1292 1165 1354 1242 ipsa

78 1265 202 1344 particula
225 1268 361 1343 emergit.
405 1264 457 1325 sed
480 1272 510 1325 et
532 1282 635 1325 omues
658 1272 757 1343 partes
780 1264 922 1325 orationis
944 1263 1081 1326 similiter
1102 1266 1175 1326 dunt
1196 1271 1278 1325 motu
1299 1264 1355 1323 lin·

79 1385 138 1445 prae
163 1374 192 1427 ει
218 1366 426 1427 verberatione
454 1367 539 1427 aeris.
585 1384 655 1444 ergo
683 1382 776 1445 quare
804 1365 877 1427 haee
905 1365 1047 1447 particula
1076 1367 1133 1428 hoc
1163 1385 1269 1427 nornen
1299 1366 1355 1426 sibi

53 1470 215 1548 reproprium
237 1468 421 1548 adsumpsit?
445 1468 523 1548 qnod
544 1469 609 1547 ipsa
633 1468 820 1547 frequentius
842 1470 953 1529 utimur
967 1470 999 1528 iu
1021 1466 1177 1549 loquendo.
1202 1488 1269 1531 uam
1286 1486 1356 1529 ecce

78 1571 183 1650 loquere
204 1569 327 1650 aliquid,
351 1577 381 1631 et
402 1572 535 1631 invenies
557 1571 588 1630 in
610 1571 675 1649 ipsa
699 1569 866 1631 elocutione
890 1573 945 1630 tria
962 1578 1011 1632 aut
1026 1578 1163 1650 quattuor
1185 1570 1284 1639 rerba,
1310 1572 1356 1630 vix

80 1692 155 1733 uuum
176 1691 285 1733 nornen
308 1681 359 1733 aut
379 1690 555 1753 pronomen.
587 1679 619 1732 ut
634 1679 705 1751 puta
726 1673 751 1731 si
774 1670 855 1733 dieas
877 1671 960 1733 ‘velo
983 1673 1027 1732 ire
1052 1681 1081 1732 et
1103 1672 1204 1734 ridere
1227 1674 1354 1734 amicum

79 1794 162 1837 meum
177 1775 212 1834 ad
228 1776 356 1842 iorum',
381 1792 450 1835 ecce
466 1772 532 1834 volo
547 1775 592 1835 ire
609 1781 639 1833 et
652 1773 755 1834 videre
771 1776 827 1835 tria
849 1774 938 1835 verba
961 1782 1044 1843 sunt,
1069 1775 1165 1836 sorum
1188 1794 1279 1836 uuum
1303 1794 1356 1836 no·

80 1896 136 1936 men
156 1885 213 1946 est,
237 1876 273 1937 ad
296 1894 356 1936 uua
377 1858 560 1956 praepositio
583 1883 642 1941 est,
667 1882 697 1935 et
719 1894 778 1936 una
801 1876 980 1937 coniunctio.
1019 1876 1100 1937 vides
1122 1879 1259 1957 quoniam
1285 1876 1357 1938 alias

52 1987 165 2057 spartes
189 1998 259 2039 raro
288 1980 441 2057 ponimus,
472 1980 557 2038 istam
589 1978 788 2057 frequentius,
823 1979 854 2037 iu
883 1985 996 2039 tantum
1025 1986 1058 2040 ut
1087 1980 1175 2040 etiam
1204 1997 1357 2041 sermones

80 2083 160 2141 nostri
185 2080 240 2140 hee
269 2079 413 2141 vocabulo
441 2080 591 2149 dicantur,
623 2077 731 2140 ‘rerba
759 2080 830 2139 tecit
857 2080 935 2158 apud
965 2082 1129 2149 senatum',
1159 2082 1266 2143 ‘verba
1288 2082 1358 2142 iecit

79 2183 142 2261 apud
168 2182 341 2263 popuiurn'.
386 2180 530 2262 numquid
559 2180 679 2260 quando
706 2180 774 2241 dico
802 2180 910 2242 ‘verba
938 2182 1010 2241 iecit
1031 2183 1108 2261 apud
1132 2187 1285 2244 senatum'
1308 2190 1358 2244 aut

80 2284 170 2345 'rerba
196 2286 266 2345 tecit
294 2283 371 2363 apud
401 2284 572 2363 populum’,
603 2282 744 2363 numquid
777 2290 889 2343 tantum
920 2280 1016 2343 verbis
1039 2283 1154 2346 locutus
1178 2293 1222 2346 est
1244 2292 1274 2346 ει
1297 2303 1356 2346 non

80 2390 148 2447 omui
167 2395 250 2466 parte
273 2387 434 2447 orationis?
462 2403 555 2466 qnare
578 2402 650 2463 ergo
672 2387 826 2466 proprium
850 2384 1024 2447 vocabulum
1046 2388 1187 2466 sumpsit?
1219 2390 1356 2467 quoniam

51 2490 132 2566 reipsa
152 2489 334 2568 frequentius
361 2489 472 2548 utimur
494 2489 525 2547 in
547 2486 706 2567 loquendo.
738 2486 742 2567 Ι
772 2486 944 2547 adverbium
969 2486 1045 2548 benc
1067 2491 1202 2568 sequitur
1224 2489 1355 2559 verbum,

80 2593 201 2669 quoniam
222 2608 284 2651 nou
306 2596 407 2670 potest
428 2590 581 2668 segregari
602 2610 619 2651 a
641 2588 741 2651 verbo.
776 2608 843 2651 cras
859 2588 976 2668 quando
992 2587 1072 2660 dico,
1097 2590 1239 2670 numquid
1262 2601 1354 2671 potest

81 2690 175 2752 habere
196 2691 396 2760 intellectum,
420 2693 477 2752 nisi
499 2691 591 2752 addas
613 2691 753 2753 verbum?
776 2700 846 2772 puta
870 2694 951 2752 ‘cras
975 2692 1108 2762 iaciam’,
1131 2692 1209 2755 ‘cras
1232 2692 1356 2763 dicam',

80 2798 155 2854 ‘cras
179 2794 323 2854 reniam'.
369 2810 441 2871 ergo
467 2795 535 2854 ideo
565 2795 699 2872 sequitur
725 2801 793 2874 post
823 2791 960 2862 vernum,
985 2796 1122 2873 quoniam
1145 2812 1161 2855 a
1185 2794 1275 2856 verbo
1298 2813 1357 2857 uon

80 2902 165 2973 potest
182 2896 324 2975 separari.
356 2896 544 2975 participium
568 2895 645 2957 bene
667 2898 794 2975 positum
817 2904 862 2956 est
886 2898 1042 2975 post·istas
1065 2903 1178 2977 partes:
1203 2905 1356 2978 postquam

50 2997 178 3057 euterun
205 3007 250 3057 est
278 3015 404 3065 nomen,
438 2996 547 3057 dictum
582 3005 626 3057 est
653 2997 789 3066 verbum',
821 2996 898 3057 bene
927 3000 1114 3079 participium
1143 3007 1187 3060 est
1214 3008 1356 3061 secutum.

80 3118 139 3158 uam
154 3100 339 3178 participium
355 3098 541 3168 dictumest,
566 3100 646 3180 quod
669 3106 699 3160 et
720 3106 821 3178 partes
844 3100 973 3161 nominis
988 3102 1084 3181 capiat
1099 3108 1129 3161 et
1151 3108 1250 3180 partes
1265 3100 1358 3162 verbi.

79 3200 141 3260 ideo
164 3218 247 3281 ergo,
276 3202 418 3281 quoniam
447 3204 506 3261 iam
533 3201 681 3280 praedixit
709 3220 833 3269 nornen,
865 3202 1011 3281 praedixit
1033 3203 1172 3273 verbum,
1204 3202 1279 3264 bene
1302 3205 1358 3264 iam

80 3321 114 3361 eo
134 3303 190 3363 loeo
211 3304 399 3383 participium
422 3313 466 3364 εει
488 3306 631 3383 positum,
654 3311 810 3383 postquam
832 3302 901 3364 illae
916 3312 1018 3383 partes
1033 3306 1203 3383 praedictae
1225 3312 1303 3375 suut,
1327 3314 1361 3368 ut

80 3406 133 3465 ista
151 3414 330 3485 sequeretur.
362 3407 532 3466 coniunctio
555 3406 632 3466 dicta
655 3406 809 3485 est,¹quia
832 3408 985 3485 coniungit
1007 3406 1198 3468 elocutiones.
1231 3408 1256 3469 si
1279 3408 1360 3468 dicas

51 3511 149 3584 u‘ego
167 3516 198 3568 tu
218 3526 321 3568 eamus
344 3508 379 3569 ad
402 3508 527 3576 iorum’,
552 3526 611 3568 non
635 3515 692 3569 stat
707 3507 851 3577 elocutio;
874 3508 899 3567 si
922 3508 1032 3568 dixeris
1054 3510 1129 3587 ‘ego
1152 3519 1182 3572 et
1204 3516 1235 3570 tu
1258 3529 1360 3572 eamus
1441 3514 1443 3523 “

81 3608 114 3666 ad
141 3610 257 3678 torum',
287 3608 377 3670 stabit
404 3609 533 3670 eiorutio
561 3616 591 3669 et
618 3611 677 3669 erit
704 3628 825 3672 conexa.
871 3612 1052 3689 praepositio
1081 3612 1157 3672 dicta
1185 3620 1230 3672 εει
1253 3610 1290 3671 ab
1314 3630 1358 3681 eo,

82 3710 155 3785 quod
178 3714 207 3772 in
234 3710 385 3791 loquendo
414 3712 614 3791 praeponitur.
663 3719 694 3772 ut
728 3720 799 3792 puta
825 3698 851 3772 si
878 3710 958 3772 dicas
992 3711 1088 3791 ‘apud
1115 3714 1271 3783 amicum’‚
1300 3732 1358 3774 uon

81 3820 160 3888 potas
184 3813 281 3875 dicere
311 3815 453 3875 ‘amicum
476 3814 552 3893 apud
561 3818 581 3874 ’.
626 3815 795 3875 interiectio
823 3812 901 3874 dicta
929 3823 987 3883 est,
1011 3816 1078 3891 quia
1101 3818 1301 3897 interponitur
1324 3816 1359 3877 ad

81 3914 279 3991 exprimendos
308 3916 399 3976 an'uni
426 3916 556 3977 affectus.
602 3916 626 3975 si
649 3916 760 3978 dixeris
782 3920 936 3976 ‘mortuus
963 3924 1007 3977 est
1031 3912 1034 3996 i
1060 3916 1238 3996 Vergilius',
1262 3918 1361 3978 dixisti

54 4016 192 4091 squidem
212 4016 294 4077 iilum
319 4025 467 4078 mortuum
490 4035 569 4085 esse;
599 4018 651 4078 sed
675 4035 733 4096 quo
755 4018 864 4079 affectu
886 4016 942 4077 hoc
965 4019 1135 4097 pertuleris.
1160 4039 1219 4081 nou
1241 4027 1287 4081 est
1309 4038 1359 4080 ex·

80 4136 218 4194 pressum,
241 4121 299 4180 nisi
320 4120 492 4199 interponas
514 4118 593 4179 illam
616 4118 800 4199 particulam,
847 4110 914 4181 nam
938 4122 963 4180 si
985 4120 1065 4182 dicas
1088 4124 1137 4183 ‘va
1160 4120 1295 4184 mortuus
1318 4128 1363 4181 est

82 4220 244 4299 iergiiius',
267 4221 406 4284 laetantis
428 4227 485 4289 est;
509 4222 533 4282 si
556 4221 635 4282 dieas
657 4220 734 4283 ‘heu
749 4230 884 4283 mortuus
900 4229 945 4281 εει
962 4222 1135 4301 Vergilius’,
1159 4222 1285 4285 dolentis
1307 4231 1361 4283 est.

142 4424 287 4489 deequitur
305 4426 413 4475 uerbum
433 4428 528 4477 dictum
552 4434 591 4477 eet
608 4425 693 4477 ABG
714 4429 830 4491 sequitur
852 4427 957 4477 uerbum
982 4443 1060 4490 qrxnrc
1087 4429 1191 4479 uerbum
1214 4429 1365 4479 dictumest

86 4494 103 4541 L
172 4495 202 4546 ll
220 4498 362 4547 eurorxtiooe
379 4497 430 4547 BC
448 4497 573 4549 loerrrioue
592 4498 649 4547 At
721 4498 752 4548 17
773 4498 894 4562 numquid
919 4500 1019 4559 quaudo
1039 4528 1073 4537 -
1091 4498 1213 4565 populum
1233 4513 1278 4547 orer.
1299 4498 1364 4559 Ad,

83 4566 136 4617 cdd.
156 4582 176 4615 a
223 4566 256 4617 20
272 4567 431 4629 frequentius
451 4568 786 4631 utimurALirequeutius
801 4584 840 4617 εει
859 4569 883 4619 B
902 4562 1022 4631 frequens
1040 4578 1078 4618 εει
1094 4570 1149 4619 Gn*
1202 4570 1364 4634 ’steperuri

84 4634 132 4683 et
146 4638 244 4685 secerni
262 4634 351 4687 nea*
422 4634 456 4687 '29
474 4638 615 4687 coniunctio
635 4664 667 4673 -
686 4638 717 4689 31
736 4653 833 4688 conexa
852 4639 899 4691 doc
915 4640 970 4690 loro
989 4638 1081 4689 lrabeat
1099 4639 1170 4698 BL,
1186 4646 1243 4701 port
1256 4653 1364 4705 praepo·

84 4707 133 4753 eicio
152 4732 184 4741 -
204 4704 236 4755 di
254 4707 364 4756 emirum
391 4706 460 4772 epod
477 4710 635 4769 transpositu
653 4708 704 4756 Ad
772 4710 794 4757 si
809 4709 880 4758 dicas
900 4706 973 4758 BGa
992 4718 1019 4757 ut
1037 4711 1058 4757 si
1078 4709 1148 4759 diens
1166 4708 1221 4758 AL
1292 4709 1325 4758 30
1343 4709 1365 4756 si

84 4776 173 4824 dixeris
194 4775 261 4827 nea
281 4788 307 4826 et
325 4778 347 4825 si
367 4776 464 4827 dixeris
480 4778 537 4826 AL
608 4778 642 4829 33
660 4775 743 4845 poten]
766 4786 850 4845 potest
869 4776 982 4842 A(?)L
1002 4793 1108 4843 possum
1133 4776 1223 4830 nea*
1294 4779 1328 4830 34
1344 4779 1365 4826 si

83 4844 174 4895 dixeris
192 4844 244 4894 Aa
260 4848 282 4896 si
296 4847 369 4896 diens
387 4848 460 4898 BCn

127 4935 301 4981 cmxxxucr
314 4938 449 4982 mrruxv.
1145 4932 1162 5007 7
