3350 5442
319 347 383 414 4¹32
867 346 1054 411 EVTYCHlS

362 490 366 499 .
383 461 424 500 aso.
438 459 461 499 u
478 457 498 497 r..

321 473 462 616 Vlrgilius
484 538 593 608 utitur,
616 537 778 617 suspicari:
802 538 951 598 Aeneidos
972 538 1052 597 enim
1075 535 1154 596 libro
1175 535 1216 596 lll
1238 536 1314 596 dicit

914 641 1134 719 primusque
1156 639 1357 699 rudentem

381 724 388 740 ⁴
471 744 661 803 contorsit
682 741 806 802 laevas
827 757 979 820 proram
1000 740 1205 803 Palinurus
1226 741 1268 800 ad
1291 738 1427 807 undas,

320 847 391 906 item
414 843 492 906 libro
515 843 565 905 Vll

470 947 558 1007 hinc
580 946 753 1008 exaudiri
776 948 938 1024 gemitus
961 948 1117 1024 iraeque
1138 945 1287 1005 leonum

471 1048 596 1109 vincla
619 1054 861 1109 recusantum
883 1055 917 1107 et
939 1064 1022 1108 sera
1045 1045 1244 1108 subnecte
1268 1044 1480 1112 rudentum,

321 1154 393 1212 item
414 1152 574 1229 georgicon
597 1150 676 1214 libro
696 1148 737 1210 lll

472 1253 675 1314 comminus
698 1251 928 1314 obtruncant
949 1252 1053 1313 lerro
1074 1252 1320 1329 graviterque
1343 1249 1526 1309 rudentes

471 1354 642 1417 caedunt

321 1475 427 1518 nomen
460 1473 594 1536 quoque,
629 1473 687 1536 quo
720 1457 804 1517 navis
836 1457 923 1517 tunes
956 1457 1174 1534 significantur,
1216 1455 1247 1515 id
1280 1462 1326 1514 est
1357 1454 1516 1522 rudentes,
1551 1470 1626 1511 nour

322 1559 439 1620 aliunde
462 1575 531 1619 reor
553 1558 729 1629 deductum,
752 1565 786 1619 ut
800 1558 881 1619 idem
900 1557 987 1619 docet
1002 1557 1145 1637 Virgilius
1159 1559 1191 1618 in
1214 1556 1226 1617 l
1249 1556 1329 1617 lilrro
1343 1556 1490 1616 Aeneidos
1506 1555 1604 1614 diceus

471 1663 688 1740 insequitur
709 1659 923 1741 clamorque
945 1663 1062 1720 virum
1084 1660 1301 1739 stridorque
1325 1657 1537 1719 rudentum.

321 1763 427 1852 plaudo
455 1762 585 1842 merrdie,
615 1762 702 1824 cludo
723 1761 770 1821 vel
792 1761 898 1822 claudo
920 1761 1049 1831 claudis;
1077 1763 1150 1822 cado
1172 1780 1289 1842 quoque
1312 1759 1408 1830 cadis,
1431 1759 1506 1819 licet
1528 1766 1603 1819 ante·

321 1865 430 1925 cedens
459 1884 475 1926 a
506 1859 683 1943 corripitur,
719 1865 825 1924 tertiae
850 1871 896 1924 cst
923 1866 1156 1943 coniugationis;
1185 1871 1216 1924 et
1243 1864 1347 1924 occido
1374 1861 1476 1922 incido
1505 1860 1604 1920 decido

320 1967 432 2027 occidis
460 1967 568 2028 incidis
597 1966 711 2027 decidis
741 1967 845 2036 etiarn,
874 1966 991 2046 quando
1019 1985 1035 2027 a
1063 1966 1137 2027 cado
1167 1973 1235 2026 sunt
1264 1960 1443 2044 composita,
1472 1965 1483 2024 i
1510 1971 1630 2023 murena

321 2069 500 2148 paenrdtima
516 2075 654 2149 correpta
669 2074 724 2129 est.
755 2068 811 2129 edo
826 2087 944 2148 quoque
966 2086 1007 2138 es,
1031 2067 1101 2128 licet
1123 2067 1287 2128 anomalum
1310 2075 1357 2128 est
1377 2085 1433 2148 per
1455 2083 1604 2145 personas.

320 2177 351 2231 et
372 2171 472 2232 divido
495 2170 617 2241 dividis,
647 2172 780 2250 quamvis
806 2170 1020 2250 paenultimam
1048 2172 1189 2250 corripit,
1218 2176 1317 2229 tamen
1338 2169 1415 2229 nihil
1437 2169 1605 2246 discrepant

321 2291 336 2334 a
359 2275 578 2351 coniugatione.
608 2279 746 2334 notantur
769 2275 883 2351 primae
906 2273 1121 2349 coniugationis
1143 2271 1201 2331 duo
1224 2272 1419 2350 producentia
1441 2273 1469 2340 i,
1492 2270 1606 2330 trucido

322 2375 467 2446 trucidas,
497 2375 623 2436 lormido
651 2375 809 2445 formidas,
838 2374 917 2454 quod
943 2375 975 2434 in
998 2373 1104 2434 eadem
1124 2390 1195 2433 voce
1217 2382 1276 2434 tarn
1298 2373 1425 2433 verbum
1445 2391 1537 2452 quarn
1559 2389 1604 2431 no

322 2495 389 2537 rnen
412 2477 571 2555 significat,
604 2483 634 2537 et
661 2493 752 2538 unum
780 2479 790 2537 i
818 2477 999 2555 corripiens,
1023 2475 1141 2555 trepido
1163 2474 1310 2553 trepidas,
1333 2475 1411 2554 quod
1434 2493 1454 2534 a
1474 2473 1626 2554 trepidusa
1655 2466 1656 2471 ’

323 2579 431 2658 trepidi
454 2581 573 2640 nomine
596 2580 717 2639 veniens
739 2579 805 2638 iure
829 2579 942 2658 primae
965 2585 1010 2638 est
1032 2578 1261 2656 coniugationis.
1297 2595 1318 2637 n
1339 2593 1458 2657 quoque
1482 2584 1553 2636 ante
1573 2576 1605 2634 do

322 2679 462 2742 trahentia
490 2682 595 2742 tertiae
623 2687 693 2740 sunt
719 2680 857 2741 similiter
879 2681 1111 2758 coniugationis,
1140 2687 1172 2739 nt
1194 2678 1304 2739 scando
1326 2679 1459 2748 scandis,
1483 2677 1605 2739 ascendo

322 2781 417 2862 pando
445 2782 543 2861 pendo
570 2782 658 2843 tendo
686 2781 838 2860 prehendo
866 2781 994 2842 incendo
1022 2781 1138 2843 offendo
1165 2781 1244 2842 findo
1274 2779 1378 2841 scindo
1399 2780 1496 2840 condo
1519 2780 1605 2840 tundo

321 2883 428 2945 rnaudo
449 2884 557 2955 lundo;
581 2886 639 2944 nisi
663 2890 759 2945 tamen
781 2886 847 2945 eius
867 2884 948 2945 modi
969 2884 1059 2945 rerba
1082 2883 1118 2944 de
1134 2883 1305 2944 nominibus
1327 2882 1517 2943 deriventur:
1540 2891 1604 2941 tunc

321 2987 402 3044 enim
432 2987 497 3045 sinc
524 2985 615 3046 dubio
643 2987 757 3065 primae
786 2989 1004 3066 coniugationis
1031 2996 1136 3056 erunt,
1165 2993 1199 3045 ut
1226 2986 1306 3046 unda
1326 2985 1407 3044 undo
1429 2985 1541 3053 undas,
1564 2987 1656 3089 iri-sq

322 3087 401 3147 undo
424 3088 565 3158 inundes,
590 3086 708 3148 abundo
730 3087 877 3158 abundas,
901 3088 1017 3150 arundo
1033 3088 1179 3157 exundas,
1203 3087 1345 3165 Virgilius
1360 3087 1510 3149 Aeneidos
1533 3085 1604 3146 libro
1655 3092 1656 3167 t

323 3187 376 3248 llll
402 3184 415 3271 Η
441 3188 668 3251 ‘ad'caelum
691 3189 853 3251 undabat
877 3193 1035 3260 vortex',
1061 3189 1065 3272 1
1093 3191 1173 3251 idom
1195 3191 1226 3249 in
1249 3189 1354 3250 eodem
1376 3188 1481 3249 ‘ltine
1503 3188 1602 3248 densi
1655 3170 1656 3219 ¹

324 3308 455 3351 rursus
477 3290 695 3362 inundant'‚
719 3292 799 3352 idem
821 3294 853 3352 in
875 3291 953 3353 libro
976 3290 1031 3352 llll
1052 3294 1212 3370 georgicon
1655 3342 1656 3349 ,

472 3411 563 3471 ergo
585 3392 720 3473 apibus
742 3394 835 3454 letis
857 3394 953 3455 idem
977 3402 1085 3473 atque
1108 3396 1277 3456 examine
1300 3393 1414 3455 multo

472 3497 614 3575 primus
637 3494 826 3556 abundare
849 3504 886 3556 et
908 3497 1120 3576 spumantia
1142 3514 1278 3574 cogere
1300 3498 1448 3576 pressis

472 3596 582 3658 nrella
604 3577 712 3658 lavis:

322 3698 467 3759 fecundus
489 3699 616 3760 fecundo
638 3700 794 3770 fecundas,
817 3699 898 3760 idem
919 3701 951 3760 in
973 3699 1076 3760 eodem

472 3808 507 3862 et
531 3802 693 3863 viridem
715 3803 921 3882 Aegyptum
941 3803 1049 3880 nigra
1072 3800 1250 3863 secundat
1272 3802 1427 3862 harena:

320 3939 422 3946 -κ-
428 3939 619 3946 *affl-...—

320 4009 368 4057 lins
384 4007 489 4058 ntlturt
549 4007 646 4058 Iden.
666 4005 729 4056 libro
748 4001 791 4071 lll]
811 4017 834 4055 a.
854 4005 903 4058 eet
955 4003 1066 4056 {lienam
1084 4019 1184 4071 proram
1203 4005 1464 4071 Pproramleusmt
1512 4005 1595 4054 nodam

322 4079 359 4126 Pt
427 4072 696 4142 tttbrovtt]o.15
766 4076 1079 4126 dexaudiretexaudiri
1098 4086 1123 4127 et
1139 4076 1158 4139 f
1174 4123 1178 4132 ,
1222 4079 1343 4142 7georg.
1364 4076 1429 4125 libro
1448 4073 1492 4142 ill]
1509 4093 1532 4128 a.
1550 4075 1594 4125 374

390 4143 423 4196 10
441 4160 491 4194 non
510 4145 612 4196 aliunde
628 4145 784 4196 nisiarndo
802 4161 860 4195 reor
876 4145 1007 4195 diductum
1026 4146 1051 4196 B
1121 4146 1152 4197 11
1172 4148 1199 4196 in
1219 4147 1228 4196 l
1247 4147 1310 4196 ttnro
1330 4143 1409 4212 lien.]
1427 4162 1449 4195 o.
1468 4146 1500 4195 87
1565 4145 1594 4195 ld

321 4217 378 4266 licet
396 4215 554 4265 didacticum
573 4225 596 4266 et
612 4214 757 4265 anomalum
772 4221 810 4266 est
825 4217 851 4266 P
903 4214 935 4266 17
952 4215 1056 4282 corripit
1073 4231 1140 4267 corr.
1159 4218 1194 4269 ol.
1215 4233 1280 4267 mon.
1301 4218 1424 4281 corripuit
1440 4217 1467 4266 B
1482 4217 1591 4281 corripuit
1655 4268 1656 4279 q

320 4287 345 4336 Ρ
412 4285 447 4337 23
461 4285 543 4335 condo
565 4285 683 4337 distnudo
702 4299 782 4347 corr„
796 4293 824 4336 nt
841 4287 947 4351 videtur,
966 4287 1048 4336 condo
1068 4286 1186 4336 distendo
1204 4286 1325 4337 Boondo
1343 4286 1461 4335 distendo
1478 4285 1502 4333 P
1562 4284 1591 4333 at
1655 4288 1656 4295 ’

320 4355 433 4406 eiusdem
450 4355 559 4405 modiP
626 4355 659 4407 26
678 4357 742 4408 den.
759 4356 822 4406 libro
840 4353 898 4421 ΧΗ]
917 4371 940 4406 o.
958 4354 1009 4408 673
1073 4357 1106 4406 27
1124 4357 1149 4404 in
1169 4357 1268 4420 eodeni]
1286 4356 1350 4406 Aea.
1369 4354 1419 4406 ΧΗ
1436 4355 1487 4406 280
1539 4353 1590 4402 hinc
1655 4416 1656 4419 Ἴ

320 4427 393 4476 densi
415 4437 503 4477 rursus
526 4425 649 4476 inundant
668 4423 759 4488 shinc
776 4425 849 4476 densi
867 4439 955 4476 rursus
978 4425 1120 4492 (cupersor.
1140 4429 1174 4476 ot.
1191 4443 1255 4479 man.
1281 4427 1387 4486 tluctus)
1408 4421 1591 4484 inundabantli
1655 4462 1656 4465 ,

229 4560 231 4564 ¹
321 4495 379 4546 irinc
393 4510 482 4546 rursus
501 4496 573 4546 densi
593 4496 715 4545 inundant
728 4496 818 4547 linctus
833 4496 859 4545 P
869 4495 927 4546 lrluc
945 4496 1018 4546 densi
1035 4511 1124 4546 rursus
1139 4497 1245 4546 inundat
1261 4495 1351 4544 [luctus
1369 4503 1380 4544 t
1447 4495 1480 4546 28
1494 4496 1517 4542 in
1533 4493 1588 4541 libro

321 4616 368 4666 llll
387 4613 489 4683 georg]
509 4634 533 4668 o.
554 4615 603 4668 139
673 4616 707 4668 29
725 4633 786 4683 ergo
805 4574 891 4682 african
906 4625 982 4681 atque
997 4632 1068 4670 corr.
1087 4623 1121 4669 al.
1137 4635 1168 4671 nr.
1184 4631 1246 4684 ergo
1262 4617 1354 4682 apibus
1368 4616 1428 4666 letis
1446 4616 1507 4665 idern
1522 4621 1589 4675 atque
1655 4636 1656 4647 2

320 4685 345 4734 B
357 4701 419 4752 ergo
437 4687 530 4751 apibus
549 4686 624 4738 foetis
642 4687 709 4738 idem
724 4695 798 4750 atque
814 4689 833 4749 f
846 4703 907 4754 ergo
923 4688 1015 4754 apibus
1031 4687 1091 4738 letis
1110 4698 1186 4750 atque
1204 4688 1243 4738 Pt
1311 4686 1347 4738 30
1364 4686 1507 4736 habundare
1524 4683 1546 4732 P

319 4757 394 4806 32111
410 4755 511 4822 eodem]
528 4771 615 4822 georg.
637 4757 683 4806 llll
701 4757 750 4808 291
821 4755 855 4809 33
873 4766 898 4808 et
916 4785 946 4794 -—
968 4756 1073 4822 harena]
1094 4757 1192 4807 uirilem
1210 4767 1235 4806 et
1252 4771 1283 4806 us
1300 4771 1370 4809 corr.
1391 4765 1415 4806 et
1436 4755 1533 4805 uiridem
1551 4766 1587 4801 ae·
1655 4752 1656 4759 ’

319 4832 425 4892 gyptum
445 4827 518 4892 nigra
537 4824 656 4876 lecundat
674 4825 768 4878 herous
784 4825 809 4876 B
