3350 5442
648 392 821 458 aucvmn
1005 355 1009 364 ’
1316 391 1377 458 331

1177 514 1199 555 p.
1215 503 1316 542 rael-att
1330 502 1353 542 P.

89 582 131 642 iel
154 580 191 642 ab
213 581 270 641 hoe
292 581 371 642 selle.
417 581 470 641 sed
492 583 524 640 in
545 580 656 659 plurali
677 598 802 641 numero
824 597 879 659 per
901 586 963 640 tres
985 598 1071 641 casus
1093 582 1196 648 currit,
1219 583 1378 642 nominati·

89 685 159 727 vum
181 669 379 728 accusativum
403 674 432 726 et
454 669 629 729 vocativum.
660 665 718 727 alia
740 667 856 745 species
878 667 997 743 generis
1019 667 1128 736 neutri,
1151 684 1226 746 quae
1249 668 1379 726 continet

89 753 211 812 nomina
240 754 271 812 iu
300 771 336 811 eu
365 750 508 831 syllabam
536 753 689 822 exeuntia,
718 750 774 810 hoc
802 753 917 811 crimen
946 751 1033 811 huius
1060 747 1378 833 3311313131313331-

90 839 163 898 mini
192 837 247 896 hoc
274 839 388 897 crimen
416 855 433 896 o
460 838 575 896 crimen
597 835 634 897 ab
657 835 713 895 hoc
740 837 866 897 crimine
894 835 967 896 haec
995 837 1121 897 crimina
1147 837 1255 896 horum
1276 838 1378 896 crimi-

60 935 162 982 ⁵num
185 922 232 983 his
254 921 431 982 criminibus
453 921 527 981 haec
550 923 677 982 crimina
699 940 717 981 o
738 923 864 981 crimina
894 920 930 982 ab
957 922 1005 981 his
1025 921 1213 982 criminibus.
1244 921 1281 982 ad
1302 921 1379 982 hanc

89 1007 225 1085 regulam
256 1007 368 1068 similia
396 1006 576 1076 declinabis,
605 1024 724 1066 camrcn
757 1008 914 1076 carminis,
947 1025 1058 1066 numen
1091 1008 1237 1076 numinis,
1270 1006 1379 1067 llamen

89 1094 234 1162 11333313,
262 1109 367 1170 agmen
396 1093 534 1170 agminis,
570 1109 694 1152 acumen
728 1093 887 1161 acmninis,
920 1109 1044 1168 gramen
1076 1094 1233 1169 graminis,
1268 1091 1378 1151 llumen

89 1179 236 1247 fluminis,
260 1185 374 1257 stamen
390 1179 543 1246 staminis,
566 1176 667 1236 lumen
682 1176 820 1246 luminis,
845 1194 946 1236 semen
962 1179 1095 1247 seminis,
1118 1177 1268 1257 liquamen
1283 1177 1378 1256 liqua-

89 1265 194 1334 miniS,
218 1263 330 1324 lulmen
352 1263 502 1334 fulminis,
524 1280 630 1322 rumen
651 1264 793 1332 ruminis,
818 1260 953 1322 bitumen
975 1261 1144 1333 bituminis,
1166 1262 1268 1339 gluten
1289 1263 1378 1339 gluti·

49 1352 155 1419 13313,
178 1349 316 1426 legumen
338 1349 511 1426 leguminis,
535 1347 695 1408 lundamen
717 1346 916 1416 fundaminis
939 1349 1070 1425 tegimen
1092 1349 1258 1425 tegiminis,
1281 1349 1378 1407 muni·

90 1452 161 1495 men
184 1435 374 1504 muniminis,
403 1433 536 1495 levamen
563 1433 732 1502 levaminis,
761 1434 914 1512 specimen
941 1435 1131 1511 speciminis;
1160 1431 1213 1492 sed
1234 1432 1379 1511 pluralem

90 1539 151 1580 non
174 1519 320 1580 admittit:
344 1521 416 1579 item
439 1517 635 1595 subtegnmen
657 1517 886 1596 subteguminis
920 1517 976 1578 3113
1000 1520 1116 1597 species
1138 1520 1258 1595 generis
1279 1519 1379 1578 neutri

89 1613 206 1685 aptota,
236 1606 266 1664 id
294 1611 341 1665 331
370 1602 604 1674 indeclinabilis,
634 1611 667 1663 ut
694 1621 786 1682 genu,
815 1603 870 1663 hoc
897 1619 976 1680 genu
998 1603 1086 1664 huius
1109 1621 1187 1680 genu
1209 1602 1280 1662 huic
1301 1620 1380 1680 genu

88 1690 148 1750 hoc
176 1707 254 1768 genu
282 1709 299 1749 o
329 1707 408 1768 genu
436 1689 473 1750 ab
503 1689 559 1748 hoc
586 1707 664 1766 genu
692 1688 765 1749 haec
787 1706 883 1766 genua
905 1687 1010 1748 borum
1032 1707 1161 1766 genuum
1183 1688 1231 1749 his
1253 1686 1380 1766 genibus
1428 1721 1431 1731 .

50 1776 165 1836 1111333
187 1793 283 1854 genua
305 1794 322 1834 o
344 1793 440 1852 genua
462 1773 499 1834 ab
523 1774 570 1838 his
591 1773 728 1852 genibus.
760 1773 796 1834 ad
812 1774 888 1834 hanc
902 1775 1029 1834 lormam
1044 1773 1209 1834 declinabis
1224 1783 1254 1833 et
1276 1791 1379 1842 cornu,

28 1917 31 1924 .
89 1869 235 1940 utsupra
263 1860 407 1930 diximus,
438 1878 531 1920 cornu
558 1877 684 1930 cornua,
713 1877 785 1920 vern
812 1877 916 1929 verua,
945 1877 1021 1938 quae
1049 1867 1119 1920 sunt
1140 1862 1240 1937 virgae
1263 1859 1379 1918 ierreae

90 1947 253 2015 laniorum,
277 1946 313 2006 de
337 1944 446 2024 quibus
462 1944 604 2022 Virgilius
626 1943 878 2024 ‘veribusque
902 1947 1104 2005 trementia
1126 1945 1278 2022 ligunt',
1302 1946 1379 2004 toni·

88 2041 142 2091 133
166 2033 307 2092 13311333.
338 2030 390 2090 sed
414 2029 517 2090 talium
539 2031 691 2090 nominum
713 2030 874 2090 declinatio
896 2032 1019 2108 perrara
1042 2032 1202 2090 invenitur.
1234 2029 1290 2090 alia
1312 2047 1379 2108 spe·

89 2119 155 2177 cies
182 2118 302 2193 generis
330 2117 447 2184 neutri,
478 2115 513 2174 de
542 2133 599 2194 qua
627 2133 716 2194 supra
745 2116 950 2184 tractavimus,
984 2133 1059 2195 quae
1088 2117 1150 2176 exit
1182 2117 1214 2175 13
1241 2123 1381 2194 quattuor

50 2216 76 2254 20
91 2203 214 2262 nomina
236 2201 361 2263 duarum
383 2207 547 2270 mutuum,
577 2218 593 2258 c
616 2209 644 2260 et
666 2208 693 2269 t,
725 2207 756 2260 ut
778 2207 866 2280 caput
888 2201 1019 2279 sinciput
1041 2200 1136 2261 31133
1159 2211 1189 2261 et
1210 2200 1300 2270 allec;
1328 2200 1380 2260 sed

92 2287 168 2347 haec
191 2286 249 2346 duo
270 2285 414 2366 pluralem
437 2303 593 2347 numerum
615 2303 674 2345 non
697 2285 866 2346 admittunt.
898 2286 960 2345 exit
980 2287 1052 2345 item
1074 2303 1168 2363 genos
1189 2292 1328 2346 3331333]
1348 2287 1381 2344 13

89 2393 122 2445 3,
159 2371 211 2432 sed
244 2375 277 2432 in
309 2373 424 2450 graecis
457 2370 643 2440 nominibus,
674 2379 706 2431 ut
733 2371 833 2432 thema
866 2371 1010 2440 themata,
1044 2379 1177 2431 toreuma
1207 2378 1379 2440 toreumata,

90 2457 212 2518 schema
240 2457 404 2526 schemata,
434 2455 580 2516 emblema
609 2455 798 2526 emblemata,
827 2456 979 2517 theorema
1001 2456 1199 2527 theoremata,
1223 2457 1381 2516 boethema

89 2542 280 2603 boethemata
307 2549 338 2602 et
365 2541 432 2602 3113.
478 2543 550 2602 item
577 2543 803 2602 meminerimus
830 2541 961 2619 singulas
988 2541 1103 2603 litteras
1130 2550 1191 2603 tam
1213 2545 1244 2602 in
1266 2545 1382 2619 graecis

50 2645 74 2683 aa
88 2647 181 2708 quam
208 2630 239 2688 13
267 2627 368 2689 1311313
395 2628 516 2705 generis
544 2645 608 2687 esse
638 2630 748 2689 neutri.
793 2627 920 2688 dicimus
948 2630 1027 2688 enim
1062 2645 1155 2688 unum
1182 2627 1253 2696 alla,
1288 2645 1381 2687 unum

89 2713 176 2786 beta,
204 2731 297 2774 unum
324 2731 454 2791 gamma;
483 2714 526 2774 sic
555 2720 585 2772 et
613 2711 686 2774 alias
714 2713 845 2774 litteras:
868 2712 1023 2792 pluraliter
1045 2713 1103 2773 dno
1125 2713 1197 2783 alla,
1221 2713 1279 2773 duo
1301 2712 1379 2782 beta,

90 2799 150 2860 duo
173 2817 303 2876 gamma;
327 2800 370 2858 sic
396 2795 398 2878 l
422 2800 480 2860 tria
503 2797 574 2866 alia,
598 2800 656 2858 tria
679 2797 762 2868 beta,
786 2801 844 2859 tria
865 2815 989 2876 gamma.
1034 2799 1103 2859 inde
1127 2805 1172 2859 est
1193 2797 1282 2867 illud,
1306 2797 1381 2878 τρία

89 2879 210 2944 κάππα
232 2881 386 2954 κάκιστα,
415 2884 445 2944 id
474 2889 519 2944 est
546 2884 606 2943 tria
628 2901 721 2963 cappa
742 2886 885 2963 pessima,
915 2883 951 2944 de
974 2884 1110 2944 Cornelio
1133 2883 1227 2963 Sylla,
1251 2883 1286 2943 de
1310 2883 1380 2944 Cor-

90 2970 174 3031 nelio
189 2970 296 3039 Cinna,
321 2969 357 3029 de
374 2968 511 3029 Cornelio
526 2967 661 3028 Lentulo.
692 2968 722 3028 hi
746 2970 826 3030 euim
848 2987 903 3048 per
924 2976 986 3029 tres
1007 2968 1122 3030 litteras
1144 2969 1290 3046 designati
1313 2980 1382 3028 sunt

52 3073 78 3112 ao
91 3057 124 3116 in
147 3054 237 3116 libris
260 3054 424 3135 Sibyllinis.
469 3061 514 3115 est
542 3061 571 3114 31
594 3073 684 3115 unum
707 3072 813 3115 nomen
836 3056 956 3132 generis
985 3057 1082 3115 neutri
1107 3057 1138 3115 13
1161 3074 1193 3124 3,
1215 3062 1249 3114 ut
1271 3054 1382 3114 llumen

92 3140 202 3211 Turia,
227 3148 370 3220 utsupra
393 3139 531 3200 diximus.
705 3157 709 3164 ·

180 3225 279 3286 Genus
307 3243 463 3285 commune
495 3227 555 3286 exit
576 3242 631 3304 per
653 3244 684 3295 a,
714 3233 748 3287 ut
769 3226 896 3287 advena:
925 3225 1091 3288 declinatur
1113 3226 1163 3286 hic
1185 3232 1214 3286 et
1236 3225 1309 3286 haec
1331 3225 1382 3286 ad·

91 3329 169 3372 rena
190 3311 280 3372 huius
303 3311 431 3372 advenae
447 3311 517 3370 huic
532 3311 660 3372 advenae
676 3312 755 3372 hunc
778 3319 808 3372 et
828 3311 907 3372 hanc
929 3312 1072 3374 advenam
1094 3331 1111 3372 3
1134 3311 1245 3373 advena
1268 3311 1304 3371 ab
1327 3311 1383 3371 hoc

93 3406 123 3458 et
147 3395 185 3461 ab
207 3397 262 3458 hac
284 3396 396 3458 advena
418 3396 449 3455 hi
473 3404 503 3456 et
524 3395 580 3456 hae
603 3396 732 3458 advenae
755 3397 862 3457 borum
884 3406 914 3458 et
935 3397 1042 3458 barum
1061 3397 1240 3459 advenarum
1261 3396 1309 3456 his
1331 3397 1382 3457 ad·

55 3499 80 3542 33
93 3484 181 3543 33313
209 3483 263 3543 hos
291 3489 320 3543 et
348 3482 401 3542 has
422 3481 550 3542 advenas
572 3501 590 3542 o
612 3483 741 3544 advenae
764 3482 800 3542 ab
822 3481 871 3543 his
894 3483 1024 3543 advenis.
1069 3483 1106 3543 ad
1128 3482 1204 3543 hanc
1225 3481 1382 3542 formulam

94 3567 263 3628 declinabis
285 3566 454 3645 Troiugena
481 3568 621 3645 indigena
648 3567 745 3628 incola
774 3567 903 3645 agricola
925 3586 1057 3628 convena
1079 3566 1217 3628 caelicola
1239 3567 1382 3628 sacricola

91 3652 244 3733 publicola
270 3652 411 3714 terricola
439 3652 572 3714 urbicola
601 3651 748 3732 plebicola
775 3651 903 3713 Numida
929 3653 1060 3714 Dalmata
1089 3651 1218 3714 ruricola
1252 3652 1383 3730 lucifuga

91 3739 187 3799 Persa
209 3737 364 3799 Romulida
393 3745 422 3798 et
450 3745 558 3799 cetera.
604 3741 635 3798 13
662 3739 843 3798 nominativo
872 3757 889 3797 e
911 3746 941 3798 et
962 3740 973 3798 i
995 3757 1055 3799 333
1076 3736 1166 3798 habet
1187 3754 1281 3815 genus
1302 3755 1383 3798 com-

91 3841 200 3893 mune,
231 3824 261 3884 id
290 3831 335 3884 331
362 3841 421 3884 333
450 3825 511 3885 exit
539 3826 570 3884 13
599 3842 615 3882 3
644 3841 698 3883 333
727 3825 758 3883 13
780 3825 805 3894 1,
835 3823 888 3884 sed
910 3825 941 3884 13
964 3844 995 3894 3,
1019 3831 1051 3884 31
1072 3822 1164 3884 latro:
1187 3821 1237 3884 hic
1259 3831 1288 3884 et
1310 3822 1382 3884 haec

165 4063 180 4114 1
201 4063 248 4113 aad
260 4062 353 4129 plurali
372 4079 475 4115 numero
496 4078 544 4114 333
564 4061 614 4112 3131
632 4073 778 4128 33313333
860 4064 877 4114 8
895 4070 992 4114 atamen
1007 4062 1135 4132 staminia]
1156 4073 1267 4114 stramen
1284 4063 1384 4114 strami-

91 4131 131 4184 nis
152 4149 170 4190 ς
222 4131 341 4183 llrnmen
363 4134 479 4184 cuminis.
500 4149 589 4182 rumen
608 4133 765 4198 estquidam
785 4133 901 4184 3133313
920 4135 980 4201 gula
995 4143 1119 4184 certorum
1137 4134 1282 4184 animalium
1301 4149 1316 4183 3
1334 4149 1383 4199 quo

91 4213 198 4255 seruant
214 4203 292 4267 cpbos
310 4212 398 4267 postea
417 4197 562 4255 masa‘ndos.
583 4203 650 4252 unde
669 4203 796 4253 ruminare
815 4203 923 4253 dicimus
939 4205 1053 4255 bitumen
1073 4205 1097 4252 F
1184 4205 1214 4255 ll
1237 4204 1385 4269 speciminis

90 4275 173 4324 idest
191 4273 288 4324 indicio
307 4273 352 4323 sed
369 4272 493 4338 pluralem
511 4288 562 4323 non
580 4273 714 4324 admittunt
731 4272 757 4322 F
833 4273 866 4324 12
883 4274 1043 4342 subtegimen
1067 4275 1281 4341 subtegiminisc
1352 4273 1384 4324 16

90 4343 177 4394 serrae
194 4342 221 4392 F
290 4343 322 4394 17
341 4344 502 4408 uerubnsque
520 4356 552 4399 ς.·
572 4345 651 4408 Verg.
667 4343 733 4397 Aea.
749 4345 759 4394 l
777 4344 828 4394 212
899 4345 932 4394 22
949 4345 1035 4394 thema
1050 4343 1161 4394 themata
1179 4345 1310 4396 thoreuma
1328 4341 1385 4393 tho·

94 4421 213 4464 reumata
228 4427 294 4476 quae
312 4421 371 4464 3331
386 4429 448 4464 uasa
465 4423 568 4464 atorono
589 4411 619 4478 (l.
641 4411 725 4478 torno)
745 4412 811 4463 laeta
830 4411 933 4463 schema
950 4413 1078 4464 schemata
1094 4414 1120 4463 id
1138 4423 1176 4465 331
1194 4415 1275 4481 ligura
1291 4413 1384 4463 emble·

90 4497 132 4535 rna
150 4483 301 4534 emblemata
324 4483 352 4533 id
370 4484 537 4534 3311333313
556 4484 685 4550 argenteis
704 4485 852 4547 quaerentia
870 4482 901 4547 (1.
920 4481 1064 4548 haerentia)
1082 4483 1212 4535 theorema
1228 4483 1386 4534 thaumurata

91 4555 176 4618 (corr.
206 4552 373 4619 theoremata)
400 4553 426 4604 id
450 4564 488 4605 331
511 4561 686 4620 spectamenta
706 4554 847 4617 aliquarum
876 4554 1050 4617 quaestionum
1075 4555 1290 4607 considerationes
1311 4554 1386 4618 signa

92 4625 241 4692 signamata
260 4623 397 4675 boethema
415 4623 573 4675 boethemata
591 4623 673 4687 (corr.
693 4624 783 4674 boema
800 4621 930 4688 boemata)
948 4625 974 4673 id
990 4631 1029 4674 331
1045 4623 1171 4675 adiutoria
1186 4635 1210 4676 et
1229 4625 1278 4674 alia
1295 4625 1322 4673 F

91 4697 126 4745 ’211
147 4694 214 4744 31133
232 4693 329 4744 litterae
347 4709 414 4744 3333.
430 4694 495 4744 alias
515 4694 610 4744 litteras
627 4693 653 4742 F
666 4692 731 4742 aliae
750 4694 880 4751 11333333
949 4695 982 4744 27
999 4693 1069 4758 inde]
1089 4694 1115 4744 id
1132 4695 1158 4745 F
1207 4692 1273 4760 τρία
1284 4684 1386 4744 κάππα

91 4753 228 4830 aduecto]
251 4764 300 4812 tria
315 4777 398 4830 cappa
417 4765 514 4815 cacirca
528 4765 558 4828 F,
573 4764 702 4815 13333313
719 4777 735 4819 ς
795 4763 829 4815 29
845 4779 891 4830 per
905 4777 950 4818 331.
968 4765 994 4814 F
1058 4764 1093 4817 36
1108 4761 1242 4830 sacricola]
1260 4761 1386 4828 ecgricola
1409 4785 1413 4791 ·

91 4833 117 4883 F
170 4831 204 4885 37
230 4833 342 4884 urbicola
360 4835 407 4891 re,-
458 4834 583 4902 plebicula
604 4833 733 4884 nummida
752 4833 777 4882 F
827 4833 938 4883 ruricula
956 4835 981 4884 F
1031 4833 1065 4886 38
1084 4833 1238 4886 romoldaF
1304 4831 1339 4884 39
1359 4831 1386 4881 id

91 4903 353 4962 331-1313333
