3350 5442
299 294 363 359 336
846 292 1049 355 CONSENTll

300 481 440 559 sentius,
467 478 566 543 istum
593 477 879 562 grammaticorum
908 498 1102 541 consensum
1132 476 1208 540 inde
1235 484 1342 539 ortum
1371 498 1442 540 esse
1465 475 1589 561 putabi-

223 649 229 659 .
300 604 389 657 mus,
411 590 449 644 ut
471 579 688 644 Consentium
710 601 776 642 non
790 578 933 642 Charisii
956 588 988 643 et
1003 577 1173 642 Diomedis
1196 576 1303 658 libris,
1327 577 1386 641 sed
1408 578 1589 643 auctoribus

301 680 430 748 abillis
452 680 609 746 adhibitis
636 703 733 745 usum
762 701 834 743 esse
857 679 1015 743 dicamus.
1060 678 1198 764 quodsi
1221 689 1309 743 recte
1331 678 1503 764 ponimus,
1533 676 1590 742 illis

301 784 522 869 grammaticis
549 804 632 868 qnos
660 781 729 845 dixi
758 780 872 845 tertius
900 778 1070 845 addendus
1099 790 1149 845 est
1172 778 1402 861 Cominianns,
1425 782 1591 845 6515555-

217 914 220 918 ·
302 909 375 950 men
403 884 491 971 apud
521 884 707 948 Charisium
734 905 765 968 p.
790 883 867 963 175,
895 882 937 945 29
965 882 1187 967 praepositum
1216 890 1268 946 est
1295 883 1530 947 commentario
1556 880 1590 946 dc

302 986 587 1072 coniugationibus
615 1008 635 1049 a
662 985 839 1049 Consentio
862 1006 990 1071 qnoque
1019 1006 1061 1047 ex
1088 982 1198 1069 aliqua
1219 993 1314 1069 parte
1335 994 1478 1070 recepto.
1524 994 1592 1047 sunt

302 1100 474 1176 praeterea
506 1087 572 1151 alia
604 1087 745 1170 vestigia
776 1086 927 1171 quamvis
960 1086 1067 1150 minus
1101 1094 1205 1165 certa,
1243 1084 1361 1171 quibus
1390 1085 1434 1149 ad
1465 1086 1591 1151 cosdem

303 1200 452 1256 auctores
475 1190 634 1254 ducimur.
677 1210 754 1251 nam
775 1209 860 1273 quae
882 1188 922 1251 de
945 1187 1130 1251 differentia
1156 1186 1285 1251 activae
1313 1198 1347 1251 et
1368 1188 1523 1273 passivae
1545 1186 1592 1249 dc-

305 1292 490 1358 clinationis
514 1290 608 1357 verbi
635 1295 762 1354 tondere
787 1300 963 1375 praecepta
985 1298 1061 1352 sunt
1082 1311 1115 1374 p.
1131 1288 1217 1352 2054
1237 1289 1347 1353 Probo
1371 1290 1558 1353 tribuuntur
1576 1312 1593 1352 s

305 1394 419 1460 Servio
441 1395 476 1457 in
497 1392 598 1476 Verg.
622 1393 705 1455 Aen.
729 1390 746 1454 I
770 1390 842 1454 194.
879 1390 921 1454 ad
944 1389 1174 1455 Palaemonem
1196 1400 1306 1456 autem
1328 1390 1485 1455 videntur
1508 1412 1591 1454 revo-

306 1497 414 1560 canda
435 1517 507 1559 esse
528 1516 594 1558 non
616 1491 707 1556 nnlla
727 1514 811 1579 quae
833 1492 985 1557 similiter
1007 1493 1129 1578 scripta
1150 1501 1265 1578 extant
1291 1492 1333 1555 in*
1348 1493 1514 1577 excerptis
1536 1492 1591 1556 Be·

304 1598 474 1662 biensihus
502 1603 577 1682 post
604 1594 796 1659 Diomedem
825 1594 933 1658 editis.
979 1614 1063 1679 quae
1091 1602 1245 1680 excerpta
1273 1594 1428 1680 quoniam
1455 1596 1504 1660 ita
1525 1616 1592 1659 eum

307 1698 457 1764 Charisio
481 1696 663 1762 consentire
686 1695 856 1778 videbam,
884 1706 921 1760 ut
943 1696 1029 1759 hunc
1050 1697 1254 1781 potissimum
1278 1705 1410 1759 secutus
1432 1696 1593 1761 videretur

307 1802 335 1865 is
359 1800 415 1886 qui
437 1821 476 1864 ea
498 1798 649 1879 confecit,
672 1802 732 1861 ‘ex
748 1796 890 1862 Charisii
913 1805 982 1861 arte
1004 1797 1218 1881 grammatica
1240 1807 1412 1883 excerpta’
1437 1796 1592 1883 inscripsi,

308 1922 504 1987 quamquam
527 1900 683 1986 conplura
704 1921 747 1963 ex
768 1898 841 1963 aliis
864 1898 1010 1963 fontibus
1032 1897 1137 1985 petita
1150 1920 1223 1962 esse
1244 1920 1310 1964 non
1331 1898 1528 1965 nesciebam.
1557 1920 1594 1961 cx

309 2003 360 2068 his
387 2003 490 2084 igitur
518 2001 678 2086 quaedam
710 1999 901 2063 Palaemoni
929 2000 1042 2065 deberi
1070 1999 1159 2064 haud
1184 2000 1436 2086 inprobabiliter
1462 1999 1594 2065 coniecit

309 2104 472 2169 Christius
494 2100 611 2165 Philol.
634 2101 699 2167 vol.
721 2099 844 2164 XVIII
866 2124 897 2186 p.
924 2102 984 2166 136
1007 2124 1077 2187 sqq.
1114 2101 1312 2166 Consentius
1335 2110 1445 2166 autem
1466 2124 1499 2188 p.
1518 2100 1594 2165 2060

310 2206 351 2270 (16
373 2204 527 2290 qualitate
549 2203 726 2268 verborum
747 2201 866 2265 iisdem
887 2202 957 2266 fere
979 2202 1089 2267 verbis
1112 2202 1198 2267 dixit
1219 2212 1317 2288 atque
1339 2205 1401 2267 iste
1430 2211 1594 2289 excerptor

309 2332 341 2393 p.
364 2308 442 2388 561,
465 2304 517 2369 25.
549 2304 668 2369 deinde
695 2303 736 2368 de
764 2303 921 2389 singulari
948 2326 1084 2369 numero
1113 2328 1144 2369 v.
1173 2310 1278 2369 sordes
1308 2314 1438 2391 praeter
1459 2306 1592 2371 Consen-

310 2410 391 2473 tium
412 2430 444 2493 p.
467 2407 552 2470 2029
580 2407 721 2471 relatum
749 2414 800 2470 est
827 2406 871 2470 ib.
895 2428 928 2491 p.
950 2404 1029 2486 549,
1052 2404 1103 2469 30.
1129 2404 1169 2469 dc
1191 2405 1284 2471 varia
1305 2406 1523 2471 declinatione
1545 2428 1592 2469 no·

309 2510 407 2575 minis
431 2514 570 2573 Chremes
597 2505 711 2571 eadem
733 2506 900 2591 exempla,
924 2507 1043 2593 quibus
1066 2529 1144 2570 usus
1167 2516 1219 2571 est
1240 2506 1431 2573 Consentius
1453 2531 1486 2595 p.
1507 2506 1593 2585 2050,

313 2612 422 2698 posita
444 2619 521 2674 sunt
542 2608 640 2674 Prob.
665 2607 783 2672 cathol.
806 2631 839 2694 p.
862 2608 914 2689 24,
937 2608 979 2671 22
1001 2616 1034 2671 61
1056 2629 1126 2673 cxc.
1150 2607 1246 2673 Char.
1271 2631 1302 2695 p.
1326 2610 1401 2691 542,
1423 2610 1453 2674 2.

395 2712 523 2793 Quibus
551 2710 733 2775 rationibus
762 2710 797 2772 in
824 2731 913 2774 nova
935 2708 1078 2775 editione
1100 2732 1178 2775 usus
1201 2711 1262 2774 sim
1284 2713 1398 2797 paucis
1421 2710 1593 2798 explicabo.

310 2816 421 2900 itaque
443 2836 485 2877 cx
507 2812 612 2876 tribus
634 2808 727 2876 libris
751 2832 851 2874 manu
874 2810 1025 2897 scriptis,
1055 2833 1135 2897 quos
1159 2811 1309 2895 adhibui,
1332 2812 1441 2877 nullus
1463 2824 1529 2879 tam
1549 2834 1592 2875 ac-

311 2924 424 2980 curate
447 2936 489 2977 cx
511 2912 686 2998 archetypo
708 2933 883 2996 expressus
907 2920 975 2993 est,
1003 2921 1041 2976 ut
1066 2934 1144 2999 prae
1166 2913 1283 2979 ceteris
1306 2912 1409 2978 fidum
1432 2915 1543 2980 ducem
1564 2934 1593 2975 se

312 3015 484 3103 praeberet
510 3016 552 3091 ad
575 3024 720 3078 veterem
748 3014 943 3098 scripturam
971 3015 1246 3097 investigandam.
1291 3037 1368 3079 nam
1396 3014 1592 3081 Monacensis

312 3117 444 3203 quidem
467 3114 571 3179 codex
592 3126 630 3187 nt
650 3115 770 3180 librum
792 3113 834 3177 (15
856 3114 1070 3179 barbarismis
1101 3126 1134 3182 51
1155 3114 1380 3202 metaplasmis
1403 3116 1491 3182 solus
1514 3137 1593 3204 prae·

312 3218 397 3292 buit,
426 3218 473 3281 ita
501 3218 536 3279 in
563 3216 671 3303 priore
697 3236 826 3302 quoque
853 3215 938 3281 libro
968 3216 1127 3302 quaedam
1155 3240 1237 3303 quae
1264 3218 1298 3282 in
1320 3216 1455 3304 reliquis
1478 3218 1593 3284 duobus

312 3329 467 3404 corrupta
494 3326 571 3382 sunt
601 3317 730 3401 integra
761 3316 922 3399 servavit3
957 3317 1015 3382 sed
1049 3318 1135 3382 idem
1171 3318 1309 3385 arbitrio
1346 3320 1472 3385 librarii
1508 3339 1593 3403 saepe

312 3421 449 3486 vitiatus
472 3428 532 3483 est.
576 3419 752 3483 Beruensis
781 3426 890 3483 autem
918 3420 1022 3484 codex
1049 3420 1199 3504 quamvis
1228 3430 1377 3486 accurate
1400 3424 1536 3508 scriptus
1557 3420 1592 3483 sit

312 3531 346 3586 et
366 3520 531 3584 interdum
553 3540 664 3583 veram
691 3521 888 3605 scripturam
915 3520 1005 3584 solus
1034 3521 1205 3606 praebeat,
1235 3532 1345 3586 tamen
1373 3544 1414 3586 ne
1442 3524 1512 3608 ipse
1532 3522 1593 3607 qui-

313 3622 389 3685 dem
421 3618 670 3705 interpolatione
703 3623 834 3686 omnino
868 3630 974 3685 vacat.
1019 3622 1160 3707 deniqne
1194 3621 1366 3690 Leidensis
1394 3624 1515 3705 codex,
1546 3622 1593 3708 qui

313 3722 438 3806 origine
460 3721 503 3785 ad
524 3721 753 3786 Monacensem
775 3721 895 3787 librum
916 3722 1065 3808 proxime
1087 3723 1242 3788 accedere
1264 3725 1412 3806 videtur,
1432 3725 1593 3809 'neglegen-

313 3834 362 3889 ter
385 3825 525 3909 scriptns
554 3832 605 3888 est
633 3832 666 3886 et
688 3845 794 3909 pauca
815 3822 904 3888 solus
926 3833 1015 3888 recte
1037 3826 1160 3910 scripta
1188 3826 1344 3891 servavit.
1391 3848 1491 3911 quare
1510 3829 1542 3891 in
1561 3846 1593 3887 ea

311 3934 407 4013 parte
434 3946 517 4009 quae
544 3935 594 3988 est
622 3923 663 3987 de
689 3926 820 3988 nomine
850 3936 883 3990 et
904 3927 1023 4007 verbo,
1054 3926 1110 3990 ubi
1133 3936 1198 3991 tres
1221 3928 1329 4011 parati
1352 3938 1445 3993 erant
1466 3928 1592 4003 codices,

312 4027 363 4091 his
386 4026 472 4090 inter
499 4048 534 4089 se
561 4024 829 4091 dissentientibus
857 4048 954 4111 saepe
984 4026 1128 4091 dubitari
1156 4038 1301 4112 poterat,
1325 4031 1377 4093 cui
1400 4030 1591 4115 potissimum

312 4127 394 4191 fides
416 4124 569 4189 habenda
591 4136 686 4190 esset.
718 4126 946 4212 sedquoniam
968 4126 1159 4213 plerumque
1181 4129 1216 4190 in
1238 4128 1278 4192 iis
1301 4129 1399 4193 rebus
1422 4131 1591 4195 dissensum

311 4227 470 4293 librorum
496 4227 623 4290 versari
650 4226 821 4309 videbam,
849 4231 883 4291 in
911 4229 1029 4315 quibus
1059 4250 1123 4292 non
1150 4229 1287 4293 multum
1309 4230 1499 4314 interesset,
1523 4249 1591 4319 quae

313 4329 476 4412 scriptura
489 4327 727 4413 praeferretur,
750 4328 864 4393 inutile
880 4338 913 4393 et
934 4328 1133 4395 laboriosum
1157 4352 1228 4395 esse
1249 4332 1410 4413 iudicavi,
1433 4336 1513 4419 quid
1529 4352 1591 4418 quo·

314 4450 376 4513 que
404 4427 474 4491 loco
502 4450 522 4490 a
549 4428 690 4493 librariis
722 4441 892 4516 peccatum
919 4440 1021 4513 esset,
1056 4442 1207 4497 accurate
1234 4433 1394 4514 indicare,
1424 4435 1506 4499 satis
1534 4452 1590 4519 pro·

314 4538 462 4614 spectum
476 4531 645 4594 commodo
661 4531 839 4615 legentium
861 4539 961 4612 ratus,
979 4534 1014 4596 51
1035 4534 1070 4596 15
1092 4534 1131 4597 115
1155 4532 1246 4615 15615,
1269 4534 1436 4620 inquibus
1460 4536 1514 4600 vel
1534 4552 1590 4620 gra·

314 4630 386 4693 vior
408 4637 495 4693 esset
522 4630 683 4696 dubitatio
706 4630 759 4696 vel
787 4640 921 4718 propter
948 4654 1057 4697 rerum
1085 4635 1282 4699 traditarum
1304 4639 1503 4720 gravitatem
1526 4632 1590 4699 fides

314 4729 494 4814 scripturae
509 4732 832 4816 circumspiceretur„
845 4732 973 4816 integra
988 4732 1145 4800 librorum
1161 4734 1382 4823 discrepantia
1395 4736 1587 4803 indicaretur.
