3350 5442
295 320 356 385 184
863 320 1017 414 vovrvrn

319 431 454 484 prov-aot
470 429 491 469 t„

294 528 380 590 quem
410 509 445 571 ad
476 508 594 570 modum
623 510 654 570 lit
681 516 713 569 ut
739 511 770 570 in
799 516 945 589 potestate
975 517 1024 570 tua
1053 511 1091 571 sit
1113 510 1158 571 vel
1187 510 1269 573 illurn
1298 530 1399 573 casum
1421 512 1521 573 lacere
1544 512 1589 573 vcl

295 612 502 672 elocutionem.
548 614 587 671 ita
611 613 655 673 fit:
688 613 784 672 omnia
807 628 883 691 quae
906 612 1073 672 accusativo
1095 630 1254 691 possumus
1277 633 1344 675 cum
1367 616 1590 695 praepositione

293 716 432 794 iungere,
463 717 488 774 si
510 717 667 793 iungamus
689 713 785 775 dativo
809 716 874 774 sine
902 716 1137 794 praepositione,
1167 734 1236 775 ecce
1263 717 1305 775 sic
1333 718 1375 777 nv..
1420 734 1493 795 crgo
1515 717 1590 777 baec

294 824 338 878 est
361 817 502 893 elocutio,
527 823 723 896 quae-potest
744 817 828 894 iungi
856 817 1023 877 accusativo
1046 835 1113 877 cum
1136 820 1372 898 praepositione,
1402 820 1429 879 si
1450 819 1590 897 iungatur

294 920 389 981 dativo
417 922 481 981 sine
509 920 737 999 praepositione.
783 919 824 979 ‘it
852 916 963 979 clamor
990 921 1021 979 in
1050 918 1193 990 caelum',
1226 920 1293 980 ‘ille
1314 922 1338 981 it
1360 919 1415 980 sub
1438 924 1615 981 murum':a

293 1024 333 1082 ‘it
356 1023 467 1083 clamor
494 1024 524 1081 in
554 1020 666 1082 caelum
676 1024 695 1089 ’-,
725 1022 756 1081 in
785 1022 965 1101 praepositio
993 1028 1051 1091 est,
1076 1021 1191 1082 caelum
1214 1024 1399 1084 accusativus
1421 1030 1481 1083 est:
1521 1021 1592 1083 tolle

293 1124 363 1185 inde
386 1126 649 1204 praepositionem,
673 1130 753 1198 muta
776 1125 973 1183 accusativum
989 1142 1090 1183 casum
1112 1125 1143 1184 in
1166 1123 1309 1194 dativum,
1334 1132 1363 1185 et
1384 1125 1482 1185 iecisti
1507 1124 1592 1195 illud,

294 1229 337 1288 ‘it
365 1226 476 1287 clamor
504 1225 613 1287 caelo’.
661 1226 700 1285 ‘it
728 1224 778 1285 ille
811 1224 866 1286 sub
900 1230 1044 1300 murum',
1079 1224 1134 1286 sub
1168 1228 1347 1306 praepositio
1383 1235 1441 1298 est,
1472 1246 1592 1288 murum

295 1330 477 1389 accusativus
507 1335 562 1387 est:
591 1326 661 1389 tolle
688 1328 758 1389 inde
785 1327 854 1399 sub,
883 1335 964 1389 muta
991 1326 1076 1389 illum
1104 1346 1220 1399 casum,
1252 1330 1300 1389 lac
1322 1348 1424 1400 muro,
1449 1336 1479 1391 ct
1500 1330 1594 1390 babes

296 1431 381 1501 illud,
411 1429 559 1491 ‘subeunt
588 1432 703 1491 muro'.
749 1439 778 1490 et
808 1428 878 1491 inde
906 1432 961 1491 ista
984 1430 1081 1491 omnis
1104 1428 1233 1491 elocutio
1255 1431 1296 1492 fit.
1341 1440 1440 1493 tamen
1463 1431 1593 1511 legimus
1607 1450 1628 1489 m

296 1533 473 1614 aliquotiens
495 1531 573 1609 quod
598 1531 724 1593 elocutio
748 1540 806 1601 est,
832 1530 1008 1612 aliquotiens
1031 1531 1109 1612 quod
1132 1538 1253 1594 octavus
1276 1551 1361 1594 casus
1384 1541 1437 1595 est.

181 1648 288 1711 taqua
385 1634 468 1695 Scire
501 1632 644 1696 debemus
677 1633 756 1714 quod
789 1652 894 1695 omnes
926 1652 1011 1697 casus
1038 1635 1135 1695 varios
1162 1634 1274 1698 habent
1301 1629 1407 1697 exitus.
1452 1638 1516 1716 ipsa
1551 1644 1596 1697 est

298 1739 408 1817 optima
432 1735 606 1807 declinatio,
636 1756 712 1817 quae
740 1739 771 1797 in
795 1739 876 1797 omni
899 1755 967 1797 casu
996 1738 1092 1798 exitus
1119 1738 1211 1798 variat
1234 1736 1318 1817 [puta
1341 1740 1543 1799 nominativus
1564 1740 1594 1797 in

297 1859 332 1901 us
362 1848 394 1899 ut
427 1846 524 1907 creat,
554 1840 707 1916 genetivus
734 1841 765 1900 in
793 1841 819 1909 i,
849 1839 963 1900 dativus
989 1840 1020 1901 in
1054 1836 1095 1920 o].
1140 1840 1406 1920 quotienscumque
1440 1847 1595 1901 mutantur

297 1960 400 2003 onmes
423 1958 516 2012 casus,
539 1948 609 2001 tunc
632 1942 742 2020 optima
766 1947 811 2001 est
833 1940 1000 2011 declinatio,
1024 1951 1056 2002 ut
1078 1946 1130 2001 est'
1144 1960 1237 2001 unus:
1262 1960 1331 2003 ecce
1355 1959 1445 2012 unuS,
1470 1945 1631 2005 mutavitu

297 2044 401 2114 unius,
424 2044 545 2104 mutavit
567 2044 631 2111 uui,
656 2045 778 2103 mutavit
800 2062 905 2105 unum.
941 2053 1029 2105 arunt
1047 2045 1052 2124 Ι
1071 2041 1247 2104 inflexiones
1269 2046 1300 2103 in
1323 2041 1435 2105 ultimis
1459 2044 1595 2126 syllabis:

296 2146 362 2207 vide
391 2165 428 2207 ne
458 2144 630 2207 consideres
657 2146 775 2225 pridres
803 2144 943 2227 syllabam
974 2146 1042 2207 illae
1065 2147 1144 2207 enim
1168 2164 1227 2207 non
1250 2146 1459 2207 inflectuntur:
1490 2166 1597 2209 onrnes

297 2250 471 2310 inllexiones
492 2250 523 2308 in
547 2244 658 2307 ultimis
680 2247 799 2329 syllabis
821 2249 905 2309 fiunt.
935 2249 977 2311 ibi
992 2248 1149 2310 considera
1164 2250 1260 2309 exitus
1284 2249 1388 2309 varios.
1419 2266 1492 2327 ergo
1509 2268 1596 2319 uuus,

289 2352 420 2442 mutavit
448 2333 549 2419 tinius,
580 2352 703 2411 mutavit
729 2352 796 2420 uni,
827 2352 950 2413 mutavit
979 2370 1086 2412 unum:
1115 2368 1219 2411 omnes
1248 2369 1333 2411 casus
1362 2353 1433 2411 varii
1456 2360 1541 2422 sunt,
1567 2361 1598 2412 et

297 2454 405 2514 dicitur
432 2454 486 2513 ista
514 2452 673 2513 declinatio
700 2453 874 2534 hexaptota,
904 2451 982 2534 quod
1005 2471 1056 2513 sex
1080 2451 1169 2514 babet
1191 2470 1315 2513 casuum
1338 2453 1503 2513 varietates.
1549 2455 1595 2513 in·
1610 2478 1634 2517 ao

297 2557 456 2617 veniuntur
479 2553 655 2636 aliquotiens
677 2563 860 2635 pentaptota.
905 2562 1076 2635 pentaptota
1105 2561 1189 2624 sunt,
1213 2557 1351 2634 quotiens
1373 2556 1505 2635 quinque
1527 2564 1599 2616 sunt

297 2660 454 2719 varietates
481 2664 510 2717 et
537 2675 588 2718 ser
618 2675 713 2718 casus.
760 2665 789 2717 et
818 2678 876 2737 quo
904 2656 993 2718 modo
1020 2663 1118 2736 potest
1139 2657 1204 2717 lieri
1225 2664 1259 2716 ut
1280 2675 1332 2717 ser
1355 2674 1442 2719 casus
1464 2660 1599 2735 quinque

298 2759 427 2821 habeant
454 2760 629 2821 varietates?
665 2736 708 2840 [et
737 2758 886 2839 quomodo
914 2767 1011 2839 potest
1039 2760 1104 2820 lieri
1136 2757 1226 2841 boel]
1256 2760 1282 2819 si
1310 2760 1369 2819 sint
1396 2758 1454 2819 duo
1483 2760 1600 2820 similes

300 2880 395 2923 casus.
439 2870 507 2941 puta
532 2863 556 2921 si
579 2864 777 2922 nominativus
800 2870 828 2922 ct
851 2863 1000 2923 vocativus
1024 2880 1043 2916 v
1079 2864 1111 2922 in
1134 2880 1168 2921 us
1191 2869 1308 2921 exeunt.
1354 2880 1423 2922 ecce
1446 2880 1537 2942 quern
1561 2862 1600 2922 ad

300 2963 420 3025 modum
443 2964 475 3024 sit
496 2969 716 3043 pentaptotum,
741 2972 773 3025 ut
794 2963 865 3024 huic
887 2963 975 3024 docto
998 2971 1027 3024 et
1048 2964 1085 3024 ab
1107 2964 1165 3024 boc
1188 2964 1285 3024 docto.
1321 2964 1380 3023 iarn
1402 2963 1493 3026 babet
1514 2966 1598 3025 simi·
1611 2989 1636 3029 aa

299 3065 357 3126 lem
387 3064 516 3125 dativum
546 3074 574 3126 ct
601 3065 775 3137 ablativum,
804 3065 874 3127 huic
902 3066 989 3126 docto
1019 3074 1048 3126 ct
1076 3065 1112 3126 ab
1142 3066 1199 3126 boc
1227 3064 1329 3126 docto:
1359 3083 1427 3125 nam
1456 3074 1486 3125 et
1508 3065 1600 3127 docto

300 3167 426 3228 dicimus
455 3165 551 3227 dativo
580 3175 608 3227 ct
635 3167 723 3228 docto
752 3168 878 3228 dicimus
905 3167 1042 3229 ablativo.
1088 3168 1136 3228 bic
1165 3167 1268 3228 doctus
1296 3167 1385 3228 huius
1420 3166 1500 3227 docti
1527 3167 1600 3228 buic

300 3271 387 3332 docto
410 3269 489 3331 bunc
512 3269 632 3330 doctum
656 3278 685 3331 ct
707 3290 724 3330 o
747 3270 848 3339 docte;
873 3288 942 3330 ecce
964 3268 1056 3330 habes
1078 3277 1292 3350 pentaptotum.
1324 3276 1516 3348 tetraptotum
1542 3280 1598 3339 est,

300 3374 439 3454 quotiens
461 3380 601 3452 quattuor
623 3380 693 3433 sunt
715 3374 885 3443 varietates,
910 3391 961 3433 sex
983 3380 1082 3433 tamen
1105 3390 1198 3432 casus.
1229 3391 1317 3452 quem
1342 3371 1377 3431 ad
1401 3372 1522 3432 modum
1547 3392 1602 3433 au·

301 3484 360 3535 tem
388 3475 437 3535 iitl
474 3476 610 3554 quotiens
638 3476 835 3535 nominativus
864 3483 893 3535 et
922 3476 1084 3547 vocativus,
1114 3474 1228 3535 dativus
1257 3484 1286 3536 et
1307 3476 1461 3553 genetivus
1484 3476 1639 3537 similesoo

301 3584 383 3637 sunt:
412 3583 481 3655 puta
510 3576 557 3637 hic
586 3576 649 3639 dies
678 3585 708 3637 ct
736 3596 753 3636 o
781 3577 859 3646 dies;
888 3578 918 3637 in
943 3578 1255 3656 esexitut1·umquc;
1283 3575 1371 3637 buius
1393 3576 1453 3636 diei
1476 3585 1507 3637 et
1528 3577 1602 3638 buic

301 3679 375 3747 diei;
401 3697 470 3739 ecce
493 3679 565 3739 duas
587 3680 756 3749 varietatem
780 3679 860 3739 hunc
882 3678 961 3740 diem
983 3686 1013 3739 et
1035 3678 1072 3739 ab
1087 3679 1145 3739 boc
1160 3678 1223 3749 die,
1248 3696 1317 3739 ecce
1340 3686 1480 3755 quattuor
1501 3681 1602 3739 varie·

301 3788 385 3842 tates.
431 3782 584 3860 triptotum
612 3790 670 3851 est,
700 3784 837 3860 quotiens
864 3788 928 3842 tres
955 3788 1025 3843 suut
1051 3778 1218 3864 varietaltes
1245 3790 1275 3841 et
1296 3799 1349 3843 sex
1371 3800 1475 3851 casus,
1499 3788 1533 3841 ut
1555 3790 1603 3842 est

300 3882 458 3963 templum:
494 3883 551 3943 hoc
580 3884 736 3964 templum,
765 3885 822 3945 boc
851 3876 1011 3965 templum,
1041 3903 1058 3944 o
1088 3882 1245 3963 templum,
1275 3883 1304 3943 id
1333 3890 1377 3943 est
1398 3886 1603 3944 nominativus

301 3987 482 4047 accusativus
510 3993 539 4045 et
565 3988 714 4048 vocativus
741 4005 834 4048 uuum
863 3988 974 4047 exitum
1001 3985 1125 4056 habent;
1153 3988 1225 4046 item
1256 3986 1368 4046 dativus
1391 3991 1422 4044 ct
1443 3983 1640 4056 ablativusm

301 4088 370 4148 huic
402 4086 514 4167 templo
548 4095 577 4147 et
610 4088 646 4148 ab
680 4088 736 4149 buc
772 4087 896 4167 templo;
931 4096 960 4148 et
987 4092 1141 4167 genetivus
1169 4087 1333 4158 dissimilis,
1368 4088 1456 4148 huius
1484 4089 1602 4168 templi.

302 4190 447 4269 diptotum
477 4197 534 4261 cst,
564 4192 702 4267 quotiens
729 4197 791 4251 tres
820 4190 932 4251 similes
959 4198 1029 4252 suot
1056 4210 1142 4253 casus
1171 4199 1200 4252 et
1234 4199 1294 4251 tres
1329 4188 1493 4251 dissimiles.
1540 4190 1602 4251 hoc

304 4329 458 4337 ›-——-...-..-

371 4411 387 4461 3
402 4414 423 4462 si
440 4413 577 4479 iungamus
592 4413 645 4463 BC
652 4428 669 4462 a
687 4413 708 4462 si
727 4414 818 4479 iungas
834 4412 859 4461 A
912 4411 976 4464 haec
992 4414 1017 4465 A
1024 4414 1063 4465 Cb
1079 4413 1128 4463 hoo
1145 4413 1193 4464 Ba
1242 4412 1258 4464 6
1278 4412 1338 4463 tolle
1354 4412 1414 4463 inde
1433 4442 1467 4452 -
1485 4412 1502 4463 9
1522 4428 1602 4463 accu-

302 4484 399 4534 satione
416 4493 455 4534 est
467 4498 513 4533 om.
528 4482 562 4542 A,
578 4483 639 4533 add.
650 4499 667 4533 a
722 4486 737 4535 7
756 4485 781 4533 in
796 4484 882 4534 datiuc
894 4484 947 4535 BG
998 4486 1031 4535 12
1043 4483 1138 4534 liabent
1151 4483 1244 4533 babere
1257 4483 1341 4535 ABG
1352 4484 1445 4534 debent
1458 4483 1555 4534 habere
1568 4484 1600 4532 α’

371 4554 404 4603 24
424 4555 450 4604 in
470 4569 500 4604 ns
519 4561 613 4602 exerunt
630 4552 696 4603 Ain
713 4570 743 4604 us
764 4561 855 4603 exeant
869 4554 958 4605 aaa:
973 4562 1175 4620 pentaptotarum
1191 4556 1241 4604 dua
1253 4570 1351 4619 penora
1367 4556 1483 4619 posuisse
1497 4554 1603 4605 uidetur

302 4627 486 4688 pannariam,
504 4625 608 4674 alierum
623 4638 706 4675 earum
724 4639 826 4691 quarum
840 4626 1001 4675 nominativus
1016 4634 1041 4677 et
1050 4626 1177 4677 vocativus
1193 4624 1286 4675 amites
1304 4634 1372 4685 suut,
1390 4626 1494 4674 alterum
1514 4639 1603 4674 eorum

302 4708 404 4759 quorum
416 4695 517 4745 dativus
529 4702 556 4744 et
569 4694 700 4757 ablauium,
716 4696 784 4760 quod
794 4694 887 4745 accidit
897 4696 1035 4748 nominibus
1050 4697 1199 4747 nominativo
1210 4697 1335 4759 ungulari
1350 4698 1376 4745 iu
1389 4710 1420 4744 us
1437 4694 1602 4749 exeuntibus.

301 4768 386 4827 itaque
404 4765 517 4815 lacunam
535 4764 644 4814 indicaui
710 4764 745 4817 32
762 4766 793 4814 ab
807 4764 856 4815 lma
875 4766 1013 4818 dicABG
1077 4767 1110 4817 37
1133 4776 1156 4816 et
1171 4773 1223 4815 tres
1241 4765 1380 4817 dissimiles
1398 4764 1424 4814 B
1432 4765 1471 4816 Ga
1495 4774 1520 4814 et
1544 4773 1602 4816 tres

302 4833 441 4885 similesA
589 4837 594 4845 ’
