3350 5442
403 442 602 506 anennual
626 446 801 508 nantstna
824 448 902 509 xxa.
926 448 1008 509 xnu
1304 450 1364 515 aaa

1180 591 1186 602 .
1201 562 1303 602 ares-nr
1316 560 1339 602 ι).

70 630 163 689 nitati
187 648 245 689 non
267 630 362 691 solunt
384 641 515 711 praestat
536 642 687 703 ornatum,
710 634 762 695 sed
786 635 859 696 illud
882 654 1012 716 quoque,
1038 633 1043 717 Ι
1067 645 1099 698 ut
1121 572 1232 719 allbuid
1255 640 1364 701 habere

71 731 214 792 videatur
235 733 314 813 qnod
336 734 442 795 Graeci
465 737 529 796 iure
553 735 733 796 desiderent.

531 900 567 942 DE
581 865 739 944 abnuamus
756 900 912 943 VERBORVM

160 1004 244 1075 Quod
260 1006 366 1067 Graeci
389 1003 558 1084 διαθέσεις
579 1003 735 1088 ῥημάτων
750 999 869 1079 vocant,
893 1009 949 1069 hoo
964 1010 1061 1073 Latini
1085 1012 1233 1092 appellant
1255 1034 1364 1092 genera
1382 1030 1427 1077 173
1442 1029 1470 1077 v.

42 1105 250 1168 aver-borum:
280 1109 411 1180 allectus=
430 1111 509 1170 enirn
535 1128 643 1188 graeco
674 1114 793 1171 nornine
829 1108 983 1184 διάθεσις
1015 1102 1212 1194 nuncupatur.
1259 1117 1364 1177 Graeei

70 1210 168 1284 igitur
195 1205 364 1284 διαθέσεις
389 1212 444 1272 bae
472 1212 662 1273 distinetione
690 1212 843 1274 definiunt.
889 1232 964 1293 quae
993 1216 1024 1273 in
1052 1233 1078 1274 ω
1106 1226 1215 1279 exeunt
1238 1220 1363 1279 aetivanr

70 1312 133 1370 virn
156 1314 351 1389 significantia
380 1322 410 1373 et
432 1316 596 1391 iunguntur
618 1314 737 1375 casibus
760 1316 805 1375 vel
834 1318 965 1394 genitivo
988 1316 1032 1375 vel
1056 1317 1153 1378 dativo
1177 1318 1220 1378 vol
1244 1339 1362 1381 aecusa-

71 1413 136 1471 tivo
158 1421 188 1474 et
209 1422 330 1494 accepta
351 1435 410 1494 μαι
431 1415 541 1496 syllaba
563 1424 718 1477 transeunt
740 1419 771 1476 in
792 1420 921 1496 passiva,
945 1416 1019 1477 haee
1041 1420 1135 1479 aotlva
1158 1420 1306 1491 dixerunt,
1331 1430 1363 1483 ut

69 1506 166 1593 ἄρχω
189 1527 264 1595 σου,
287 1512 414 1577 κελεύω
437 1530 502 1597 σοι,
524 1517 609 1599 ιιμιδ
631 1531 683 1579 σεε
707 1518 781 1579 haee
803 1508 957 1598 adsurnpta
980 1539 1038 1600 μαι
1054 1524 1170 1600 passiva
1184 1524 1267 1583 tiuart.
1292 1512 1361 1584 ebn-

28 1628 56 1664 1⁰
73 1623 121 1675 tra
148 1613 319 1697 παθητικά
346 1619 486 1680 dixerunt
512 1638 588 1700 quae
614 1623 647 1681 in
674 1639 733 1700 μαι
760 1622 925 1682 desinentia
953 1623 1121 1699 significant
1143 1627 1310 1703 passionem
1333 1634 1363 1687 et

71 1736 196 1777 neeesse
225 1720 337 1781 babent
364 1723 446 1799 iungi
473 1724 603 1799 genitivo
630 1741 698 1783 eum
719 1724 940 1803 praepositione
962 1715 1032 1783 ὑπό
1053 1742 1087 1783 ao
1109 1735 1233 1804 possunt
1255 1729 1362 1789 anrissa

71 1840 135 1900 μαι
156 1821 266 1901 syllaba
290 1825 321 1883 io
344 1826 471 1884 activum
494 1825 610 1894 redire,
633 1818 782 1905 ,ἄρχομαι
804 1817 871 1885 ὑπὸ
895 1818 972 1903 σοῦ,
996 1821 1175 1905 κελεύομαι
1197 1820 1263 1889 daed
1288 1828 1362 1907 σοῦ,

72 1922 219 2003 τιμῶμαι
241 1917 308 1985 aad
331 1920 404 1986 σοῦ.
435 1929 484 1987 oui
506 1944 541 1986 ex
564 1946 653 2006 supra
677 1928 798 2006 seriptis
820 1926 1043 1988 delinitionibus
1064 1946 1121 1988 una
1145 1928 1284 1999 deluerit,
1308 1950 1362 1991 areo

73 2021 293 2105 ἐνεργητικόν
319 2046 375 2087 nee
403 2024 593 2108 obtimendo
620 2029 744 2099 dicitur,
772 2028 825 2088 sed
854 2030 880 2088 si
909 2030 939 2088 ln
968 2047 994 2087 ω
1017 2031 1091 2094 exit,
1116 2023 1295 2111 οὐδέτερον
1319 2032 1363 2092 vel

31 2140 58 2178 15
72 2120 329 2209 ἀπολελυμένον
358 2139 491 2200 vocatur,
522 2139 554 2191 ut
581 2139 626 2191 est
652 2130 694 2207 ζῶ
724 2128 860 2191 πλουτεῖ
886 2122 1026 2209 ὑπάρχω
1060 2126 1212 2208 ἑορτάζω.
1257 2136 1288 2193 in
1317 2135 1363 2197 bis

72 2232 209 2290 invenies
236 2230 333 2312 aliqua
362 2242 463 2311 aperte
491 2241 520 2293 et
547 2232 678 2294 absoluto
706 2239 821 2301 aetum,
851 2231 948 2311 aliqua
977 2232 1163 2309 designantia
1185 2236 1362 2315 passionem.

73 2352 144 2393 nam
166 2326 269 2412 τρέχω
291 2327 417 2413 dorosa
431 2327 604 2414 περιπατῶ
617 2335 653 2395 δι
669 2344 774 2411 agente
790 2334 940 2403 dieantur,
964 2333 1056 2394 νοσοῖ
1072 2342 1169 2395 autern
1186 2343 1215 2397 et
1231 2330 1363 2417 ὀφθαλ-

72 2433 142 2513 μιώ
169 2436 231 2495 sine
259 2435 350 2496 dnbio
376 2439 547 2516 passionem
575 2443 689 2497 sonant.
735 2438 787 2497 sed
814 2454 911 2515 neque
934 2437 1028 2495 activa
1051 2436 1099 2497 illa
1123 2436 1270 2509 dieantur,
1294 2442 1363 2519 quia

74 2544 106 2595 et
129 2536 202 2597 nulli
225 2537 261 2597 de
284 2556 372 2617 supra
390 2540 477 2599 dictis
492 2538 611 2600 casibus
633 2540 715 2616 iungi
732 2545 858 2618 possunt
879 2556 933 2598 noe
956 2557 1015 2617 μαι
1038 2540 1202 2617 recipiunt:
1227 2560 1293 2602 nana
1309 2560 1363 2601 neo

33 2649 60 2688 ²0
74 2634 181 2718 τρέχω
204 2651 242 2700 σε
264 2658 319 2701 neo
341 2632 468 2719 ἀοισιοό
489 2654 527 2701 σε
549 2660 604 2700 nee
625 2639 799 2719 περιπατῶ
819 2652 857 2701 σε
885 2639 1010 2708 dieitur,
1038 2657 1094 2699 nee
1115 2649 1213 2719 potest
1235 2638 1363 2703 transire

74 2742 106 2799 ln
130 2736 287 2822 τρέχομαι
313 2733 381 2803 ὑπὸ
408 2743 488 2821 σοῦ,
517 2737 702 2823 ἀρισιοῐμαι
729 2734 797 2803 ὑπὸ
826 2739 907 2820 σοῦ,
930 2740 1177 2821 περιπατοῦμαι
1198 2735 1265 2804 ond
1289 2743 1363 2805 σοῦ.
1456 2768 1457 2771 ’

75 2843 128 2902 sed
150 2862 207 2903 nee
228 2843 320 2905 νοσῶ
347 2852 377 2905 et
403 2836 601 2925 δφθαλμιοί,
628 2845 763 2924 quamvis
790 2843 880 2905 verba
903 2846 963 2904 sint
985 2844 1146 2922 passionis,
1171 2844 1230 2905 diei
1252 2848 1363 2926 παθη-

75 2940 152 3005 τικά
174 2950 411 3026 possunt,.qnia
434 2965 488 3007 neo
511 2949 541 3007 in
563 2966 623 3025 μαι
644 2946 799 3015 desinunt,
828 2964 883 3006 neo
906 2947 1063 3025 quisquam
1091 2947 1276 3023 significatur
1298 2967 1364 3027 pas-

75 3049 169 3108 sionis
192 3057 308 3118 auctor,
332 3068 387 3109 nec
411 3047 601 3127 subiungitur
623 3046 683 3108 illis
704 3040 772 3109 ὑπὸ
794 3046 874 3126 σοῦ,
903 3048 981 3127 quod
1004 3050 1158 3127 proprium
1181 3051 1365 3127 possiverunt

33 3159 60 3196 ²5
75 3157 129 3210 ost.
167 3169 235 3211 nam
258 3159 287 3210 et
309 3153 340 3211 in
363 3153 459 3211 activo
482 3159 511 3211 et
528 3152 560 3211 in
582 3152 698 3230 passivo
720 3150 832 3211 debent
854 3150 1045 3209 onininrodo
1067 3148 1157 3218 duae,
1187 3158 1217 3210 et
1239 3150 1364 3211 adrnini-

75 3255 198 3313 strantis
213 3260 245 3312 et
259 3255 449 3321 sustinentis,
472 3251 595 3313 subesse
618 3271 771 3333 personae.
802 3252 877 3312 haee
892 3253 993 3329 igitur,
1010 3254 1080 3332 quia
1097 3260 1221 3332 utroque
1244 3255 1364 3313 nomine

75 3366 193 3424 carent,
217 3354 294 3433 apud
316 3353 383 3415 illos
405 3346 566 3433 οὐδέτερα
587 3356 633 3415 vel
655 3350 889 3433 ἀπολελυμένα
912 3354 1060 3423 dicuntur,
1085 3356 1162 3414 siout
1184 3354 1262 3433 apud
1284 3354 1365 3416 Lati·

76 3476 129 3516 nos
152 3457 218 3517 volo
241 3458 305 3516 vivo
328 3456 419 3517 valeo.
464 3456 516 3518 sed
539 3459 616 3517 siout
638 3456 736 3536 aliqua
756 3456 833 3535 apud
858 3455 986 3515 Graecos
1007 3458 1040 3516 in
1063 3475 1089 3515 οι
1113 3457 1250 3515 exerentia
1274 3456 1365 3532 signi·

75 3562 167 3618 licant
187 3561 364 3637 passionem,
388 3561 429 3618 ita
451 3556 543 3619 nndta
565 3561 700 3638 reperies
717 3556 720 3637 l
737 3561 769 3618 in
789 3578 848 3637 μαι
864 3558 1031 3631 desinentia
1054 3566 1083 3619 et
1106 3558 1228 3619 activam
1253 3564 1364 3617 tanturn

35 3659 216 3720 30babentia
244 3662 504 3738 significationem,
533 3668 565 3721 ut
592 3655 740 3740 κήδομαί
762 3672 846 3737 σου,
876 3655 1036 3739 φείδομαί
1061 3674 1141 3737 σου,
1170 3652 1369 3739 έπιμέλομαί

76 3777 153 3840 σου,
176 3758 358 3842 λιιιιοὶζομαί
376 3775 441 3840 σοι,
463 3756 611 3843 μαχομαί
630 3774 695 3840 σοι,
719 3758 917 3841 διαλέγομαί
936 3773 1001 3840 σοι,
1024 3756 1199 3840 δωροῦμαί
1219 3774 1283 3839 σοι,
1307 3779 1366 3840 χα-

77 3863 208 3943 ρίζομαί
234 3878 306 3943 σοι,
336 3856 479 3945 εὔχομαί
502 3876 572 3942 σοι,
602 3856 730 3943 ἄγαμαί
748 3876 802 3943 σε,
831 3858 1076 3941 περιβλέπομαί
1103 3874 1152 3921 σε.
1197 3872 1267 3922 sunt
1289 3862 1366 3941 apud

76 3967 207 4027 Graecos
229 3968 412 4036 eommunia,
440 3986 515 4047 quae
539 3965 576 4027 ab
598 3966 659 4028 illis
679 3959 764 4045 μέσα
786 3972 944 4034 vocantur,
972 3984 1064 4045 quae,
1088 3964 1159 4024 duni
1181 3965 1213 4024 ln
1235 3984 1294 4044 μαι
1317 3964 1367 4025 de·

76 4072 191 4137 sinant,
220 4076 251 4128 et
272 4076 370 4129 aetum
397 4075 427 4128 et
456 4071 622 4147 passionem
645 4087 703 4129 una
725 4068 888 4147 eademque
917 4068 1012 4127 lornaa
1040 4066 1213 4145 designant,
1237 4074 1270 4126 ut
1291 4062 1368 4144 βιά-

37 4178 62 4218 3ῦ
75 4168 175 4249 ζομαί
195 4181 232 4229 σε
254 4166 310 4229 καλ
331 4165 484 4250 βιάζομαι
506 4162 573 4232 διεδ
596 4170 671 4249 σοῦ,
693 4163 981 4251 ἅνδραποδιζομαί
1000 4181 1038 4230 σε
1054 4164 1110 4233 καὶ
1125 4156 1367 4247 ἀνδραποδίζο-

75 4292 136 4352 μαι
158 4263 226 4332 ὑπὸ
247 4270 320 4331 σοῦ.
366 4273 426 4334 sola
454 4291 571 4352 quoque
594 4274 708 4352 passiva
730 4273 786 4333 boo
809 4274 943 4341 nomine,
973 4271 1004 4331 id
1026 4278 1072 4331 ost
1093 4266 1192 4350 μέσα,
1215 4277 1366 4338 vocantur,

77 4384 109 4435 ut
131 4366 320 4453 ήλειψοίμην
346 4367 481 4455 ἡσαμην
509 4370 711 4454 έλουσαμην.
757 4374 831 4434 haee
854 4375 933 4434 enirn
957 4372 1026 4432 lieet
1048 4371 1106 4452 τῆς
1127 4366 1230 4452 μέσης
1251 4366 1367 4431 διαθέ-

76 4475 301 4547 erogabant,
325 4475 398 4536 nihil
424 4484 520 4537 tarnen
536 4476 616 4537 aliud
632 4478 800 4563 significant
822 4477 881 4535 nisi
896 4470 1018 4547 naboe:
1042 4492 1109 4533 narn
1132 4473 1187 4532 hoo
1211 4480 1256 4531 est
1276 4464 1369 4550 ἠλει-

145 4732 242 4793 aqood
255 4730 345 4780 Graeei
356 4748 414 4782 eae.
428 4731 493 4784 Bod.
509 4746 574 4794 qnae
585 4732 670 4796 graeei
683 4732 709 4780 P
774 4728 938 4788 4διαδεσιι
951 4730 975 4778 Ρ
992 4718 1157 4792 διάδεσινρ
1221 4724 1369 4789 9σοι]σοο

78 4801 102 4848 Ρ
170 4801 202 4849 16
219 4799 378 4863 designantia
391 4800 471 4849 Ianos
482 4800 618 4863 designant
627 4801 655 4849 P
665 4801 829 4864 designorep
897 4800 930 4848 29
948 4798 1098 4859 desinentia,
1117 4810 1182 4860 qnae
1194 4795 1297 4845 ossibus
1310 4796 1368 4844 iun-

77 4879 173 4928 guntur
185 4878 210 4915 ot
222 4870 331 4917 aetiuom
345 4882 440 4917 tantrnn
454 4868 548 4917 habent
560 4868 768 4929 significationem
781 4868 889 4918 coniecit
901 4864 1049 4931 Opoopoeos
1112 4867 1145 4915 30
1157 4864 1276 4914 babentia
1288 4863 1370 4913 Ιαααι

78 4935 210 4985 lrabentP
276 4938 307 4985 31
327 4936 486 5001 ιιιιιαζομαι
502 4950 554 4986 σου
571 4937 596 4985 Ρ
663 4934 834 5001 διαλέγομαι
852 4948 904 4987 σοι
921 4935 947 4983 Ρ
1014 4929 1176 4999 χαρίζομαι]
1196 4932 1391 4997 ιιαοζομαιΡχ
