3350 5442
315 346 377 412 556
840 347 978 410 retent
1001 345 1087 407 Bou.

342 456 499 510 amau

467 554 532 596 nec
555 553 638 614 spes
661 534 860 595 libertatis
882 543 964 594 erat
986 551 1053 593 nec
1076 551 1165 593 cura
1187 531 1327 612 peculi,

315 640 387 698 item

465 739 702 816 Parthenope
726 738 870 798 studiis
892 736 1097 798 florentem
1120 735 1306 814 ignobilis
1334 737 1405 804 oti,

314 848 345 901 et
366 838 438 901 alibi

465 943 525 1002 bic
549 948 667 1002 tamen
691 938 757 1000 ille
780 940 907 1001 urbem
931 941 1055 1002 Patavi
1080 915 1263 1018 sedesque
1287 939 1429 998 locavit

315 1062 370 1123 pro
392 1044 508 1103 Horatii
531 1046 643 1121 tugurii
667 1042 775 1122 peculii
800 1045 854 1103 otii
876 1042 1000 1103 Patavii.

397 1145 438 1205 lle
462 1147 595 1205 vocativo
618 1144 772 1221 singulari.
817 1163 872 1223 per
899 1163 1001 1204 omnes
1025 1145 1240 1205 declinationes
1262 1146 1292 1203 in
1314 1139 1416 1203 latinis
1439 1141 1612 1218 nominibus

314 1246 393 1306 idem
417 1248 477 1305 crit
499 1249 648 1307 vocativus
670 1249 720 1326 qui
744 1255 773 1306 et
796 1247 1011 1316 nominativus,
1034 1254 1155 1325 praeter
1177 1263 1299 1322 graeca,
1324 1262 1401 1323 quae
1424 1253 1455 1303 et
1477 1246 1540 1303 suis
1561 1261 1610 1303 re·

312 1347 390 1425 gulis
412 1350 546 1408 serviunt
568 1357 597 1408 et
619 1347 736 1417 latinia,
761 1355 790 1407 ct
812 1354 933 1426 praeter
948 1366 983 1409 ea
998 1367 1074 1427 quae
1097 1357 1127 1407 et
1149 1346 1295 1407 secundae
1311 1344 1520 1405 declinationis
1540 1355 1611 1404 sunt

313 1457 342 1509 et
364 1470 399 1511 us
422 1451 628 1510 terminantur.
653 1468 686 1510 ea
703 1453 781 1508 enim
797 1450 885 1509 modo
908 1467 939 1519 e,
963 1450 1049 1510 modo
1067 1453 1078 1509 i
1094 1451 1260 1509 vocativum
1282 1448 1482 1508 determinant
1504 1465 1608 1506 sttttttt:
1624 1470 1637 1500 t·

311 1559 382 1610 tunc
405 1554 431 1620 i,
464 1569 532 1611 cum
560 1572 595 1612 us
624 1570 698 1630 pura
726 1551 819 1610 luerit
846 1551 1039 1611 antecedente
1070 1553 1079 1611 i
1107 1552 1207 1612 littera
1235 1557 1266 1609 et
1292 1551 1416 1628 propria
1443 1550 1518 1614 sint,
1547 1567 1609 1607 nou

312 1652 503 1731 appellativa;
526 1652 622 1714 ablata
645 1655 725 1713 enim
747 1652 851 1712 eadem
874 1671 910 1712 us
931 1651 1043 1731 syllaba
1066 1653 1178 1712 iaciunt
1200 1653 1379 1721 vocativum,
1404 1658 1437 1711 ut
1458 1649 1609 1728 Vergilius

311 1773 328 1812 o
350 1753 476 1830 Vergili,
501 1753 662 1814 Terentius
685 1773 702 1812 o
724 1753 863 1815 Terenti:
889 1764 959 1814 tunc
981 1774 1014 1823 e,
1038 1772 1105 1814 cum
1124 1773 1160 1814 ex
1182 1754 1230 1814 bis
1253 1753 1350 1813 tribus
1370 1753 1418 1813 vel
1440 1771 1532 1812 unum
1555 1752 1608 1810 de·

310 1856 413 1925 luerit,
448 1863 498 1917 aut
531 1874 604 1935 pura
638 1875 688 1926 us,
724 1864 774 1916 aut
802 1859 811 1916 i
841 1856 1034 1924 antecedens,
1065 1862 1115 1915 aut
1143 1857 1207 1935 ipsa
1234 1857 1412 1935 proprietas.
1457 1856 1609 1932 excipitur

310 1974 400 2016 unum
427 1957 520 2017 tilius:
549 1957 605 2017 boc
634 1958 727 2027 enim,
755 1961 891 2037 quamvis
918 1977 978 2018 non
1006 1959 1045 2017 sit
1071 1960 1241 2036 proprium,
1270 1965 1368 2018 tamen
1392 1957 1514 2033 regulae
1535 1973 1646 2034 pro-15·

310 2061 445 2136 priorum
468 2060 597 2137 inrepsit
619 2066 648 2118 et
671 2061 837 2120 vocativum
860 2078 946 2119 suum
969 2060 1079 2120 lecito
1101 2058 1157 2128 uti,
1181 2060 1259 2118 sicut
1280 2057 1371 2120 lulius
1392 2077 1410 2117 o
1432 2058 1499 2118 luli.

392 2158 435 2219 De
464 2162 596 2236 genitivo
624 2168 655 2220 et
677 2160 774 2222 dativo
798 2161 972 2240 pluralibus.
1017 2163 1113 2240 prima
1136 2160 1295 2220 declinatio
1318 2169 1348 2220 et
1370 2160 1500 2221 secunda
1521 2162 1607 2236 geni-

309 2264 401 2322 tivum
424 2261 568 2341 pluralem
590 2263 703 2323 iaciunt
726 2262 826 2323 addita
849 2282 915 2324 rum
938 2261 1051 2342 syllaba
1074 2261 1307 2322 ablativocasui
1329 2262 1490 2340 singulari,
1513 2269 1547 2321 ut
1569 2260 1607 2320 ab

309 2364 364 2424 boc
391 2373 477 2442 poeta
505 2363 612 2424 horum
641 2374 812 2444 poetarum,
843 2364 881 2425 ab
910 2365 965 2424 boc
988 2363 1074 2424 docto
1096 2364 1202 2424 borum
1225 2363 1390 2424 doctorum.
1434 2364 1483 2424 bic
1505 2372 1608 2422 umen

308 2464 486 2544 aliquotiens
508 2473 629 2526 ornatus
651 2469 745 2543 gratia
769 2465 814 2525 vel
836 2469 926 2525 metri
941 2469 1118 2527 necessitate
1143 2465 1187 2526 vel
1210 2465 1426 2526 consuetudine
1448 2467 1610 2525 vetustatis
1626 2495 1650 2520 .-·

310 2583 362 2645 per
384 2563 559 2646 συγκοπήν
581 2568 799 2646 pronuntiatur.
846 2569 877 2628 in
906 2570 1001 2648 prima
1030 2567 1151 2647 quidem
1179 2552 1377 2628 declinatione
1405 2569 1437 2626 in
1459 2567 1507 2627 bis
1528 2585 1609 2646 quae

308 2671 469 2747 coraposita
497 2678 580 2738 sunt,
609 2677 641 2729 ut
672 2669 878 2729 caelicolarnm
912 2669 1101 2739 caelicolum,
1136 2670 1363 2746 omnigenarum
1398 2670 1611 2746 omnigenum:

308 2770 456 2848 Vergilius
573 2775 575 2782 ’
1173 2759 1178 2765 ’

985 2891 1193 2953 superoque
1215 2873 1401 2933 nitentem

458 2974 680 3035 caelicolum
704 2979 786 3052 regi
809 2974 1013 3035 mactabam
1036 2977 1071 3035 in
1094 2974 1212 3062 litore
1235 2976 1398 3044 taurum,

307 3075 387 3136 idem

458 3179 774 3256 omnigenumque
798 3178 903 3238 deum
926 3186 1092 3239 monstra
1115 3186 1150 3237 ct
1173 3178 1335 3238 latrator
1357 3175 1511 3238 Anubis.

307 3280 436 3339 amlorao
466 3281 554 3338 ctiam
584 3297 642 3338 non
672 3281 867 3350 amlorarum,
896 3280 949 3340 sed
972 3279 1132 3341 emiorum:
1163 3281 1203 3339 ita
1226 3281 1305 3338 enim
1328 3296 1448 3358 sempor
1470 3297 1537 3337 esse
1565 3280 1613 3339 di·

307 3381 514 3440 cemlumiam
538 3381 607 3439 inde
636 3383 800 3459 antiquitus
827 3380 966 3441 obtinuit.
1009 3383 1042 3441 in
1070 3381 1200 3441 secunda
1222 3398 1292 3440 vero
1315 3381 1515 3440 declinatione
1542 3388 1614 3477 ¹2¹¹·

307 3491 459 3543 tunicum
487 3484 546 3542 sint
574 3485 694 3558 generis
723 3481 895 3552 masculini,
927 3491 959 3542 ut
980 3485 1111 3543 virorum
1133 3485 1244 3543 virum:
1269 3485 1385 3543 ‘arma
1408 3486 1528 3542 virum
1556 3490 1614 3542 ta·
1630 3507 1645 3536 22.

307 3582 524 3662 bulaeque':
548 3584 713 3643 modiorum
735 3585 881 3653 alodium,
905 3587 983 3644 sicut
997 3583 1113 3644 Tullius
1128 3583 1254 3664 ubique,
1271 3587 1477 3645 sestertiorum
1493 3593 1613 3644 sester-

306 3688 390 3746 tium.
435 3704 502 3745 nam
535 3704 631 3764 neque
665 3682 812 3768 lemilnini
846 3689 967 3763 generis
995 3704 1091 3765 nequo
1125 3687 1224 3745 neutri
1253 3689 1372 3746 nomina
1404 3683 1516 3764 placuit
1554 3686 1614 3744 boe

307 3787 393 3847 modo
421 3788 571 3846 enuntiari
599 3805 654 3866 per
683 3790 849 3864 genitivum
877 3787 1038 3867 pluralem,
1068 3806 1103 3846 ac
1130 3790 1258 3847 maxime
1286 3794 1407 3856 neutra,
1437 3805 1474 3846 nc
1501 3794 1535 3845 et
1561 3789 1612 3847 ltir

308 3891 392 3948 lieret
413 3884 645 3967 συνέμπτωσις
667 3890 841 3950 nominativi
865 3890 1035 3967 singularis,
1059 3898 1089 3949 et
1111 3897 1211 3949 essent
1232 3889 1290 3949 iam
1312 3907 1372 3948 non
1394 3889 1530 3966 triptota,
1558 3891 1613 3948 scd

308 3997 481 4068 tetraptota,
510 3997 544 4048 ut
571 3997 641 4068 puta
670 4009 724 4069 pro
754 3991 931 4069 templorum
953 3990 1112 4069 templum,
1136 3990 1214 4069 quod
1237 3998 1283 4050 est
1305 3991 1480 4049 nominativi
1502 3998 1537 4048 ot
1562 4010 1612 4050 ac·
1626 4017 1645 4049 2:-

307 4093 431 4152 cusativi
454 4099 483 4149 et
505 4093 640 4150 vocativi.
685 4095 757 4152 item
779 4095 936 4172 utriusque
965 4107 1055 4172 supra
1078 4093 1175 4152 dictae
1203 4091 1412 4152 declinationis
1435 4090 1559 4151 dativus
1583 4103 1612 4152 et

307 4194 452 4254 ablativus
480 4191 603 4272 pluralis
626 4195 652 4252 is
675 4193 786 4272 syllaba
808 4197 1003 4263 terminatur,
1034 4196 1168 4273 exceptis
1190 4211 1265 4272 quae
1289 4193 1492 4269 ambiguitatis
1514 4211 1613 4254 causa

306 4293 519 4354 discernendae
547 4303 649 4354 contra
680 4297 828 4356 rationem
851 4304 972 4377 recepta
995 4304 1077 4364 sunt,
1107 4293 1224 4355 filiabus
1247 4294 1359 4356 deabus
1381 4293 1517 4373 equabus
1542 4315 1612 4356 mtr-

307 4397 405 4465 labuS,
434 4399 507 4456 item
535 4395 678 4456 ambabus
706 4397 836 4468 duabus,
872 4399 960 4458 domo
994 4397 1148 4459 domorum
1177 4397 1322 4457 domibus.
1367 4396 1459 4475 idque
1488 4401 1611 4478 antiqui

378 4618 390 4667 1
412 4614 466 4682 nec]
493 4619 574 4681 Verp.
594 4618 674 4666 bercol.
697 4620 720 4676 l,
741 4617 775 4667 33
846 4617 1050 4682 3Partbenope]
1074 4620 1151 4682 Verp.
1167 4633 1254 4682 peoqq.
1271 4617 1312 4664 llll
1333 4617 1385 4666 564
1456 4615 1502 4682 oti]
1529 4620 1570 4666 uti
1589 4621 1614 4669 B

375 4688 391 4732 ἴ»
410 4686 462 4750 bic]
484 4689 562 4752 Verp.
583 4689 645 4736 Aen.
664 4691 669 4734 l
691 4687 740 4737 247
813 4687 1040 4737 uticonsnttoume
1061 4690 1084 4736 lt
1116 4693 1121 4700 ’
1155 4691 1187 4735 'll
1206 4685 1360 4751 superoque]
1385 4686 1559 4750 Verqun.
1580 4692 1613 4739 lll

307 4755 339 4802 ¹20
392 4757 591 4806 ·.);'›‹·.·relicnlmn
610 4757 635 4804 l?
687 4756 1298 4822 utonmtgmumqoe]Ver9.Aen,v111698
1361 4752 1497 4822 {marma}
1526 4759 1613 4825 Very.

213 4859 217 4868 .
307 4823 465 4874 Aemillll
535 4828 753 4875 :llerennrtocre
774 4827 798 4874 lt
