3350 5442
333 351 395 415 488
880 351 1063 415 uvttcffls

374 488 380 500 .
394 462 431 500 rsa
445 458 466 500 1.
1587 493 1594 502 .

333 473 391 600 rilo
412 538 561 618 perlecto,
588 539 667 618 quod
696 546 741 598 est
770 535 888 618 [sedeo]
912 538 976 598 sedi
998 538 1141 618 producta
1163 539 1358 619 paenultima,
1381 473 1496 600 nomell
1510 461 1616 600 lleneibse

332 641 405 702 haec
433 640 519 701 sedes
547 641 650 700 eadem
679 640 761 701 verbi
783 640 968 718 longitndine
991 643 1080 702 etiam
1102 643 1133 702 iu
1156 644 1275 702 nomine
1298 648 1423 702 servata.
1468 650 1502 702 ut
1525 640 1616 702 abeo

332 743 410 822 quod
438 750 482 802 est
510 760 614 822 rumpo
641 743 709 822 rupi
738 760 843 821 rupes,
872 748 973 802 sterno
1001 744 1092 803 stravi
1120 749 1249 821 strages,
1278 743 1322 802 sie
1350 745 1511 804 anomine
1535 744 1615 804 sedes

332 845 496 906 derivatum
524 843 647 906 verbum
675 844 823 922 generalis
852 842 954 921 regula
988 845 1141 904 nominum
1167 845 1233 904 iure
1266 845 1380 924 primae
1412 847 1614 923 coniugationi

332 946 449 1008 dedisse
478 945 637 1007 verborum
664 946 797 1015 videtur,
827 945 898 1005 sedo
925 944 1021 1006 sedas.
1065 963 1081 1005 a
1111 947 1230 1006 nomine
1257 964 1374 1026 quoque
1400 946 1512 1027 plurali
1541 948 1632 1026 quoda

332 1056 377 1108 εει
405 1049 460 1110 hae
489 1047 592 1109 sordes
621 1049 727 1108 sordeo
755 1045 860 1108 sordes
887 1045 1034 1108 secundae
1062 1048 1278 1124 coniugationis
1300 1046 1423 1108 verbum
1445 1046 1613 1111 deductum.

331 1169 398 1210 curn
420 1151 541 1210 lecisset
568 1168 604 1210 ex
632 1168 664 1210 se
687 1168 794 1210 nomeu
817 1146 926 1210 mobile
948 1148 1101 1218 sordidus,
1131 1148 1168 1209 ab
1190 1167 1226 1208 eo
1248 1148 1369 1209 verbum
1392 1149 1536 1210 derivans
1557 1169 1613 1210 sor·

332 1251 400 1313 dido
424 1251 559 1312 sordidas
585 1254 692 1313 merito
714 1253 829 1332 primae
860 1249 942 1310 dedit
963 1248 1035 1310 illud
1058 1248 1217 1311 verborum
1238 1252 1450 1328 coniugationi.
1495 1252 1537 1312 de
1558 1272 1613 1313 mo

331 1352 482 1434 nosyllabo
509 1360 607 1415 autem
636 1353 741 1423 verbo,
770 1350 847 1433 quod
876 1359 920 1412 est
946 1353 1062 1430 primae
1091 1359 1211 1430 praeter
1232 1351 1364 1429 regulam
1385 1354 1612 1430 coniugationis

331 1457 368 1517 do
395 1457 448 1518 das
476 1456 539 1525 dat,
574 1463 605 1515 et
631 1452 897 1534 compositionibus
927 1455 993 1513 eius
1025 1452 1243 1514 rationabiliter
1276 1471 1335 1515 nou
1363 1454 1639 1534 respondentibus

332 1560 484 1638 primitivo
505 1559 536 1616 in
560 1575 651 1636 supra
673 1558 761 1617 dictis
784 1555 900 1617 abunde
923 1573 992 1614 reor
1014 1573 1079 1615 esse
1101 1562 1307 1616 monstratum.

417 1659 536 1740 [Omnia
559 1658 735 1739 deponentia
757 1657 803 1718 vel
825 1658 992 1716 communia
1018 1664 1198 1718 consonante
1226 1656 1420 1718 antecedente
1443 1677 1480 1719 or
1500 1661 1613 1738 primae

330 1769 400 1823 sunt
427 1749 660 1837 coniugationls,
690 1767 722 1822 ut
749 1761 886 1838 suspicor
913 1758 1042 1837 praedor
1069 1759 1193 1837 indagor
1214 1759 1298 1839 palor
1319 1761 1412 1820 rimor
1434 1764 1546 1840 opinor
1568 1781 1612 1822 an·

330 1883 423 1945 eupor
451 1881 545 1944 aquor
573 1880 673 1922 moror
700 1861 840 1923 adversor
867 1867 984 1922 scrutor
1011 1863 1149 1921 convivor
1177 1860 1341 1940 amplexor,
1376 1864 1511 1942 exceptis
1540 1863 1613 1923 llllll

330 1968 436 2027 tertiae
459 1959 689 2042 coniugationis,
719 1962 802 2024 labor
828 1964 937 2041 fungor
964 1980 1073 2042 sequor
1100 1962 1198 2042 liquor
1223 1963 1328 2042 loquor
1356 1981 1469 2042 queror
1498 1974 1639 2026 evertorn

328 2075 396 2128 utor
423 2069 515 2136 nitor,
547 2073 576 2126 et
604 2066 664 2126 illis
691 2067 822 2145 exceptis
853 2083 928 2144 quae
957 2071 1024 2124 ante
1051 2081 1103 2123 cor
1132 2083 1164 2124 as
1191 2063 1236 2124 vel
1258 2083 1291 2125 es
1312 2065 1356 2126 vel
1383 2067 1411 2126 ia
1433 2065 1563 2132 liabent.
1584 2075 1612 2126 ut

330 2171 442 2231 irascor
469 2185 575 2229 nascor
603 2186 705 2228 vescor
732 2169 867 2247 paciscor
897 2168 1081 2234 nanciscor,
1097 2172 1126 2225 et
1147 2166 1292 2246 quidquid
1314 2167 1411 2227 simile
1433 2170 1611 2232 inveniatur.

329 2290 404 2352 quae
426 2274 492 2332 iure
515 2272 621 2331 tertiae
644 2277 727 2339 sunt,
750 2271 819 2348 qnia
843 2268 916 2328 baec
937 2268 1047 2336 forma,
1071 2268 1101 2328 id
1123 2270 1222 2328 estin
1243 2287 1294 2329 sco
1316 2269 1472 2338 desinens,
1496 2274 1611 2330 tertiam

330 2375 567 2451 coniugationem
589 2371 719 2432 vindicat
741 2367 825 2449 sibi]

877 2657 1058 2720 CAPl'l'VLA
1619 2665 1638 2700 ⁹

433 2781 445 2843 l
475 2782 516 2843 De
540 2778 799 2858 coniugationibus
814 2779 996 2842 Graecorum
1012 2785 1042 2838 et
1056 2777 1253 2838 dissimilibus
1274 2797 1309 2838 ac
1330 2777 1482 2841 similibus
1503 2779 1611 2858 regulis

483 2902 585 2944 eorum
608 2881 835 2943 arietinorum
857 2889 887 2940 et
910 2882 1079 2957 cognitione
1101 2881 1344 2957 coniugationum
1366 2898 1403 2940 ex
1425 2883 1525 2960 prima
1546 2900 1610 2962 per·

480 3004 551 3046 sona
574 2991 604 3044 et
625 2983 768 3046 anomalis
790 2982 891 3044 verbis
908 2979 981 3052 447,
1008 2979 1045 3042 l‘l

420 3086 447 3146 ll
476 3086 517 3147 De
546 3094 684 3167 quattuor
713 3086 815 3146 lormis
843 3083 1002 3145 verborum
1034 3092 1064 3143 et
1090 3082 1126 3143 de
1155 3082 1254 3144 verbis
1280 3101 1396 3164 quase
1423 3085 1470 3145 vel
1492 3105 1513 3146 u
1534 3087 1608 3146 veli

480 3188 527 3249 vel
549 3197 760 3250 consonantem
782 3193 849 3247 ante
872 3204 889 3246 o
912 3186 958 3246 vel
979 3203 1014 3246 or
1035 3185 1146 3246 babent
1166 3181 1240 3255 448,
1261 3181 1305 3246 24

410 3291 450 3352 lll
479 3291 521 3352 De
549 3288 739 3369 generalibus
768 3287 1030 3349 terminationibus
1051 3289 1203 3349 nominum
1224 3286 1456 3350 derivativorum
1477 3307 1493 3348 a
1517 3291 1607 3370 prima

479 3411 606 3473 persona
627 3393 794 3472 praesentis
817 3393 960 3469 temporis
982 3389 1141 3450 verbormu
1161 3385 1234 3460 451,
1255 3385 1297 3450 31

394 3495 448 3556 llll
477 3494 520 3556 lle
541 3493 720 3575 specialibus
741 3489 1002 3554 terminationibus
1022 3491 1059 3552 ab
1074 3491 1177 3552 eadem
1192 3493 1308 3569 origine
1323 3491 1468 3553 derivatis
1480 3489 1553 3562 454,
1570 3489 1606 3554 13

375 3619 380 3631 ·
426 3597 448 3658 V
477 3597 519 3658 lle
547 3595 737 3675 generalibus
765 3592 1026 3655 terminationibus
1052 3612 1069 3654 a
1097 3596 1259 3674 praeterito
1286 3595 1421 3673 perlecto
1442 3595 1489 3655 vel
1511 3597 1606 3654 verius

478 3698 515 3759 ab
537 3699 683 3759 infinitivo
704 3698 804 3758 luturo
826 3692 899 3767 455,
923 3692 963 3757 13
1613 3713 1632 3750 a

411 3800 447 3862 v1
477 3800 518 3862 lle
542 3799 641 3860 verbis
662 3800 803 3861 derivatis
824 3819 841 3860 a
862 3795 1032 3860 nominibus
1052 3793 1125 3867 456,
1147 3794 1189 3860 35

399 3903 449 3964 Vll
478 3902 519 3963 De
542 3901 712 3963 nominibus
734 3904 843 3962 iterum
865 3899 1005 3961 derivatis
1027 3919 1044 3960 a
1067 3898 1166 3960 verbis
1186 3895 1258 3970 459,
1284 3896 1323 3961 16

382 4005 447 4065 Vlll
478 4004 519 4066 lle
542 4003 642 4064 verbis
663 4021 781 4064 rursum
804 4003 946 4063 derivatis
968 4021 985 4062 a
1006 4000 1176 4062 nominibus
1196 3997 1269 4070 460,
1291 3997 1333 4061 26

369 4106 447 4168 Vllll
476 4105 517 4166 lle
530 4105 630 4166 verbis
642 4104 784 4166 derivatis
795 4104 832 4165 ab
845 4102 995 4164 adverbiis
1005 4123 1058 4164 seu
1069 4122 1085 4165 a
1097 4103 1198 4164 verbis
1209 4106 1270 4164 sive
1284 4121 1300 4164 a
1311 4099 1598 4171 nominibus461,18

418 4209 445 4268 ll
473 4208 687 4289 llecapitulatio
704 4203 777 4278 462,
802 4204 840 4269 ll

395 4417 411 4465 4
428 4412 543 4481 generali
561 4412 617 4464 BP
685 4411 869 4478 coniugationis
886 4410 989 4460 dedisse
1007 4410 1142 4461 uerborum
1160 4410 1260 4460 uidetur
1272 4409 1298 4459 P
1314 4411 1488 4478 coniugatioui
1504 4409 1596 4460 dedisse

325 4485 460 4536 uerborum
479 4482 505 4532 B
527 4483 700 4548 coniugatioui
717 4499 746 4534 se
766 4482 835 4532 dedit
857 4481 1023 4544 uerborumf
1088 4481 1104 4531 5
1122 4481 1184 4532 sedo
1205 4480 1280 4530 sedas
1295 4495 1341 4529 oras
1357 4481 1385 4531 B
1452 4481 1470 4533 6
1486 4479 1594 4544 coniuga-

325 4554 402 4606 tionis
418 4570 487 4605 corr.
505 4555 544 4604 -ni
560 4553 585 4603 P
634 4552 761 4614 oaorem,
777 4567 907 4616 superscr.
922 4551 991 4600 euim
1005 4551 1031 4601 B
1048 4551 1116 4601 euim
1131 4550 1156 4599 P
1204 4561 1309 4616 propter
1324 4565 1393 4603 corr.
1408 4554 1444 4606 nl.
1458 4567 1487 4601 ss.
1505 4558 1594 4616 praeter

325 4627 350 4676 P
418 4625 449 4676 11
466 4631 640 4676 monstratum.
664 4622 712 4673 deo
730 4622 827 4689 gratias
845 4621 949 4686 explicit
966 4619 1072 4670 feliciter
1089 4635 1132 4670 ars
1153 4621 1246 4684 eutycii
1263 4619 1289 4670 B
1305 4631 1471 4672 monstratum
1488 4633 1592 4670 marcu

325 4710 372 4746 aas
395 4709 493 4744 svrrcss
517 4706 673 4744 onausarrcr
693 4693 718 4755 s.
743 4709 774 4743 en
795 4705 860 4756 quoe
882 4697 1019 4756 separantur
1041 4691 1067 4740 s'n
1082 4691 1140 4742 BP
1156 4691 1188 4740 de
1210 4691 1388 4754 deponemimu
1403 4699 1429 4742 et
1444 4687 1593 4742 eoum

326 4764 407 4815 verbis
420 4779 455 4812 ex
468 4765 554 4828 priore
568 4763 632 4814 libro
644 4777 670 4824 p.
683 4761 742 4826 465,
757 4761 790 4813 35
802 4777 857 4826 sqq.
868 4764 976 4824 repetita
986 4768 1044 4811 suat
1099 4761 1130 4811 la
1146 4763 1305 4826 suspicor-
1313 4758 1454 4828 amplexor]
1468 4762 1538 4810 miror
1548 4757 1592 4806 ad·

326 4847 413 4888 uenor
430 4847 513 4882 moror
529 4847 611 4898 ungor
628 4831 652 4881 B
710 4831 791 4897 pallor
810 4831 833 4879 P
900 4830 1062 4893 receptura
1079 4847 1114 4880 ex
1134 4831 1219 4882 codiee
1237 4832 1358 4882 Parisino
1376 4831 1444 4883 7469
1461 4831 1523 4882 eitra
1537 4833 1591 4878 aas
