3350 5442
607 281 843 344 COMMENTVM
1023 303 1026 310 ·
1305 275 1365 340 261

1182 399 1204 440 p.
1217 387 1306 428 aes-¹11
1320 384 1343 426 L.

51 472 122 550 pria
147 478 186 532 et
211 471 303 532 utilia.
348 469 475 550 legimus
501 471 613 532 formas
641 469 798 531 verborum
825 487 893 530 esse
922 475 1074 548 quattuor,
1099 466 1299 528 meditativam
1321 467 1367 528 in·

50 572 237 634 choatiram
263 573 426 654 perfectam
457 573 712 653 frequentativam.
756 570 952 632 inchoativam
981 570 1107 632 formam
1136 570 1177 632 ait
1203 587 1278 648 quae
1305 585 1366 630 non

48 672 152 735 habet
177 676 341 756 participia
362 673 422 736 ulla
444 675 503 736 nisi
524 675 708 754 praesentia,
730 682 765 734 ut
779 679 826 734 est
840 672 991 734 calescens
1011 673 1179 734 fervescens
1200 677 1365 750 tepescens,

48 775 112 838 boc
137 785 194 838 est
215 785 252 838 ut
273 795 417 857 praesens
438 783 555 839 tantum
577 775 685 838 haheat
707 782 737 836 et
761 777 955 855 praeteritum
977 792 1038 835 non
1060 771 1177 834 habeat.
1221 771 1365 833 inchoati·

36 898 123 939 ‚rum
150 879 276 941 dictum
304 886 350 941 est
377 877 414 941 ab
442 898 493 950 eo,
522 878 600 959 quod
623 896 678 958 per
705 879 801 958 ipsum
825 876 1010 938 inchoemus.
1055 893 1144 936 omne
1165 883 1263 936 autem
1286 873 1365 954 quod

47 981 245 1044 inchoamus
277 989 308 1042 et
332 999 475 1062 praesens
502 979 615 1041 hahere
637 986 749 1060 potest,
778 988 809 1041 et
832 977 836 1059 Ι
860 980 1055 1060 praeteritum
1076 996 1137 1040 non
1160 975 1281 1038 habere.
1324 978 1364 1038 ita

48 1087 82 1143 tit
104 1091 145 1144 ut
170 1084 335 1164 participio
357 1084 508 1164 praesenti
531 1090 645 1144 mutum
666 1083 774 1152 utaris,
798 1083 960 1163 praeterito
982 1099 1152 1161 numquam.
1197 1097 1269 1160 ergo
1292 1079 1363 1140 dici·

50 1205 122 1248 mus
147 1187 329 1248 fervescens
351 1183 503 1246 calescens
524 1193 691 1265 tepescens.
726 1190 771 1244 est
792 1185 881 1246 etiam
903 1182 958 1245 alia
981 1184 1071 1253 ratio,
1096 1201 1152 1262 qua
1176 1199 1234 1243 non
1257 1179 1365 1244 habeat

51 1297 186 1366 tempus
216 1289 427 1368 praeteritum:
461 1305 550 1349 omne
582 1287 772 1366 participium
800 1305 817 1346 a
844 1287 1006 1365 praeterito
1033 1286 1155 1346 veniens
1183 1291 1318 1366 tempore
1347 1303 1362 1344 a

35 1390 205 1469 rperfecto
227 1388 396 1458 descendit,
419 1396 490 1470 puta
511 1390 641 1470 scriptus
654 1407 720 1450 sum
736 1406 818 1450 eram
840 1387 892 1458 fui,
915 1386 1010 1450 lectus
1031 1406 1096 1448 sum
1120 1405 1200 1450 eram
1222 1387 1280 1454 [uic
1303 1405 1362 1448 non

52 1509 225 1570 possumus
250 1489 403 1552 deohnare
429 1493 488 1553 nisi
514 1509 569 1572 per
596 1492 786 1571 perticipium
812 1491 966 1570 praeteriti
995 1490 1148 1570 temporis.
1194 1487 1297 1567 legens
1331 1491 1361 1550 in

56 1603 203 1673 tempore
229 1595 393 1674 praeterito
419 1612 480 1654 non
506 1595 667 1656 invenitur.
710 1594 736 1652 si
763 1610 835 1671 ergo
865 1591 966 1670 legens
988 1593 1020 1652 in
1043 1599 1178 1672 tempore
1199 1591 1361 1671 praeterito

54 1714 115 1756 non
143 1697 317 1766 invenitur,
346 1714 403 1756 nec
428 1695 503 1757 illud
530 1694 610 1774 quod
637 1696 768 1756 nascitur
797 1693 835 1754 de
868 1692 1054 1774 temporibus
1078 1693 1249 1776 praeteritis
1272 1691 1362 1753 dehet

56 1797 174 1860 hebere
198 1799 405 1878 praeteritum,
428 1797 457 1858 id
482 1804 527 1859 est
547 1814 604 1858 nec
618 1798 809 1877 participium
824 1795 914 1856 dehet
935 1794 1047 1858 habere
1069 1796 1263 1875 praeteritum
1285 1801 1360 1855 tem·

35 1917 126 1978 spus,
162 1901 309 1980 quoniam
341 1899 412 1960 inde
443 1900 589 1978 originem
622 1898 711 1960 ducit.
756 1915 829 1977 ergo
861 1915 954 1960 unum
987 1905 1034 1959 est
1058 1915 1202 1978 praesens
1235 1903 1358 1968 tantum,

59 2001 216 2064 calescens
236 2002 407 2063 fervescens
428 2007 587 2082 tepescens
609 2009 639 2061 et
659 1998 775 2062 similia.

141 2101 354 2184 lnpersonalia
375 2103 465 2165 verba
488 2109 559 2184 quot
580 2097 692 2186 habent
712 2103 888 2183 participia?
915 2101 1000 2173 dicit,
1023 2120 1084 2164 non
1107 2100 1217 2163 debent
1238 2099 1358 2173 habere,
1371 2115 1430 2176 440,
1444 2117 1477 2165 25

60 2207 117 2266 nisi
144 2206 230 2267 forte
257 2206 455 2286 usurpaveris.
499 2207 526 2265 si
553 2203 683 2266 volueris
710 2221 872 2284 usurpare,
896 2210 968 2265 tunc
989 2211 1114 2286 possunt
1133 2202 1246 2266 habere
1267 2205 1358 2283 parti·

59 2306 149 2384 cipis,
181 2313 217 2367 ut
237 2307 264 2366 si
286 2305 369 2367 dicas
390 2308 545 2386 paenitens
573 2305 610 2366 ab
639 2323 675 2366 eo
697 2305 774 2386 quod
798 2313 845 2366 est
864 2307 997 2385 paenitet
1018 2324 1066 2368 me
1088 2315 1118 2366 te
1139 2304 1237 2377 illum,
1261 2304 1358 2367 libens

35 2407 96 2468 sab
117 2427 155 2468 eo
178 2407 262 2489 quod
288 2415 335 2470 est
355 2407 428 2468 libet
449 2426 498 2469 me
519 2414 549 2470 te
570 2406 666 2468 iilum.
710 2413 743 2468 ut
769 2407 954 2468 inveniamus
980 2407 1149 2489 participia,
1173 2407 1259 2478 dicit,
1283 2407 1357 2469 haec

62 2511 109 2586 qui
128 2512 269 2590 posuerit
289 2510 455 2590 usurpabit
499 2528 557 2589 qua
578 2509 714 2572 ratione?
746 2527 836 2570 omne
863 2509 1052 2589 participium
1074 2509 1164 2571 hahet
1185 2528 1354 2590 personam.

63 2613 85 2672 si
114 2611 165 2674 illa
201 2611 292 2674 verba
323 2611 522 2692 inpersonslia
551 2618 634 2683 sunt,
663 2629 722 2691 quo
748 2611 838 2672 modo
866 2621 993 2691 possunt
1021 2611 1119 2674 facere
1145 2609 1354 2694 partilcipium,
1456 2607 1460 2614 '

65 2713 139 2792 quod
159 2715 355 2796 participium
381 2732 501 2794 semper
527 2732 544 2774 a
569 2730 698 2794 persona
726 2713 808 2774 ducit
829 2714 996 2792 originem?
1024 2697 1142 2792 quando
1164 2712 1230 2774 dico
1253 2729 1355 2776 amans

66 2833 128 2893 ego,
156 2835 264 2878 amans
291 2824 337 2888 tu,
366 2834 469 2877 amens
496 2814 562 2885 ille,
592 2817 695 2896 utique
721 2817 817 2877 currit
844 2833 898 2897 per
926 2835 1030 2878 omnes
1057 2835 1214 2898 personas,
1245 2833 1301 2894 ego
1322 2822 1355 2878 tu

37 2916 120 2979 siiie.
162 2923 191 2980 si
217 2917 291 2979 illud
318 2917 440 2980 verbum
468 2916 657 2999 inpersonale
685 2926 743 2990 est,
776 2936 834 2998 quo
864 2917 954 2980 modo
981 2926 1080 2998 potest
1101 2917 1213 2981 habere
1234 2918 1354 2999 partici-

65 3022 157 3098 pium,
181 3019 263 3102 quod
285 3020 547 3100 capitpersonas‘l

142 3124 220 3185 Sunt
241 3119 332 3183 verba
354 3121 513 3195 defensos.
558 3123 616 3184 tria
637 3122 772 3185 dicturus
794 3130 856 3184 est:
888 3129 958 3184 sunt
986 3119 1075 3184 verba
1102 3122 1245 3185 defectiva
1277 3137 1424 3203 quaetio,
1438 3140 1470 3189 34

68 3241 121 3284 nou
142 3225 285 3298 deficiunt
305 3225 338 3284 in
359 3225 537 3305 participiis,
559 3225 590 3285 in
611 3223 704 3286 verbo
725 3231 826 3286 temen
848 3223 1003 3296 deficiunt;
1032 3231 1101 3286 sunt
1121 3242 1198 3301 quae
1218 3243 1280 3288 non
1301 3226 1352 3286 de·

66 3329 160 3392 adum
180 3329 214 3388 in
234 3327 333 3396 verbo,
355 3329 388 3388 in
399 3329 571 3404 pertv‘ctpiis
584 3337 681 3388 tomen
703 3327 861 3399 cetimum
882 3332 952 3388 suat
965 3344 1043 3403 quoe
1058 3328 1199 3400 deficiam
1212 3330 1243 3390 tn
1264 3327 1353 3388 verbo

40 3438 92 3487 set
115 3429 255 3492 deficiunt
282 3430 315 3489 in
343 3428 517 3509 participiis.
559 3430 675 3491 invenis
704 3427 829 3490 verbum
868 3428 946 3507 quod
981 3435 1011 3490 et
1042 3429 1143 3508 ipsum
1169 3428 1299 3499 deficiat,
1323 3437 1353 3489 et

69 3533 249 3614 participium
271 3548 333 3592 nou
354 3530 485 3601 deiiciat;
508 3538 561 3593 aut
583 3550 600 3592 e
623 3533 772 3594 contrario
793 3532 907 3594 invenis
929 3533 1118 3612 participium
1146 3529 1226 3609 quod
1252 3531 1349 3610 ipsum

69 3630 191 3703 deiciat,
213 3633 267 3695 sed
289 3630 413 3695 verbum
435 3650 496 3695 non
518 3632 650 3703 deficiam
677 3641 728 3695 aut
748 3632 873 3695 verbum
895 3632 974 3712 quod
997 3641 1028 3694 et
1048 3634 1145 3713 ipsum
1167 3632 1298 3702 deficiat,
1323 3639 1352 3693 et

70 3737 248 3817 perticipium
269 3733 395 3796 deficiat.
438 3741 508 3814 puta
531 3735 667 3796 memini:
701 3735 824 3798 memini
846 3743 876 3796 et
896 3734 1021 3797 verbum
1050 3742 1095 3796 est
1123 3729 1298 3797 defectivum
1321 3743 1352 3796 et

71 3839 247 3918 ouhupium
270 3855 331 3900 non
353 3835 457 3908 hahet;
479 3855 568 3899 nemo
590 3836 663 3898 dicit
683 3837 853 3899 meminitus
875 3837 1020 3899 meminiti
1041 3838 1194 3899 meminito
1214 3837 1349 3910 memini·

47 3943 122 3998 etum
142 3947 195 4000 aut
214 3941 317 4001 nescio
339 3957 397 4018 qua
418 3939 484 4002 alia.
528 3956 601 4019 ergo
627 3957 698 4001 ecce
725 3937 818 4002 hahes
846 3939 970 4002 verbum
999 3949 1029 4002 et
1054 3941 1152 4021 ipsum
1174 3938 1349 4001 defectivum
1393 3923 1396 3931 ’

72 4044 93 4096 el
111 4041 309 4121 participium.
354 4041 391 4102 da
413 4040 535 4103 verbum
557 4040 750 4112 defectivum,
772 4041 825 4103 sed
847 4043 1001 4122 participia
1024 4060 1086 4103 non
1107 4041 1259 4104 defectiva.
1304 4048 1350 4102 est

73 4139 121 4202 odi:
148 4141 201 4205 odi
222 4144 358 4205 novimus
381 4145 521 4222 quoniam
544 4143 720 4206 defectivum
742 4143 866 4206 verbum
888 4152 948 4215 est;
970 4129 1158 4226 participium
1173 4151 1349 4206 tamennon

126 4367 143 4415 t
158 4364 266 4416 heberet
283 4374 308 4416 et
322 4366 487 4430 praeteritum
503 4380 554 4416 non
573 4365 677 4417 haberet
694 4364 778 4418 Aeo
834 4365 918 4430 iique
935 4379 987 4416 uon
1006 4365 1061 4416 AB
1076 4379 1143 4428 quae
1161 4379 1211 4417 non
1233 4361 1294 4416 Oc*

75 4429 99 4480 13
113 4435 184 4486 debet
201 4434 297 4485 bebere
313 4449 437 4502 praesens
453 4435 480 4486 id
496 4445 534 4487 est
552 4451 599 4487 nec
617 4437 781 4502 participium
804 4437 880 4488 dehet
897 4435 991 4486 hebere
1009 4450 1131 4501 praesens
1149 4443 1249 4500 tempus
1268 4434 1351 4485 ABG

127 4503 159 4556 16
173 4501 318 4571 tepescens]
339 4513 488 4570 torpescens
507 4505 562 4556 AB
645 4505 679 4558 18
697 4507 747 4556 nisi
766 4506 832 4559 forte
850 4523 867 4556 n
885 4507 935 4556 nisi
954 4507 1003 4556 nisi
1022 4506 1087 4556 forte
1106 4505 1131 4556 B
1148 4506 1175 4556 ni
1191 4505 1256 4555 forte
1274 4503 1295 4554 O
1316 4519 1348 4553 ne

76 4567 125 4621 torte
139 4575 164 4624 Α
233 4575 266 4626 21
285 4576 421 4642 usurpabit
440 4575 512 4626 AOb
530 4577 664 4642 usurpauit
679 4577 743 4627 Bc*
811 4577 846 4627 27
865 4584 925 4626 sunt
943 4577 1020 4626 uerba
1037 4575 1087 4626 tria
1104 4575 1218 4626 dicturus
1236 4584 1275 4624 est
1289 4583 1348 4625 snut

76 4642 136 4716 herba
153 4643 281 4695 deiectius
298 4659 364 4710 quae
377 4660 427 4694 non
447 4645 568 4696 deficiunt
583 4647 610 4696 in
627 4647 769 4712 participiis
787 4647 813 4696 in
831 4647 911 4696 uerbo
925 4654 1008 4696 temen
1025 4641 1063 4709 (in
1078 4646 1156 4696 uerhs
1167 4661 1218 4697 non
1231 4647 1265 4707 Α,
1277 4660 1347 4696 corr.

78 4721 96 4756 n
110 4713 182 4765 uerba
196 4723 282 4764 umen
300 4713 340 4778 B)
357 4714 476 4766 defletunt
492 4730 558 4779 quae
576 4715 698 4766 deficiunt
715 4718 741 4766 in
761 4716 901 4782 participiis
919 4717 1021 4766 iuuenis
1037 4717 1061 4764 A
1067 4715 1120 4767 Bc
1182 4715 1216 4768 32
1231 4721 1275 4765 sut
1292 4730 1348 4764 ver-

77 4775 130 4850 bun]
149 4792 210 4851 pute
220 4786 328 4836 uerbum
341 4785 425 4837 ABG
471 4795 497 4836 et
514 4787 583 4850 quod
601 4786 725 4853 ipsumA
773 4786 807 4840 35
824 4786 876 4837 elie
893 4800 962 4836 corr.
979 4787 1076 4838 teiieB
1121 4785 1155 4838 36
1173 4793 1200 4837 ut
1217 4795 1256 4837 est
1274 4786 1349 4838 odiO
