3350 5442
662 368 733 432 ARS
1295 367 1339 432 49

670 489 672 496 v
1145 476 1313 531 meosoer.

545 555 593 616 DE
613 555 835 617 Puuuuuutn

140 675 341 748 Quaerendum
362 683 460 737 utrum
482 691 647 754 pronomen
670 693 707 734 an
722 676 899 755 pronomine
915 674 1038 737 dicatur.
1056 677 1148 754 magis
1162 694 1337 756 pronomen,

73 783 131 840 sicut
149 785 330 858 procurator.
355 812 393 821 -
415 778 496 839 Inter
518 795 627 837 nomen
650 784 679 837 et
699 794 864 857 pronomen
884 779 889 855 Ι
908 777 965 837 hoc
979 778 1121 849 interest,
1145 780 1215 856 quia
1230 797 1339 839 nomen

74 881 168 961 plenam
195 879 391 941 elocutionem
419 879 523 950 hahet,
553 897 719 960 pronomen
746 877 950 959 semiplenam.
988 879 1061 939 haec
1089 881 1167 940 enim
1195 878 1340 959 particula

54 991 171 1064 apropter
196 981 347 1044 fastidium
377 983 495 1043 inventa
524 989 582 1051 est,
612 997 650 1042 ne
679 980 724 1041 bis
747 999 856 1042 nomen
878 990 1040 1062 repetatur.
1077 982 1157 1042 lnter
1179 1000 1288 1042 nomen
1311 991 1340 1042 et

73 1103 212 1164 pronomen
240 1085 299 1145 hoc
327 1086 465 1145 interest:
494 1086 615 1144 nomina
638 1085 864 1163 conparationes
887 1083 1011 1156 habent,
1039 1086 1215 1164 pronomina
1237 1068 1340 1164 perso-

71 1207 120 1248 nas.
153 1205 217 1247 nam
240 1203 339 1264 neque
362 1187 481 1247 nomina
504 1202 648 1266 personas
669 1193 792 1264 possunt
814 1184 926 1269 haltere
947 1206 1045 1266 neque
1067 1189 1244 1266 pronomina
1260 1206 1340 1247 com-

72 1289 223 1368 parationes.
250 1322 286 1331 —
313 1287 410 1358 Quae
437 1305 503 1368 pro
534 1288 681 1348 nomine
709 1289 828 1368 posita
857 1288 1074 1349 tantundem
1102 1306 1193 1369 pene
1221 1289 1458 1366 εἰμί-31023

70 1393 157 1451 licat:
181 1408 240 1451 non
264 1399 309 1450 est
331 1391 410 1451 enim
432 1395 560 1459 tautum,
585 1407 653 1450 cum
676 1389 743 1450 dico
766 1391 869 1461 Gaius,
893 1409 982 1470 quam
1003 1389 1121 1468 quando
1144 1389 1210 1451 dieo
1232 1409 1287 1468 ego
1309 1398 1341 1451 tu

43 1493 116 1553 mille.
148 1491 309 1570 ‘Vergilius
332 1493 450 1572 scripsit
471 1491 622 1561 bucolica,
652 1493 714 1571 ipse
737 1500 766 1552 et
787 1494 952 1570 georgica’:
981 1492 1045 1570 ipse
1068 1492 1166 1553 minus
1187 1491 1272 1572 plena
1296 1502 1342 1552 est

69 1595 159 1662 oratiu;
181 1613 248 1655 nam
273 1583 475 1672 quaerendum
498 1593 573 1656 mihi
595 1601 640 1654 est
661 1613 785 1663 nomen,
815 1596 881 1672 quis
904 1595 942 1655 sit
968 1595 1040 1673 ipse.
1062 1629 1105 1642 -·
1124 1593 1386 1654 Personam-24

70 1715 123 1774 pue
141 1696 327 1757 interdum
357 1697 510 1776 recipit:
536 1693 721 1775 aliquotiens.
760 1715 828 1757 nam
852 1704 921 1775 tunc
944 1697 1064 1775 accipit,
1088 1696 1207 1776 qnando
1227 1696 1341 1756 linitum

64 1807 113 1866 ·est;
133 1799 246 1879 quando
270 1799 417 1875 infinitum
441 1804 498 1868 est,
523 1807 604 1859 caret
622 1793 628 1880 1
646 1815 783 1878 persona.
806 1833 848 1841 —-
871 1797 1007 1858 Finita:
1030 1804 1137 1858 cuncta
1159 1796 1292 1859 absoluta
1314 1804 1387 1857 etat

66 1901 193 1980 perlecta,
215 1902 347 1962 maxime
370 1903 400 1961 in
422 1902 518 1981 prima
540 1909 569 1961 et
590 1900 721 1962 secunda
743 1918 887 1981 persona;
911 1901 998 1960 tertia
1020 1900 1104 1979 quasi
1124 1901 1251 1971 incerta,
1275 1901 1342 1979 quia

40 2012 146 2081 almost
167 2021 232 2064 esse
256 2011 288 2062 et
309 2001 449 2062 absentis.
475 1998 598 2081 [primat
621 2003 717 2081 prima
740 2008 770 2062 et
791 2000 919 2062 secunda
942 2020 1070 2081 persona
1091 2020 1209 2082 semper
1224 2004 1343 2080 generis

64 2113 120 2164 sum
139 2107 243 2165 omnis.
285 2111 312 2164 et
341 2103 427 2165 multi
448 2102 551 2165 volunt
572 2106 689 2165 tertiam
711 2121 870 2184 personam
893 2104 1006 2164 finitam
1028 2121 1090 2164 non
1113 2122 1192 2172 esse,
1221 2105 1291 2181 quia
1313 2111 1343 2163 et

65 2205 221 2266 deabsente
237 2205 365 2267 dicimus
386 2205 461 2287 ille]
484 2241 526 2251 -
541 2205 626 2267 Cuias
650 2213 679 2266 et
700 2207 818 2268 cuiatis:
843 2205 900 2267 duo
923 2207 979 2267 ista
1000 2224 1092 2267 unum
1107 2207 1284 2284 significant.
1300 2215 1388 2262 —3u

63 2307 173 2368 linitum
196 2327 212 2368 a
236 2309 334 2388 prima
349 2327 476 2388 persona
493 2310 655 2369 vocativum
672 2307 853 2388 singularem
868 2302 928 2368 n'on
943 2307 1047 2379 habet,
1071 2309 1103 2368 iu
1118 2307 1226 2389 plurali
1240 2307 1340 2377 habet,
1353 2316 1386 2364 2⁷

64 2411 117 2484 quia
137 2409 209 2470 alios
231 2427 336 2470 secum
356 2409 491 2471 includit.
509 2445 547 2456 -
564 2410 644 2472 lnter
666 2411 747 2471 linita
771 2418 801 2472 et
814 2411 928 2472 induite
943 2409 1001 2471 hoc
1014 2411 1153 2471 interest:
1176 2411 1258 2471 finita
1273 2416 1344 2472 sunt

34 2531 122 2590 aquae
142 2510 255 2572 habent
277 2519 390 2572 certam
411 2531 585 2593 personam,
608 2513 721 2574 infinita
744 2531 819 2594 quae
842 2514 949 2593 cuique
971 2513 1092 2590 aequari
1113 2520 1245 2593 possunt.
1291 2511 1343 2574 sed

63 2613 121 2672 laec
142 2613 218 2694 apud
242 2614 376 2675 Graecos
398 2616 517 2675 nomina
539 2621 609 2675 suut
629 2615 841 2693 interrogativa
867 2614 913 2676 vel
934 2616 1144 2694 comparativa.
1166 2649 1208 2658 —
1229 2613 1342 2675 Prono·
1356 2623 1389 2673 23

61 2735 129 2790 men,
152 2718 222 2794 quia
245 2717 464 2794 coniungitur
492 2715 589 2777 olfieio
615 2717 673 2777 nisi
699 2719 865 2796 praemisso
887 2719 1018 2778 nomine.
1050 2715 1118 2777 ideo
1140 2717 1214 2777 haec
1236 2735 1305 2797 pars
1327 2737 1344 2778 a

61 2818 175 2879 Varrone
195 2817 200 2900 Ι
219 2817 406 2880 succedanea
429 2817 549 2888 dicitur,
574 2820 642 2899 quia
664 2837 724 2880 nun
739 2826 838 2899 potest
853 2821 883 2880 in
899 2818 1002 2880 eadem
1017 2817 1166 2880 locutione
1182 2836 1263 2889 esse,
1286 2818 1344 2879 hoc

60 2927 95 2978 est
114 2921 178 2997 quia
199 2919 248 2982 bis
272 2939 382 2981 nomen
405 2921 500 3000 repeti
523 2939 582 2981 non
607 2929 713 3000 potest
753 2919 827 2982 ordo
849 2929 949 2982 tamen
970 2921 1019 2981 laic
1043 2920 1255 2983 custodiendus
1271 2918 1342 3002 estll

34 3031 87 3079 out
105 3040 208 3082 nomen
232 3025 266 3083 in
289 3021 481 3102 praecedenti
503 3024 541 3082 sit
561 3021 641 3094 loco,
665 3041 832 3102 pronomen
854 3026 886 3084 in
907 3022 1050 3084 subiecto.
1088 3023 1155 3116 ideo
1177 3040 1343 3103 pronomen

60 3127 205 3185 rucatirum
236 3143 339 3186 casum
367 3143 427 3186 nou
456 3123 559 3194 habet,
588 3143 636 3185 res
664 3142 741 3203 quae
763 3144 872 3186 nomen
896 3133 1079 3205 praesentat,
1107 3126 1175 3205 quia
1203 3144 1252 3186 res
1274 3125 1343 3186 suh·

60 3226 120 3286 tecta
142 3229 310 3287 vocativum
333 3225 443 3287 habere
466 3245 527 3288 non
548 3233 654 3306 potest.
671 3261 711 3272 -
735 3227 831 3299 Quae
854 3229 1043 3308 recipiunt
1064 3246 1260 3307 personas:
1283 3225 1389 3287 Pii-2⁷

60 3330 114 3388 uius
134 3329 326 3410 artigraphus
350 3329 482 3391 dicentes
503 3329 731 3409 pronominibus
754 3331 844 3391 smilis
866 3330 1002 3390 accidere
1023 3349 1166 3409 personas
1181 3331 1345 3411 reprehen-

60 3427 99 3488 dit.
134 3438 203 3492 tunc
228 3434 313 3492 enim
335 3431 412 3493 bene
435 3430 592 3501 diceretur,
615 3433 640 3492 si
662 3431 740 3494 aliud
757 3440 834 3494 esset
848 3450 1014 3512 pronomen
1029 3433 1159 3503 finitum,
1183 3431 1261 3493 aliud
1277 3451 1344 3514 per·

36 3551 126 3591 asana.
173 3552 239 3595 nou
271 3535 354 3593 enim
381 3551 440 3594 una
468 3552 515 3595 res
543 3542 640 3613 potest
668 3553 732 3595 esse
760 3553 834 3615 quae
857 3535 965 3596 accidit
987 3541 1017 3594 et
1038 3537 1084 3595 cui
1113 3535 1228 3595 accidit.
1273 3552 1345 3613 ergo

61 3633 148 3696 melius
169 3637 213 3697 ita
230 3635 395 3698 dicendum
411 3643 468 3706 est,
492 3637 546 3705 ait,
571 3635 675 3697 eadem
691 3656 754 3698 esse
769 3639 851 3698 linita
866 3637 1058 3718 pronomina,
1082 3645 1241 3714 (praesunt
1256 3638 1345 3698 etiam

61 3753 197 3813 personae.
222 3773 269 3782 -—
292 3739 335 3797 Vt
358 3755 424 3815 ego
446 3746 483 3798 tu
504 3737 584 3798 ille:
608 3741 670 3818 ipsa
693 3747 763 3799 sunt
781 3735 786 3821 l
805 3740 886 3800 linita
909 3748 939 3800 et
961 3757 1036 3817 quae
1052 3757 1089 3798 ex
1102 3738 1150 3799 his
1164 3738 1344 3809 derivantur,

67 3875 295 3885 --·-—-.--—-
307 3877 351 3883 -.-

114 3930 171 3978 God.
190 3929 277 3979 Bern.
298 3927 359 3977 Vlll
376 3925 466 3978 4-0.
539 3925 833 3978 turrecrematae
857 3927 913 3977 loco
935 3926 1049 3977 curiarum
1070 3933 1130 3988 port
1156 3925 1172 3977 3
1195 3936 1343 3993 procurator

62 3999 158 4058 cripta
173 4007 215 4048 est
290 3995 375 4048 3hoc
390 3993 440 4044 hoc
459 3997 562 4044 interest
631 3998 806 4063 dreppetatur
876 3995 909 4047 10
927 3997 1028 4047 scribsit
1047 3996 1161 4046 uocotica
1232 3997 1263 4047 ll
1282 3997 1345 4060 quid

63 4065 86 4114 sit
144 4069 176 4119 15
196 4077 277 4133 potes
352 4065 384 4116 10
403 4065 472 4114 omni
552 4068 585 4117 21
603 4075 665 4131 aput
734 4068 767 4116 22
786 4081 835 4116 nou
856 4082 903 4115 oro.
975 4068 1114 4116 abarrone
1131 4066 1249 4116 araccedut
1268 4068 1292 4115 in
1315 4082 1345 4114 eu

115 4137 240 4204 aapotes
260 4137 331 4186 etin
402 4135 435 4186 24
450 4141 523 4201 putea
593 4136 627 4186 25
642 4138 667 4184 in
686 4135 813 4186 subiectus
883 4135 917 4187 20
933 4143 1067 4201 praesenta
1084 4152 1153 4188 corr.
1171 4138 1205 4186 al.
1222 4152 1287 4190 man.
1307 4145 1345 4186 -at

116 4209 146 4258 27
163 4207 273 4276 plenius
292 4203 432 4270 artigralns
502 4204 536 4255 28
553 4206 657 4255 inlluitls
727 4203 907 4272 repraehendit
977 4205 1011 4256 29
1029 4206 1092 4256 atim
1109 4214 1177 4256 esset
1194 4219 1286 4255 nonren

65 4275 111 4325 aiut
173 4279 208 4332 31
228 4275 402 4344 praenomina

81 4381 190 4390 —---.

116 4451 145 4502 15
160 4453 249 4517 prima
271 4477 302 4486 ·-
324 4448 357 4500 10
371 4449 453 4498 omnis
476 4448 513 4498 ad
533 4463 564 4498 ea
582 4464 647 4514 quae
666 4451 781 4512 proaeime
799 4450 949 4499 antecedunt
966 4448 1120 4511 eapllcnnda
1142 4449 1275 4510 adscripto
1291 4462 1347 4498 ease

67 4519 168 4581 eldeum,
191 4530 221 4571 ut
243 4521 331 4586 prima
352 4521 471 4570 teramus
490 4522 545 4570 loco
563 4522 692 4584 repetitum
709 4523 742 4570 ait
811 4519 846 4570 20
865 4535 930 4582 quae
950 4519 1100 4582 cuicumque
1119 4532 1243 4581 personae
1262 4519 1344 4583 aptari

68 4598 149 4650 tament
164 4593 277 4644 Sunius
289 4593 316 4639 in
331 4591 399 4642 Dua.
415 4603 442 4652 p.
462 4589 523 4652 410,
544 4589 575 4640 10
593 4589 667 4654 Serp.
683 4593 787 4653 capuan.
805 4605 831 4652 p.
850 4589 910 4654 500,
931 4591 963 4640 17
1032 4589 1066 4638 22
1083 4589 1143 4651 quia
1162 4602 1210 4637 non
1231 4587 1346 4653 iungitur

70 4659 176 4712 tuamne
232 4660 271 4711 23
288 4659 448 4711 succedanea
464 4658 675 4710 Bondnmueaar.
693 4663 748 4714 leet.
765 4677 794 4724 p.
812 4661 862 4711 115
918 4660 1032 4721 sortasse
1050 4660 1110 4720 quia
1128 4658 1168 4708 bis
1186 4671 1277 4706 nomen
1296 4672 1346 4707 nou

71 4741 128 4790 purat
141 4733 166 4780 in
243 4733 281 4781 25
299 4733 326 4779 in
338 4730 460 4780 subiectis
480 4729 611 4781 Paracletus
680 4729 714 4779 20
728 4731 843 4793 fortasse
856 4729 1001 4779 vocativum
1019 4743 1106 4778 casuum
1120 4728 1268 4790 nonhabet,
1287 4729 1347 4790 quia

70 4802 229 4866 recutiens,
250 4815 319 4865 quae
335 4815 427 4850 numen
446 4807 600 4865 praesentat,
619 4801 761 4851 vocativum
781 4800 874 4850 habere
899 4815 948 4850 aron
967 4805 1050 4865 potest
1119 4800 1154 4849 27
1177 4795 1284 4864 Plinius]
1310 4797 1345 4859 cs.

70 4867 156 4933 Proper,
172 4889 202 4938 p.
218 4871 275 4923 237
291 4872 332 4922 ed.
350 4871 430 4921 Lind.

105 4961 281 5006 caenanti
294 4961 388 5004 LATINI
401 4961 429 5003 V.
1122 4952 1162 5016 4
