3350 5442
324 354 387 420 446
876 354 1060 418 EVTYGHIS

323 543 539 624 existimavit,
572 550 681 606 utrum
713 541 945 626 grammaticus
977 540 1110 605 natione
1137 540 1300 623 Graecus,
1333 564 1407 607 cum
1435 541 1479 606 de
1513 540 1607 608 latino

324 667 472 711 sermone
494 643 667 725 scriberet,
690 664 807 708 nomen
830 666 924 708 suum
945 644 981 708 in
1001 641 1140 708 latinum
1167 665 1287 708 morem
1310 644 1549 726 convertisset,
1573 668 1608 707 an

306 744 459 812 ¹latinum
492 744 616 810 scilicet
649 767 766 810 nomen
797 767 917 830 graeca
949 746 1175 810 terminatione
1207 746 1381 831 adsumpta
1407 746 1607 810 mutavisset.

323 848 403 914 mihi
424 849 525 914 tutius
548 869 620 912 esse
641 847 749 912 visum
766 855 815 912 est
830 846 1017 914 Cassiodori
1031 846 1255 914 testimonium
1276 848 1370 914 bonis
1392 846 1491 914 libris
1514 849 1608 933 ipsius

323 949 527 1036 grammatici
550 948 775 1015 confirmatum
797 971 894 1036 quam
915 948 1079 1016 inferioris
1095 951 1211 1015 aetatis
1228 949 1500 1015 consuetudinem
1516 953 1608 1036 sequi.

410 1052 622 1139 Antiquiores
645 1053 725 1117 artis
747 1053 979 1137 grammaticae
993 1061 1143 1118 auctores
1158 1075 1223 1118 non
1237 1053 1419 1118 nominavit
1433 1052 1608 1138 Eutyches,

325 1155 386 1220 nisi
413 1154 500 1241 quod
529 1153 630 1219 semel
657 1153 861 1219 Priscianum
887 1163 1133 1241 praeceptorem
1161 1177 1258 1219 suum
1283 1153 1434 1220 laudavit
1463 1178 1499 1242 p.
1524 1154 1607 1218 2154.

324 1255 471 1322 eiusdem
493 1255 585 1321 libris
608 1256 648 1320 de
670 1255 771 1322 verbo
793 1254 958 1321 interdum
979 1278 1060 1321 usus
1083 1266 1143 1321 est.
1180 1257 1271 1320 ouius
1293 1255 1341 1320 rei
1363 1256 1553 1320 certissimo
1572 1256 1609 1318 in·

324 1358 410 1423 dicia
439 1366 515 1422 sunt
541 1359 575 1421 in
602 1357 643 1422 iis
665 1379 749 1445 quae
771 1357 812 1422 de
833 1357 943 1424 verbis
965 1359 999 1422 in
1021 1367 1051 1422 to
1079 1356 1302 1424 desinentibus
1324 1359 1460 1445 scripsit
1481 1380 1517 1444 p.
1538 1359 1610 1420 2185

325 1458 399 1527 coll.
428 1460 532 1525 Prisc.
561 1458 582 1522 l.
612 1458 647 1522 X
669 1481 700 1546 p.
723 1459 797 1525 536.
834 1482 932 1546 saepe
961 1461 1057 1525 etiam
1092 1459 1205 1525 iisdem
1237 1469 1384 1525 veterum
1417 1459 1611 1544 scriptorum

324 1561 481 1648 exemplis
504 1570 640 1647 uterquc
662 1583 741 1626 usus
763 1570 823 1626 est.
854 1584 871 1625 e
894 1561 1011 1648 quibus
1027 1559 1188 1649 quaedam
1205 1561 1389 1648 Eutyohcm
1411 1585 1434 1626 a
1448 1561 1610 1626 Prisciano

325 1664 485 1751 recepisse
514 1661 684 1750 probabile
711 1672 776 1746 ost3
805 1663 870 1728 alia
896 1685 974 1728 vero
1002 1664 1055 1727 vel
1087 1685 1128 1728 ex
1157 1664 1342 1750 antiquiore
1369 1664 1464 1729 fonte
1495 1663 1552 1728 vel
1577 1685 1611 1726 es

324 1766 470 1854 ipsorum
493 1767 689 1851 scriptorum
716 1749 936 1852 libris'petita
956 1788 1029 1830 esse
1051 1766 1231 1852 scripturae
1254 1765 1439 1832 differentia
1463 1765 1610 1831 ostendit.

325 1889 426 1951 quaro
457 1868 492 1931 in
520 1866 561 1931 iis
587 1885 671 1952 quae
698 1866 840 1932 maxime
867 1866 1092 1940 memorabilia
1124 1890 1194 1932 csso
1230 1866 1429 1934 videbantur
1456 1866 1612 1931 Prisciani
1652 1942 1653 1959 χ

325 1970 431 2052 locos,
453 1968 511 2034 ubi
532 1967 645 2034 eadem
666 1967 831 2054 leguntur,
854 1968 1009 2035 indicavi.
