3350 5442
681 361 753 425 Ans
964 404 966 409 .
1300 362 1361 426 367

1167 471 1335 527 ummo

72 550 229 611 femininis
256 557 322 629 apta
352 558 435 610 suot:
464 559 584 621 neutra,
613 569 681 611 cum
703 550 870 611 eiusmodi
893 569 942 610 res
965 552 1184 629 significantur,
1209 558 1241 610 ut
1264 570 1360 631 neque

69 652 237 712 masculino
264 670 361 731 neque
389 653 534 712 feminino
562 655 665 730 generi
694 654 815 734 proprie
844 652 988 732 adplicari
1017 654 1143 733 possint.
1189 655 1266 713 scire
1290 672 1360 714 sane

68 753 216 813 debemus
243 772 302 813 non
330 754 425 813 solum
448 772 551 815 omnes
573 755 636 815 lere
659 761 759 835 partes
782 757 940 824 orationis,
964 754 1017 815 sed
1038 756 1187 832 integram
1209 756 1359 815 interdum

68 859 236 917 orationem
251 852 336 915 verbi
351 858 471 917 nomine
492 855 588 916 solere
611 859 743 926 censeri,
766 856 892 936 ideoque
915 863 945 916 et
966 855 1056 917 verba
1078 858 1186 917 iecisse
1210 856 1269 917 dici
1293 877 1360 919 eum

41 961 121 1038 aqui
144 959 261 1019 locutus
289 959 343 1029 sit3
372 966 588 1038 proptereaque
616 958 706 1018 rerba
734 958 877 1038 appellata
906 958 1060 1027 dicuntur,
1084 960 1224 1037 quoniam
1246 959 1361 1020 scilicet

68 1064 167 1121 oratio
188 1062 254 1121 lieri
277 1078 336 1121 non
358 1062 452 1139 possit
473 1061 533 1120 nisi
556 1065 624 1121 atre
640 1059 807 1121 verberato.
838 1060 890 1121 sed
913 1060 992 1120 aliud
1015 1067 1075 1130 est,
1100 1077 1167 1121 cum
1189 1061 1361 1139 specialiter

67 1181 160 1223 unam
180 1169 296 1242 partem
319 1164 462 1223 orationis
484 1161 617 1240 intellegi
639 1161 790 1231 volumus,
814 1160 850 1220 de
873 1180 931 1240 qua
954 1179 1032 1222 nunc
1054 1161 1212 1241 loquimur.

154 1263 253 1324 Verbo
275 1264 414 1325 accidunt
435 1272 563 1343 septem,
587 1280 696 1340 genus,
726 1262 805 1342 quod
831 1262 952 1343 qrridam
975 1265 1223 1341 significationem
1246 1272 1360 1335 vocant,
1431 1266 1433 1271 '

68 1366 198 1446 qualitas
224 1373 343 1452 tempus
370 1385 512 1427 numerus
539 1367 633 1443 ligura
660 1384 789 1445 persona
816 1366 996 1442 coniugatio.
1042 1365 1093 1425 sed
1122 1368 1294 1445 priusquam
1324 1366 1360 1427 de

32 1492 56 1530 ιο
69 1468 199 1546 singulis
220 1468 369 1538 dicamus,
392 1468 463 1529 illud
480 1467 660 1545 generaliter
675 1468 893 1529 admonendum
910 1473 968 1537 est,
991 1467 1070 1547 quod
1092 1486 1147 1547 per
1170 1487 1273 1529 omnes
1296 1470 1360 1529 sere

66 1577 171 1650 partes
198 1589 273 1650 quae
301 1570 392 1631 verbo
421 1570 560 1631 accidunt
581 1569 673 1630 verba
695 1570 852 1639 deficiunt,
876 1576 910 1629 ut
932 1569 986 1629 suli
1009 1570 1058 1630 his
1079 1572 1154 1649 ipsis
1176 1570 1359 1631 demonstra·

68 1672 179 1733 bimus.
223 1673 368 1752 quaedam
391 1680 489 1733 tamen
510 1669 602 1732 rerba
630 1689 689 1731 non
716 1671 810 1732 solum
837 1674 870 1732 iu
898 1671 1029 1749 singulas
1050 1679 1167 1752 partes,
1192 1671 1242 1732 sed
1266 1678 1359 1735 inter·

67 1775 137 1836 dum
162 1777 195 1835 in
215 1775 317 1855 plures
339 1776 484 1835 defectiva
506 1781 584 1835 sunt.

153 1875 270 1937 Genera
299 1879 362 1937 sive
389 1878 620 1955 significationes
648 1877 779 1956 quinque
808 1883 892 1945 sunt,
922 1878 1064 1945 activum,
1093 1883 1127 1936 ut
1153 1877 1220 1954 lego
1248 1876 1358 1948 scribo,
1372 1879 1458 1943 aaut

35 2004 55 2041 15
69 1980 233 2057 passivum,
263 1986 298 2040 ut
322 1980 406 2057 legor
427 1977 558 2048 scribor,
588 1977 736 2047 neutrale,
761 1985 794 2038 ut
816 1984 861 2038 sto
884 1996 987 2047 curro,
1011 1978 1177 2057 deportem,
1201 1986 1235 2038 ut
1256 1979 1359 2059 loquor

66 2081 179 2150 luctor,
210 2099 380 2150 commune,
415 2088 448 2140 ut
480 2079 616 2141 consolor
655 2081 810 2139 criminor.
856 2078 963 2140 horum
997 2082 1128 2140 omnium
1161 2083 1360 2160 proprietates

68 2186 109 2243 sic
133 2183 346 2260 intellegimus.
390 2184 484 2243 activa
507 2189 578 2242 sunt
598 2199 674 2260 quae
697 2200 714 2239 o
735 2180 837 2241 littera
859 2183 1060 2243 terminantur
1087 2188 1129 2250 et,
1159 2184 1184 2241 si
1213 2184 1361 2261 accipiant

68 2285 250 2354 rlitteram,
275 2285 388 2345 iaciunt
410 2303 446 2344 ex
468 2301 500 2343 se
522 2286 655 2363 passiva,
677 2291 711 2344 ut
732 2283 798 2361 lego
820 2282 919 2360 legor,
949 2282 1049 2343 scribo
1072 2283 1201 2344 scribon
1242 2286 1359 2365 passiva
1389 2284 1392 2291 '

69 2395 137 2447 sunt
165 2406 241 2467 quae
269 2405 285 2446 r
312 2385 412 2446 littera
441 2386 640 2446 terminantur
662 2392 706 2454 et,
737 2386 762 2444 si
786 2401 851 2445 eam
874 2386 1025 2455 amittant,
1048 2386 1176 2446 redeunt
1197 2388 1231 2446 in
1253 2389 1358 2457 activa,

35 2496 101 2565 sumt
127 2489 211 2567 legor
239 2488 320 2566 lego,
349 2485 466 2548 scribor
496 2484 605 2547 scribo.
651 2486 703 2547 sed
730 2487 804 2548 haec
831 2487 1007 2567 plerumque
1037 2489 1269 2565 significationes
1292 2506 1360 2549 suas

69 2597 198 2660 mutant,
233 2597 265 2650 ut
297 2608 366 2649 ecce
401 2587 568 2669 [intellectu
589 2588 720 2669 passivo]
751 2591 833 2667 fugio
862 2591 962 2649 timeo.
996 2608 1064 2650 nam
1091 2591 1142 2669 qui
1174 2590 1248 2650 dicit
1276 2590 1359 2668 logio

70 2696 160 2753 timeo
182 2694 267 2772 quasi
288 2693 415 2771 patitur,
439 2710 507 2752 curn
528 2691 687 2752 declinatio
703 2692 797 2751 activa
819 2692 869 2750 sit.
912 2697 942 2750 et
965 2697 1067 2751 contra
1089 2692 1141 2770 qui
1164 2691 1237 2751 dicit
1259 2692 1357 2769 fugior

69 2796 177 2855 timeor
212 2796 296 2873 quasi
332 2796 458 2855 actionis
490 2795 591 2854 nescio
625 2793 696 2873 quid
730 2794 892 2870 significat:
930 2800 1013 2854 actus
1043 2795 1122 2853 enim
1157 2801 1203 2853 est
1237 2793 1357 2872 quidam

70 2900 133 2956 eius
161 2898 211 2976 qui
241 2897 354 2974 fugitur
382 2896 427 2955 vel
455 2898 505 2975 qui
534 2896 666 2956 timetur.
710 2894 784 2955 haec
812 2894 1028 2955 consideranda
1056 2901 1125 2955 sunt
1147 2894 1306 2973 diligenter
1328 2902 1358 2955 et

36 3017 122 3077 asper
145 3016 248 3059 omnes
268 2998 372 3058 modos
399 2997 629 3058 declinationum
658 3015 779 3058 suarum
807 2996 1082 3066 animadvertenda,
1112 2994 1220 3077 ultrum
1244 2995 1359 3058 scilicet

71 3101 168 3161 omnia
190 3118 331 3160 conversa
360 3100 575 3177 significatione
604 3099 777 3178 procedant.
821 3106 927 3159 neutra
949 3106 1018 3159 sunt
1039 3116 1114 3178 quae
1136 3118 1154 3157 o
1175 3098 1275 3159 littera
1298 3105 1357 3159 ter·

71 3205 220 3263 minantur
242 3210 284 3271 et,
308 3204 334 3262 si
357 3203 505 3280 accipiant
525 3220 541 3261 r
563 3202 707 3271 litteram,
730 3201 821 3262 latina
844 3219 904 3262 non
926 3208 1009 3269 sunt,
1040 3207 1072 3261 ut
1094 3208 1139 3260 sto
1162 3218 1265 3260 curro:
1299 3218 1358 3260 non

72 3308 151 3365 enirn
172 3304 297 3365 latinum
326 3310 371 3364 est
398 3311 460 3363 stor
482 3322 596 3364 curror.
641 3304 819 3384 deponentia
842 3310 911 3364 sunt
932 3321 1045 3382 quaer
1073 3302 1174 3363 littera
1195 3304 1357 3363 terminan-

73 3415 119 3466 tur
140 3414 183 3474 et,
206 3408 232 3465 si
255 3423 320 3465 eam
343 3407 494 3475 amittant,
517 3405 608 3466 latina
630 3424 689 3465 non
713 3414 796 3475 sunt,
821 3411 853 3465 ut
874 3405 978 3485 loquor
1001 3404 1167 3464 conluctor:
1196 3423 1254 3465 non
1278 3406 1359 3465 enim

40 3509 195 3577 plotinum
216 3513 262 3567 est
282 3506 370 3586 loquo
393 3514 442 3568 aut
464 3507 610 3567 conlucto.
655 3508 823 3577 communia
845 3514 914 3567 sunt
935 3524 1009 3585 quae
1032 3524 1048 3564 r
1076 3506 1176 3565 littera
1199 3506 1357 3566 terminata

73 3610 195 3670 induas
223 3609 334 3669 formas
362 3608 471 3668 cadunt
497 3610 639 3687 patientis
669 3615 700 3668 et
721 3611 850 3687 agentis,
873 3616 907 3668 ut
929 3607 1064 3667 consolor
1086 3604 1239 3668 criminor.
1284 3608 1358 3668 haec

74 3714 151 3772 enim
173 3713 275 3790 specie
296 3717 411 3771 tantum
432 3712 549 3789 passiva
572 3710 772 3779 declinantur,
795 3710 848 3770 sed
871 3712 965 3771 activa
987 3712 1164 3787 significatio
1186 3729 1287 3771 casum
1310 3730 1356 3771 ac-

75 3816 233 3874 cusatiurm
255 3814 406 3892 sequitur;
435 3812 563 3873 dicimus
590 3813 668 3873 enim
698 3812 833 3873 consolor
860 3812 998 3881 tratrem,
1023 3814 1165 3873 criminor
1187 3814 1356 3873 inimicum:

75 3917 184 3994 passiva
206 3933 277 3975 vero
300 3914 474 3984 ablativum,
497 3921 532 3975 ut
553 3914 689 3975 consolor
711 3934 727 3975 a
750 3915 857 3984 fratre,
882 3916 1025 3975 criminor
1048 3914 1084 3974 alr
1108 3916 1239 3974 inimico.
1285 3914 1357 3975 illud

139 4088 155 4134 4
172 4085 282 4147 ideoque
297 4084 376 4133 uerba
394 4083 487 4135 iecisse
507 4099 564 4134 eum
584 4086 628 4149 qui
643 4085 743 4134 locutus
761 4086 795 4134 sit
811 4084 898 4135 dicunt
917 4085 947 4134 M
1017 4086 1033 4135 5
1052 4082 1180 4149 appellata
1198 4084 1315 4135 dicuntur
1334 4086 1358 4134 B

76 4155 196 4220 appellato
214 4164 274 4206 sont
290 4153 321 4202 M
338 4162 397 4203 sunt
414 4154 542 4219 appellata
562 4155 587 4203 L
674 4154 706 4205 16
725 4155 844 4205 consulor
861 4154 927 4205 BM
931 4154 955 4203 L
1041 4156 1072 4206 17
1094 4163 1119 4203 et
1131 4171 1177 4207 om.
1195 4151 1287 4205 BML

78 4226 224 4289 ltparcius
241 4252 277 4261 -
295 4221 329 4273 20
341 4223 424 4274 scribo
439 4239 485 4274 om.
499 4224 524 4274 B
572 4224 606 4275 19
623 4226 787 4275 terminentur
806 4226 828 4275 si
847 4240 902 4274 eom
921 4225 1036 4275 amittant
1055 4233 1080 4273 et
1097 4225 1201 4275 redeant
1223 4224 1254 4273 M
1270 4225 1357 4274 termi-

78 4302 205 4344 maturet
226 4308 284 4344 eam
306 4295 420 4345 amittent
438 4293 543 4344 redeant
559 4293 584 4344 L
654 4293 688 4344 20
710 4294 756 4345 sed
775 4296 800 4344 in
819 4294 867 4343 hoe
886 4295 919 4345 M
936 4295 1022 4344 sedin
1041 4294 1089 4343 hoe
1102 4294 1156 4345 BL
1226 4296 1258 4345 21
1283 4295 1357 4344 intel-

78 4363 137 4412 lectu
152 4366 254 4429 passivo
271 4379 317 4416 om.
334 4363 395 4412 ML
465 4364 498 4413 22
514 4366 588 4427 quasi
607 4364 650 4427 qui
668 4364 762 4430 patitur
777 4364 808 4413 M
876 4364 910 4415 23
929 4364 1001 4427 quasi
1018 4364 1115 4415 actione
1133 4365 1217 4414 neseio
1238 4364 1304 4429 (scio
1319 4363 1355 4427 L)

79 4434 135 4496 quid
151 4434 204 4484 BL
221 4435 296 4498 quasi
314 4434 397 4483 octioo
422 4448 514 4501 genere
532 4434 640 4485 dixisset
658 4435 743 4485 nescio
762 4435 824 4498 quid
846 4434 988 4498 (adscripto
1009 4436 1035 4483 io
1051 4450 1131 4499 nmrg.
1151 4450 1229 4498 quare
1247 4434 1306 4493 hoo)
1327 4435 1356 4483 M

141 4505 172 4553 25
189 4504 415 4554 animaduertenda
433 4511 492 4552 sont
509 4514 593 4555 utrum
612 4503 644 4553 M
711 4504 746 4552 211
760 4504 927 4556 terminantur
939 4506 962 4553 si
974 4504 1006 4553 M
1013 4505 1036 4554 L
1054 4504 1129 4554 tenni
1145 4506 1168 4554 si
1180 4505 1206 4555 B
1224 4505 1358 4555 terminata

79 4574 98 4619 si
110 4572 245 4624 samareus
328 4572 363 4624 29
382 4583 407 4623 et
425 4588 470 4623 orn.
489 4574 554 4623 ΒΜ
557 4574 581 4622 L
666 4571 699 4624 30
714 4573 769 4624 loeo
788 4585 832 4625 eut
850 4576 965 4625 conlecto
984 4573 1015 4622 M
1034 4573 1108 4636 loquo
1128 4582 1152 4623 et
1170 4574 1284 4624 conlucto
1300 4575 1355 4625 BL

143 4642 173 4694 31
191 4643 415 4695 consulorBML
466 4642 500 4695 32
515 4651 611 4695 tontum
633 4644 792 4710 passiuomm
811 4644 844 4693 M
893 4645 976 4695 octiua
991 4651 1029 4695 est
1043 4644 1194 4709 significatio
1212 4646 1255 4695 L:
1273 4646 1357 4695 actiui

80 4712 283 4776 significationem
301 4716 363 4764 cosia
383 4714 463 4780 (corr.
480 4712 567 4778 cesus)
582 4729 667 4766 accus.
683 4716 798 4777 sequitur
817 4716 851 4765 M
918 4713 951 4766 33
971 4713 1090 4765 consulor
1103 4713 1160 4764 BL
1211 4712 1354 4780 inimicum]

81 4780 176 4832 tratrem
188 4785 243 4834 BL
313 4784 348 4835 34
364 4786 470 4850 pessiua
488 4799 548 4834 uero
567 4786 704 4835 abletiuum
721 4784 819 4835 BML
841 4784 972 4851 possiuam
991 4800 1050 4835 uero
1066 4782 1192 4835 ablatiuus
1211 4801 1234 4835 m
1286 4784 1356 4835 obla-

81 4852 156 4901 tiuom
171 4861 266 4904 tantum
282 4854 307 4904 B
377 4854 494 4904 consolor
509 4854 564 4905 BL
634 4854 666 4903 ab
683 4852 798 4922 inimico]
819 4855 926 4905 alratre
941 4856 998 4906 BL
