3350 5442
301 278 366 342 230
878 277 1030 341 Ponetur

328 402 349 443 p·
364 390 454 429 aot-0³
469 386 490 426 L.

301 471 326 531 si
349 486 415 528 amo
437 466 521 529 illum
543 470 709 546 praesentis
731 475 789 537 est,
820 475 850 528 et
877 466 928 526 odi
952 465 1036 527 illum
1065 468 1206 545 temporis
1233 468 1401 547 praesentis
1429 477 1482 528 est.
1524 488 1595 530 ecce

302 569 428 633 elocutio
451 569 539 630 docet
559 568 618 629 lroc
640 570 738 651 ipsum
761 568 884 630 terbum
907 568 958 629 odi
979 588 1045 631 esse
1067 570 1233 649 praesentis
1254 570 1408 648 temporis.
1452 570 1596 648 numquid

303 674 380 733 enim
404 673 447 731 sic
469 669 545 741 dico,
570 672 681 733 ‘amavi
703 670 824 731 illum’t
857 689 932 740 non,
957 670 1010 732 sed
1033 669 1136 731 ‘illum
1158 670 1309 732 hominem
1332 656 1428 733 amo'.
1472 691 1542 751 ergo
1570 682 1598 733 et

302 776 343 836 ita
366 774 440 843 dieo,
464 772 568 834 ‘illum
590 772 740 833 hominem
759 772 846 833 odi’:
886 771 1177 853 quemadmodum
1202 770 1298 853 [dico]
1323 772 1426 836 ‘illum
1448 775 1596 835 hominem

303 878 387 938 amo’
412 884 529 955 tempus
555 894 699 955 praesens
721 882 779 945 est,
807 877 851 936 sic
872 882 903 936 et
924 873 1024 935 ‘illum
1047 874 1198 935 hominem
1220 875 1287 937 odi'
1312 877 1377 937 sine
1400 875 1490 935 dubio
1510 894 1619 955 prae-n

303 981 394 1039 sentis
417 986 470 1039 est.
518 996 589 1056 ergo
612 977 728 1038 videtur
751 976 800 1038 odi
822 979 965 1056 temporis
987 976 1051 1038 es'se
1073 980 1241 1058 praesentis
1269 977 1435 1040 seeundum
1459 976 1597 1038 elocutio·

304 1100 388 1149 nem;
423 1079 588 1141 secundum
617 1088 710 1139 artem
738 1097 798 1140 non
825 1086 923 1158 potest
950 1097 1024 1140 osse.
1070 1098 1128 1159 qua
1148 1081 1281 1141 ratione?
1317 1081 1459 1161 quoniam
1485 1078 1598 1141 nullum

304 1195 422 1263 tempus
449 1199 592 1262 praesens
621 1179 767 1261 estquod
795 1182 827 1241 in
849 1182 860 1240 i
883 1183 978 1242 mittat
1001 1179 1051 1262 [ut
1073 1190 1119 1243 est
1139 1181 1228 1253 illud,
1258 1180 1358 1263 nato],
1388 1200 1508 1261 semper
1529 1185 1599 1242 ino

305 1288 373 1349 erit.
419 1284 497 1364 quod
521 1300 592 1363 ergo
614 1292 732 1363 tempus
756 1284 825 1352 erit,
851 1300 1042 1360 quaeramus,
1065 1284 1144 1364 quod
1165 1286 1197 1345 in
1218 1286 1230 1345 i
1251 1286 1325 1354 exit,
1354 1292 1384 1344 et
1405 1291 1478 1345 tunc
1497 1304 1600 1365 possu-

306 1407 373 1449 mus
396 1386 432 1448 ad
455 1386 535 1449 illius
557 1384 780 1447 similitudinem
803 1386 862 1447 hoe
883 1386 991 1456 lacere,
1015 1385 1074 1447 odi.
1118 1388 1177 1446 leci
1197 1385 1258 1465 legi
1279 1388 1386 1466 scripsi
1408 1390 1599 1467 praeteritum
1612 1409 1633 1445 n

308 1499 425 1569 tempus
447 1497 492 1550 est
512 1489 687 1569 perlectum.
734 1506 804 1566 ergo
827 1490 884 1548 ista
906 1488 996 1550 dubia
1018 1490 1096 1569 siqui
1118 1496 1146 1550 to
1174 1490 1403 1567 interrogaverit
1435 1497 1465 1550 et
1495 1489 1600 1551 dixerit

302 1587 369 1653 '‘odi
392 1593 475 1652 cuius
497 1592 640 1670 temporis
663 1592 750 1659 estl’,
775 1592 801 1649 si
823 1590 859 1650 ad
876 1589 1082 1662 elocutionem,
1106 1590 1238 1651 concedo
1261 1589 1316 1651 tibi
1331 1599 1364 1652 ut
1377 1592 1417 1651 sit
1438 1592 1600 1672 praesentis

309 1694 464 1774 temporis;
488 1694 513 1753 si
535 1692 572 1754 ad
594 1690 744 1771 regeriam,
769 1711 892 1754 neeesse
914 1690 1010 1753 habeo
1038 1693 1140 1754 dicere
1161 1693 1315 1772 praeteriti
1337 1696 1493 1773 temporis.
1539 1694 1600 1753 nul·

308 1796 368 1857 lum
400 1794 478 1857 enim
505 1801 601 1874 potest
627 1812 770 1874 praesens
797 1801 916 1874 tempus
944 1796 1025 1855 exire
1052 1798 1083 1856 in
1109 1794 1269 1856 indicativo
1298 1794 1388 1855 modo
1420 1796 1480 1855 nisi
1510 1798 1543 1856 in
1574 1816 1599 1854 o.

310 1916 378 1959 eece
401 1894 493 1959 habes
517 1896 608 1958 verba
630 1897 685 1957 alia
707 1898 738 1956 in
761 1895 879 1975 regulis,
902 1894 959 1956 alia
981 1898 1013 1957 in
1036 1895 1262 1960 elocutionibus,
1305 1896 1435 1958 alterum
1456 1898 1632 1959 adiectumrs

309 1997 420 2061 habent
441 2000 470 2059 in
495 1996 727 2068 elocutionibus,
756 1996 884 2059 alterum
906 2000 937 2058 in
960 2001 1080 2078 regulis.
1124 2018 1205 2071 surn,
1230 2005 1260 2059 et
1282 1999 1339 2060 hoo
1361 1998 1540 2061 defectivum
1561 2009 1603 2059 est

310 2120 344 2162 ea
366 2103 495 2172 ratione,
519 2101 658 2181 quoniam
674 2099 754 2162 nulla
770 2120 839 2181 pars
854 2102 895 2162 ita
915 2102 974 2160 exit
994 2101 1164 2162 secundnm.
1180 2104 1275 2181 ipsam
1298 2100 1441 2179 regulam,
1466 2105 1600 2183 quoniam

310 2202 424 2266 nullum
451 2205 615 2283 praesentis
643 2204 785 2281 temporis
813 2202 937 2265 verbum
965 2210 1063 2283 potest
1083 2204 1211 2264 inveniri
1233 2204 1265 2262 in
1286 2222 1337 2264 um
1361 2205 1477 2279 exiens,
1502 2204 1603 2265 sedin

209 2322 336 2381 oeteo.
364 2303 367 2384 l
391 2306 448 2366 lroc
471 2313 569 2365 autem
591 2307 622 2365 in
645 2324 693 2365 um
719 2307 791 2375 exit,
816 2324 888 2384 ergo
909 2305 1087 2366 defectivum
1110 2314 1163 2366 est.
1209 2304 1301 2385 pudet
1323 2304 1461 2366 similiter
1484 2304 1602 2367 delecti·

311 2427 378 2469 vum
403 2416 455 2469 est.
487 2408 625 2487 superius
647 2406 775 2469 diximus
797 2407 890 2486 pudet
912 2407 1010 2467 taedet
1032 2406 1121 2467 verba
1146 2426 1211 2468 esse
1232 2407 1447 2486 inpersonulia,
1473 2418 1504 2469 et
1519 2408 1635 2469 modos

311 2513 377 2573 dieo
400 2509 557 2578 delectiva;
581 2506 632 2570 sed
656 2508 716 2569 dixi
739 2507 791 2569 tibi
816 2512 905 2571 etiam
927 2521 996 2571 tunc
1018 2512 1159 2590 quoniam
1181 2510 1287 2571 tertiae
1310 2518 1549 2589 sunt'personae
1570 2510 1603 2570 de

313 2612 402 2674 verbo
429 2612 571 2692 perlecto.
617 2621 649 2671 ut
676 2618 747 2691 puta
774 2611 836 2673 noli
863 2613 938 2674 haee
965 2630 1078 2692 ponere
1107 2610 1256 2692 exempla,
1285 2612 1339 2674 sed
1366 2611 1422 2673 alia
1445 2631 1603 2692 ponamus:

313 2724 385 2795 puta
408 2714 501 2775 doceo
525 2714 614 2775 doces
637 2713 725 2775 docet
746 2712 805 2775 tale
828 2725 873 2775 est
902 2730 990 2792 quem
1012 2714 1049 2776 ad
1070 2715 1191 2791 modurn
1205 2713 1293 2784 illud,
1317 2715 1407 2776 sedeo
1423 2713 1512 2775 sedes
1528 2713 1607 2775 sedet

313 2818 371 2896 tale
394 2823 439 2877 est
467 2799 553 2896 quale
580 2815 686 2895 pudet,
716 2815 774 2875 tale
803 2825 848 2877 est
875 2815 962 2897 quale
989 2818 1131 2897 paenitet.
1174 2834 1246 2895 ergo
1268 2817 1337 2878 ideo
1359 2816 1420 2877 dixi
1442 2815 1533 2876 modo
1554 2818 1605 2877 ista

313 2917 403 2980 verba
426 2936 492 2979 esse
515 2918 675 2993 defectiva,
699 2920 765 2997 quia
787 2920 819 2978 in
843 2928 872 2980 et
894 2928 1016 2989 exeunt,
1041 2928 1070 2980 et
1092 2921 1190 2980 omnia
1213 2921 1340 2999 quaein
1363 2928 1393 2979 et
1415 2926 1527 2980 exeunt
1548 2925 1635 2979 ter-e

314 3024 371 3083 tiae
394 3028 464 3082 sunt
485 3038 630 3101 personae
653 3038 670 3079 a
692 3018 790 3081 verbis
811 3022 960 3099 perlectis.
1007 3023 1112 3083 sinna
1135 3029 1181 3083 est
1203 3019 1404 3082 deficientibus
1427 3020 1557 3088 duabus.
1580 3029 1606 3081 et

314 3122 364 3184 illo
387 3121 452 3183 loco
475 3121 552 3183 hene
574 3120 764 3201 inpersonale
787 3122 856 3192 diri,
873 3130 903 3183 et
917 3123 974 3184 hoc
996 3121 1062 3183 loeo
1077 3122 1155 3183 hene
1177 3122 1354 3185 defectivum
1377 3124 1445 3197 dixi,
1470 3126 1606 3203 quoniam

315 3225 429 3287 videtur
452 3225 508 3285 hoc
531 3226 641 3285 tactum
664 3242 730 3285 esse
753 3224 876 3286 verbum
898 3224 1023 3305 perditis
1045 3224 1158 3286 duabus
1179 3228 1325 3305 personis.

198 3351 255 3411 437,
272 3352 302 3400 ¹3
399 3324 529 3387 Verbum
558 3345 646 3406 quarn
674 3325 903 3388 declinationem
926 3326 1109 3388 inchoaverit
1136 3326 1173 3389 ab
1202 3329 1294 3396 initio,
1318 3330 1412 3407 ipsam
1435 3328 1527 3389 debet
1547 3348 1604 3389 ser·

317 3416 385 3493 vare
408 3428 559 3510 usquead
582 3430 680 3489 finem.
725 3436 796 3508 puta
819 3431 946 3489 activum
969 3448 1062 3509 usque
1086 3428 1121 3489 ad
1146 3431 1234 3489 tinem
1257 3432 1349 3509 ipsam
1372 3428 1463 3490 dehet
1485 3433 1637 3491 activanro

317 3551 451 3601 servare,
485 3534 633 3611 passivum
666 3548 759 3609 usque
793 3531 828 3590 ad
863 3532 951 3591 finem
978 3534 1125 3611 passivam
1154 3530 1244 3592 debet
1270 3550 1397 3593 servare.
1442 3541 1516 3612 puta
1543 3532 1606 3611 lego

317 3636 443 3697 activum
473 3642 529 3705 est,
560 3632 625 3712 lege
654 3636 779 3694 activum
809 3642 867 3703 est,
898 3636 1010 3695 utinam
1040 3634 1170 3713 legerem
1192 3636 1317 3695 activum
1342 3641 1399 3705 est,
1423 3654 1490 3695 cnm
1514 3633 1607 3713 legam

317 3738 443 3799 activum
468 3744 526 3805 est,
549 3754 605 3815 per
627 3754 731 3797 omnes
754 3736 858 3798 modos
880 3736 969 3797 debet
992 3756 1056 3797 esse
1079 3737 1214 3798 activum.
1251 3738 1357 3797 iterum
1380 3736 1475 3816 legor,
1497 3735 1607 3817 legere,

276 3902 279 3907 .
318 3842 429 3903 utinam
457 3838 590 3917 legerer,
620 3856 686 3899 cunr
715 3837 811 3916 legar,
842 3838 953 3916 ultique
976 3839 1090 3918 passiva
1112 3837 1270 3900 declinatio
1293 3848 1346 3899 est.
1390 3858 1462 3918 ergo
1485 3839 1622 3905 verbum.

319 3960 408 4023 quam
430 3939 656 4001 declinationem
686 3940 884 4011 inchoaverit,
909 3943 1001 4021 ipsam
1029 3940 1119 4001 debet
1145 3940 1311 4021 perducere
1335 3959 1427 4021 usque
1455 3941 1492 4001 ad
1520 3942 1638 4002 linens

320 4045 449 4123 exceptis
477 4043 588 4122 paucis.
634 4060 702 4103 nam
730 4049 799 4103 sunt
827 4041 914 4104 verba
938 4062 1012 4123 quae
1035 4044 1161 4104 miscent
1182 4046 1254 4105 istas
1276 4045 1355 4123 ipsas
1378 4040 1606 4125 deelilnationes.

319 4144 462 4206 debemus
482 4142 530 4203 illa
554 4144 646 4213 scire,
671 4162 707 4203 ne
730 4143 815 4205 nobis
836 4146 945 4207 iaciant
968 4164 1113 4207 errorem.
1159 4145 1287 4224 gaudeo,
1313 4165 1383 4208 ecce
1405 4145 1462 4206 lroc
1485 4144 1607 4206 verbum

319 4247 392 4309 duas
414 4249 485 4307 istas
508 4244 720 4307 declinationes
743 4247 879 4307 contusas
907 4246 1005 4308 haltet.
1051 4266 1118 4308 nam
1141 4250 1449 4328 praesenti·tempore
1472 4256 1502 4308 et
1524 4268 1607 4327 prae-

389 4436 422 4486 12
440 4435 549 4485 concedo
567 4434 612 4484 tihi
630 4435 714 4485 dicere
733 4441 759 4483 ut
778 4435 811 4484 sit
829 4434 853 4483 B
924 4434 956 4485 13
974 4435 1070 4484 nullum
1089 4436 1155 4484 enim
1175 4443 1259 4501 potest
1273 4477 1362 4490 ,,,,,
1382 4437 1451 4485 exire
1471 4436 1496 4485 A
1515 4436 1608 4488 nullum

320 4508 388 4555 euim
405 4506 508 4555 uerbum
528 4514 612 4570 potest
630 4506 757 4571 praesenti
777 4514 891 4569 tempore
909 4506 979 4554 exire
998 4522 1015 4555 a
1069 4507 1101 4556 14
1119 4506 1145 4554 in
1164 4506 1172 4554 i
1191 4504 1329 4557 indicatiuo
1348 4506 1430 4557 ABG
1482 4506 1515 4557 16
1533 4507 1607 4557 habet

320 4578 346 4624 in
362 4576 544 4625 elocutionibus
562 4576 615 4625 Bu
634 4574 708 4625 habet
734 4576 758 4624 in
782 4575 947 4625 elocutionem
970 4577 993 4623 A
1064 4577 1096 4626 el
1122 4577 1197 4625 etiam
1215 4590 1259 4626 om.
1278 4576 1314 4641 A,
1329 4579 1421 4629 oddo
1492 4578 1527 4628 27
1545 4578 1607 4627 bene

318 4646 406 4709 priore
422 4648 475 4695 loco
492 4660 538 4695 om.
552 4645 584 4705 A,
600 4645 661 4695 add.
679 4661 695 4693 a
754 4646 788 4696 28
805 4646 900 4695 lactum
919 4646 1024 4695 uerbum
1044 4662 1100 4695 esse
1120 4646 1202 4695 ABG
1270 4647 1304 4698 29
1322 4664 1397 4710 quum
1416 4648 1606 4699 declinationem

321 4714 373 4766 Bc
393 4716 585 4765 declinationem
604 4730 680 4779 quam
696 4714 741 4764 Ab
828 4711 862 4765 30
884 4727 945 4779 puta
967 4718 1074 4779 {retinam
1094 4731 1176 4779 usque
1193 4716 1277 4767 ABG
1365 4717 1396 4769 31
1418 4720 1548 4782 pessiunm
1569 4736 1608 4769 us-

322 4800 369 4847 que
387 4786 468 4836 ABG
528 4784 570 4857 ,37
589 4786 710 4835 debemus
729 4784 785 4835 illas
801 4788 866 4835 scire
886 4786 927 4835 Cn
945 4787 1065 4837 debemus
1082 4788 1146 4836 seire
1165 4788 1189 4835 A
