3350 5442
340 1200 595 1312 &atatim

244 1361 298 1465 o.
326 1315 620 1460 huauuu
646 1365 1076 1492 raunuuours
1103 1373 1229 1472 aas

400 1567 402 1570 ’
452 1583 489 1732 n
529 1583 555 1672 s
595 1512 704 1670 Pa
744 1588 764 1670 1
840 1509 1021 1677 Ans

650 1827 816 1838 ———-

176 1956 380 2026 Palaemonis
409 1969 442 2026 et
461 1961 562 2048 Aspri
584 1973 671 2028 artes
693 1963 834 2049 primum
856 1961 965 2028 editae
987 1973 1063 2030 sunt
1084 1965 1167 2029 Fani
1189 1979 1284 2032 annox
1300 1967 1381 2032 1503

77 2061 150 2126 hoo
173 2061 285 2144 titulo,
315 2062 373 2144 ‘Q.
397 2063 547 2128 Rhemnii
570 2063 773 2129 Palaemonis
801 2087 855 2130 ars
882 2067 1097 2150 grammatica
1118 2066 1270 2133 secunda.
1315 2070 1380 2134 Ars

79 2165 191 2251 Aspri
217 2164 355 2231 iunioris
383 2166 596 2250 grammatici.
641 2164 729 2230 Aelii
750 2166 872 2232 Donati
899 2165 999 2234 editio
1027 2168 1143 2255 prima.
1186 2168 1312 2234 Donati
1341 2168 1381 2233 de

82 2276 164 2331 octo
186 2267 337 2353 partibus
360 2267 516 2332 orationis
539 2266 639 2334 editio
662 2269 815 2334 secunda.
846 2269 995 2335 Donatus
1011 2271 1053 2336 de
1067 2270 1280 2336 barbarismo.
1307 2270 1381 2336 Ser-

81 2369 164 2432 vius
187 2378 219 2432 et
242 2369 375 2454 Sergius
397 2369 431 2432 in
453 2369 629 2434 secundam
644 2369 768 2435 Donati
790 2369 977 2436 editionem.
1021 2371 1119 2444 Fani,
1142 2361 1278 2437 Hieron.
1301 2373 1380 2438 Son·

81 2472 182 2534 cinus
204 2470 298 2534 nonis
321 2470 411 2558 Sept.
435 2469 546 2537 1503’.
582 2473 616 2536 in
638 2471 732 2536 initio
753 2468 830 2538 libri
852 2481 928 2536 ante
949 2471 1154 2538 Palaemonis
1177 2481 1280 2539 artem
1302 2472 1379 2558 logi·

83 2581 143 2636 tur
166 2573 365 2658 epigramma
385 2571 514 2639 Ioviani
535 2573 688 2656 Pontani,

84 2759 227 2808 IOVIANI
254 2760 408 2808 PONTANI
437 2759 577 2809 CARMEN
605 2762 652 2808 DE
681 2762 773 2809 ARTE
795 2761 1019 2811 Pnunnuoms
1041 2760 1109 2811 PER
1130 2763 1204 2812 EVM
1226 2763 1380 2812 INVENTA

486 2863 533 2911 AD
556 2855 739 2912 ANTONIVM
759 2865 992 2913 Panonulrnu

242 2968 483 3034 Grammaticae
505 2979 615 3056 partes
637 2989 732 3034 casus
755 2979 788 3034 et
809 2971 943 3034 nomina
963 2976 1126 3034 monstrat

291 3093 344 3136 ars
367 3093 455 3154 mea,
478 3093 606 3160 quoque
628 3071 725 3137 modo
748 3071 850 3137 dictio
872 3093 1019 3158 quaeque
1040 3070 1135 3152 fluat,

242 3173 361 3259 quidve
384 3196 521 3261 sequens
543 3173 649 3261 possis
671 3173 848 3240 verborum
869 3195 1004 3239 noscere
1024 3173 1163 3254 formas,

293 3285 350 3341 aut
370 3299 511 3364 quonam
533 3275 656 3340 fuerint
677 3275 780 3342 verba
800 3274 982 3362 premenda
1002 3275 1092 3361 iugo.

242 3386 371 3444 caetera
392 3389 468 3444 sunt
489 3399 592 3465 parvo
614 3379 752 3465 carptim
774 3385 956 3443 memorata
976 3377 1103 3460 libello,

291 3481 419 3568 plenius
442 3491 517 3546 ante
539 3487 625 3545 artes
647 3501 730 3567 quae
752 3479 891 3546 docuere
912 3500 1014 3545 meae.

243 3597 278 3653 at
299 3609 350 3650 mo
372 3582 557 3652 confectum
578 3583 664 3647 carie
686 3583 840 3669 turpique
862 3592 995 3647 senecta

292 3687 430 3756 rodebat
450 3709 578 3752 murum
600 3685 698 3750 dente
720 3682 867 3749 timenda
887 3683 1018 3765 cohors,

242 3786 460 3878 sensissetque
480 3791 598 3854 iterum
621 3785 766 3852 crudelia
786 3784 859 3851 fata
878 3783 1071 3868 Palaemon,

292 3895 432 3962 iuvisset
452 3893 558 3980 pietas
580 3890 631 3973 ni,
653 3887 807 3969 Ioviane,
831 3897 904 3969 tua,

243 3997 334 4064 cuius
356 4019 443 4062 nunc
464 3992 588 4061 meritis
610 4002 725 4080 optata
745 3990 896 4079 perfruor
918 4011 1015 4073 aura,

293 4100 417 4166 Antoni
439 4098 549 4165 doctos
571 4098 678 4161 iussus
701 4093 793 4159 adire
814 4093 911 4158 lares.

91 4231 154 4272 non
182 4203 285 4269 multo
314 4202 513 4288 antiquiores
540 4210 648 4265 autem
675 4219 772 4283 quam
798 4195 923 4260 editum
949 4195 1115 4281 exemplar
1144 4206 1219 4260 sunt
1251 4195 1380 4261 codices

92 4330 190 4373 manu
212 4305 340 4391 scripti,
364 4303 420 4391 qui
441 4313 615 4388 utrumque
637 4299 757 4365 librum
778 4297 952 4378 exhibent,
974 4295 1128 4363 Vaticani
1152 4297 1231 4361 1491
1249 4298 1381 4362 et1492

94 4422 125 4476 et
146 4407 338 4494 Baginensis
363 4406 460 4487 1818,
483 4403 643 4468 chartacei
666 4422 776 4467 omnes
805 4409 838 4465 et
866 4407 1004 4465 exeunte
1026 4399 1141 4486 quinto
1164 4399 1289 4476 decimo
1312 4422 1379 4465 sae-

93 4512 164 4579 culo
194 4509 325 4596 scripti,
354 4531 396 4574 ex
423 4506 541 4594 quibus
569 4528 608 4571 ea
634 4526 718 4592 quae
744 4503 809 4568 buc
836 4502 1002 4590 pertinent
1022 4501 1208 4568 adscribam
1219 4503 1262 4587 ²¹³).
1306 4501 1379 4568 eod.

177 4699 203 4768 *l
221 4701 331 4753 Indices
350 4700 430 4750 trium
448 4697 582 4760 codicum,
601 4710 670 4760 quos
688 4694 753 4746 olim
772 4693 883 4745 exhibui
902 4693 976 4744 anal.
994 4707 1106 4760 gramm.
1125 4692 1206 4743 Halia
1225 4709 1249 4743 a.
1270 4693 1335 4744 1848
1353 4709 1379 4758 p.

95 4789 125 4840 15
143 4793 172 4840 at
188 4788 221 4840 25
237 4787 284 4838 hic
301 4791 440 4852 repetam,
459 4787 489 4834 ut
501 4797 594 4834 omues
612 4797 645 4832 ex
658 4796 709 4832 uno
728 4780 803 4832 tonte
815 4782 910 4832 ductos
923 4794 984 4831 asse
995 4777 1141 4846 adpareat.
1164 4777 1379 4832 cod.Vat.1491
