<?xml version="1.0" encoding="UTF-8"?>
<!DOCTYPE html PUBLIC "-//W3C//DTD XHTML 1.0 Transitional//EN"
    "http://www.w3.org/TR/xhtml1/DTD/xhtml1-transitional.dtd">
<html xmlns="http://www.w3.org/1999/xhtml" xml:lang="en" lang="en">
 <head>
  <title>
</title>
<meta http-equiv="Content-Type" content="text/html;charset=utf-8" />
  <meta name='ocr-system' content='tesseract 3.04.00' />
  <meta name='ocr-capabilities' content='ocr_page ocr_carea ocr_par ocr_line ocrx_word'/>
</head>
<body>
  <div class='ocr_page' id='page_1' title='image "./grammaticilatin02hagagoog_0064.png"; bbox 0 0 3350 5442; ppageno 0'>
   <div class='ocr_carea' id='block_1_1' title="bbox 36 353 1489 2875">
    <p class='ocr_par' dir='ltr' id='par_1_1' title="bbox 36 353 1489 2875">
     <span class='ocr_line' id='line_1_1' title="bbox 704 353 1391 424; baseline 0.01 -7"><span class='ocrx_word' id='word_1_1' title='bbox 704 353 775 418; x_wconf 73' lang='lat' dir='ltr'><strong>lits</strong></span> <span class='ocrx_word' id='word_1_2' title='bbox 1348 359 1391 424; x_wconf 83' lang='lat'><strong>55</strong></span> 
     </span>
     <span class='ocr_line' id='line_1_2' title="bbox 1195 469 1363 522; baseline -0.006 -12"><span class='ocrx_word' id='word_1_3' title='bbox 1195 482 1216 522; x_wconf 79' lang='lat' dir='ltr'><strong>p.</strong></span> <span class='ocrx_word' id='word_1_4' title='bbox 1232 471 1287 510; x_wconf 82' lang='lat' dir='ltr'><strong>rou.</strong></span> <span class='ocrx_word' id='word_1_5' title='bbox 1303 471 1326 510; x_wconf 80' lang='lat' dir='ltr'><strong>ra</strong></span> <span class='ocrx_word' id='word_1_6' title='bbox 1341 469 1363 509; x_wconf 80' lang='lat'><strong>1¹.</strong></span> 
     </span>
     <span class='ocr_line' id='line_1_3' title="bbox 81 541 1388 627; baseline 0.008 -29"><span class='ocrx_word' id='word_1_7' title='bbox 81 559 100 598; x_wconf 82' lang='lat' dir='ltr'><strong>a</strong></span> <span class='ocrx_word' id='word_1_8' title='bbox 124 542 237 620; x_wconf 88' lang='lat' dir='ltr'><strong>primis</strong></span> <span class='ocrx_word' id='word_1_9' title='bbox 259 541 524 619; x_wconf 85' lang='lat' dir='ltr'><strong>significationibus</strong></span> <span class='ocrx_word' id='word_1_10' title='bbox 547 544 594 604; x_wconf 91' lang='lat' dir='ltr'><strong>his</strong></span> <span class='ocrx_word' id='word_1_11' title='bbox 616 543 815 616; x_wconf 84' lang='lat' dir='ltr'><strong>descendunt,</strong></span> <span class='ocrx_word' id='word_1_12' title='bbox 841 546 877 607; x_wconf 90' lang='lat' dir='ltr'><strong>ab</strong></span> <span class='ocrx_word' id='word_1_13' title='bbox 901 567 936 608; x_wconf 88' lang='lat' dir='ltr'><strong>eo</strong></span> <span class='ocrx_word' id='word_1_14' title='bbox 959 548 1037 626; x_wconf 89' lang='lat' dir='ltr'><strong>quod</strong></span> <span class='ocrx_word' id='word_1_15' title='bbox 1061 557 1106 609; x_wconf 91' lang='lat' dir='ltr'><strong>est</strong></span> <span class='ocrx_word' id='word_1_16' title='bbox 1127 547 1235 610; x_wconf 80' lang='lat' dir='ltr'><strong>sorbeo</strong></span> <span class='ocrx_word' id='word_1_17' title='bbox 1259 557 1288 609; x_wconf 88' lang='lat' dir='ltr'><strong>et</strong></span> <span class='ocrx_word' id='word_1_18' title='bbox 1305 567 1388 627; x_wconf 89' lang='lat' dir='ltr'><strong>sugo.</strong></span> 
     </span>
     <span class='ocr_line' id='line_1_4' title="bbox 84 643 1489 730; baseline 0.007 -27"><span class='ocrx_word' id='word_1_19' title='bbox 84 676 127 685; x_wconf 92' lang='lat'><strong>-—</strong></span> <span class='ocrx_word' id='word_1_20' title='bbox 150 643 200 704; x_wconf 79' lang='lat' dir='ltr'><strong>Vt</strong></span> <span class='ocrx_word' id='word_1_21' title='bbox 221 645 370 722; x_wconf 76' lang='lat' dir='ltr'><strong>pytisso</strong></span> <span class='ocrx_word' id='word_1_22' title='bbox 399 645 551 706; x_wconf 76' lang='lat' dir='ltr'><strong>vacillo:</strong></span> <span class='ocrx_word' id='word_1_23' title='bbox 573 645 677 706; x_wconf 77' lang='lat' dir='ltr'><strong>vacillo</strong></span> <span class='ocrx_word' id='word_1_24' title='bbox 700 649 785 724; x_wconf 88' lang='lat' dir='ltr'><strong>quasi</strong></span> <span class='ocrx_word' id='word_1_25' title='bbox 803 665 887 727; x_wconf 90' lang='lat' dir='ltr'><strong>vago.</strong></span> <span class='ocrx_word' id='word_1_26' title='bbox 925 648 974 710; x_wconf 89' lang='lat' dir='ltr'><strong>alii</strong></span> <span class='ocrx_word' id='word_1_27' title='bbox 995 650 1218 730; x_wconf 88' lang='lat' dir='ltr'><strong>reprehendunt</strong></span> <span class='ocrx_word' id='word_1_28' title='bbox 1233 650 1388 721; x_wconf 82' lang='lat' dir='ltr'><strong>Donatum,</strong></span> <span class='ocrx_word' id='word_1_29' title='bbox 1402 666 1489 730; x_wconf 65' lang='lat' dir='ltr'><strong>sont</strong></span> 
     </span>
     <span class='ocr_line' id='line_1_5' title="bbox 82 744 1388 832; baseline 0.005 -27"><span class='ocrx_word' id='word_1_30' title='bbox 82 753 118 805; x_wconf 90' lang='lat' dir='ltr'><strong>ul</strong></span> <span class='ocrx_word' id='word_1_31' title='bbox 138 744 183 806; x_wconf 84' lang='lat' dir='ltr'><strong>ab</strong></span> <span class='ocrx_word' id='word_1_32' title='bbox 207 765 246 806; x_wconf 89' lang='lat' dir='ltr'><strong>eo</strong></span> <span class='ocrx_word' id='word_1_33' title='bbox 269 745 347 826; x_wconf 90' lang='lat' dir='ltr'><strong>quod</strong></span> <span class='ocrx_word' id='word_1_34' title='bbox 363 754 409 809; x_wconf 84' lang='lat' dir='ltr'><strong>est</strong></span> <span class='ocrx_word' id='word_1_35' title='bbox 423 754 494 827; x_wconf 88' lang='lat' dir='ltr'><strong>polo</strong></span> <span class='ocrx_word' id='word_1_36' title='bbox 516 755 628 809; x_wconf 87' lang='lat' dir='ltr'><strong>mutata</strong></span> <span class='ocrx_word' id='word_1_37' title='bbox 651 747 749 809; x_wconf 88' lang='lat' dir='ltr'><strong>littera</strong></span> <span class='ocrx_word' id='word_1_38' title='bbox 773 752 884 831; x_wconf 78' lang='lat' dir='ltr'><strong>pytisso</strong></span> <span class='ocrx_word' id='word_1_39' title='bbox 905 771 961 832; x_wconf 94' lang='lat' dir='ltr'><strong>pro</strong></span> <span class='ocrx_word' id='word_1_40' title='bbox 982 753 1095 832; x_wconf 90' lang='lat' dir='ltr'><strong>potisso</strong></span> <span class='ocrx_word' id='word_1_41' title='bbox 1113 752 1232 822; x_wconf 82' lang='lat' dir='ltr'><strong>dixerit,</strong></span> <span class='ocrx_word' id='word_1_42' title='bbox 1257 761 1286 813; x_wconf 94' lang='lat' dir='ltr'><strong>et</strong></span> <span class='ocrx_word' id='word_1_43' title='bbox 1300 752 1337 814; x_wconf 92' lang='lat' dir='ltr'><strong>ab</strong></span> <span class='ocrx_word' id='word_1_44' title='bbox 1354 771 1388 813; x_wconf 91' lang='lat' dir='ltr'><strong>eo</strong></span> 
     </span>
     <span class='ocr_line' id='line_1_6' title="bbox 80 847 1391 939; baseline 0.005 -31"><span class='ocrx_word' id='word_1_45' title='bbox 80 847 166 926; x_wconf 90' lang='lat' dir='ltr'><strong>quod</strong></span> <span class='ocrx_word' id='word_1_46' title='bbox 194 856 242 909; x_wconf 87' lang='lat' dir='ltr'><strong>est</strong></span> <span class='ocrx_word' id='word_1_47' title='bbox 264 866 354 926; x_wconf 89' lang='lat' dir='ltr'><strong>vagor</strong></span> <span class='ocrx_word' id='word_1_48' title='bbox 377 849 482 910; x_wconf 85' lang='lat' dir='ltr'><strong>vacillo</strong></span> <span class='ocrx_word' id='word_1_49' title='bbox 503 869 559 930; x_wconf 91' lang='lat' dir='ltr'><strong>pro</strong></span> <span class='ocrx_word' id='word_1_50' title='bbox 583 850 698 928; x_wconf 89' lang='lat' dir='ltr'><strong>vagillo.</strong></span> <span class='ocrx_word' id='word_1_51' title='bbox 722 885 764 896; x_wconf 86' lang='lat'>—</span> <span class='ocrx_word' id='word_1_52' title='bbox 786 852 822 913; x_wconf 86' lang='lat' dir='ltr'><strong>Et</strong></span> <span class='ocrx_word' id='word_1_53' title='bbox 844 871 934 920; x_wconf 91' lang='lat' dir='ltr'><strong>aneo,</strong></span> <span class='ocrx_word' id='word_1_54' title='bbox 957 853 1036 932; x_wconf 90' lang='lat' dir='ltr'><strong>quod</strong></span> <span class='ocrx_word' id='word_1_55' title='bbox 1062 861 1107 914; x_wconf 89' lang='lat' dir='ltr'><strong>est</strong></span> <span class='ocrx_word' id='word_1_56' title='bbox 1126 861 1235 939; x_wconf 82' lang='lat' dir='ltr'><strong>tremo,</strong></span> <span class='ocrx_word' id='word_1_57' title='bbox 1260 854 1339 917; x_wconf 91' lang='lat' dir='ltr'><strong>unde</strong></span> <span class='ocrx_word' id='word_1_58' title='bbox 1362 863 1391 915; x_wconf 92' lang='lat' dir='ltr'><strong>et</strong></span> 
     </span>
     <span class='ocr_line' id='line_1_7' title="bbox 49 951 1387 1036; baseline 0.006 -26"><span class='ocrx_word' id='word_1_59' title='bbox 49 965 62 1003; x_wconf 71' lang='lat'><strong>³</strong></span> <span class='ocrx_word' id='word_1_60' title='bbox 79 959 197 1012; x_wconf 80' lang='lat' dir='ltr'><strong>anates</strong></span> <span class='ocrx_word' id='word_1_61' title='bbox 211 951 349 1022; x_wconf 87' lang='lat' dir='ltr'><strong>dicimus,</strong></span> <span class='ocrx_word' id='word_1_62' title='bbox 366 951 445 1032; x_wconf 90' lang='lat' dir='ltr'><strong>quod</strong></span> <span class='ocrx_word' id='word_1_63' title='bbox 460 954 492 1012; x_wconf 94' lang='lat' dir='ltr'><strong>in</strong></span> <span class='ocrx_word' id='word_1_64' title='bbox 506 970 581 1030; x_wconf 88' lang='lat' dir='ltr'><strong>aqua</strong></span> <span class='ocrx_word' id='word_1_65' title='bbox 596 955 665 1024; x_wconf 89' lang='lat' dir='ltr'><strong>sint,</strong></span> <span class='ocrx_word' id='word_1_66' title='bbox 679 953 736 1014; x_wconf 89' lang='lat' dir='ltr'><strong>boo</strong></span> <span class='ocrx_word' id='word_1_67' title='bbox 748 963 794 1015; x_wconf 90' lang='lat' dir='ltr'><strong>est</strong></span> <span class='ocrx_word' id='word_1_68' title='bbox 804 957 834 1015; x_wconf 92' lang='lat' dir='ltr'><strong>in</strong></span> <span class='ocrx_word' id='word_1_69' title='bbox 847 955 968 1034; x_wconf 80' lang='lat' dir='ltr'><strong>frigore.</strong></span> <span class='ocrx_word' id='word_1_70' title='bbox 985 957 1077 1036; x_wconf 90' lang='lat' dir='ltr'><strong>siquis</strong></span> <span class='ocrx_word' id='word_1_71' title='bbox 1093 958 1202 1026; x_wconf 91' lang='lat' dir='ltr'><strong>tremit,</strong></span> <span class='ocrx_word' id='word_1_72' title='bbox 1215 975 1289 1018; x_wconf 91' lang='lat' dir='ltr'><strong>aneo</strong></span> <span class='ocrx_word' id='word_1_73' title='bbox 1302 955 1387 1028; x_wconf 85' lang='lat' dir='ltr'><strong>dicat,</strong></span> 
     </span>
     <span class='ocr_line' id='line_1_8' title="bbox 79 1054 1417 1140; baseline 0.004 -27"><span class='ocrx_word' id='word_1_74' title='bbox 79 1055 145 1114; x_wconf 87' lang='lat' dir='ltr'><strong>boc</strong></span> <span class='ocrx_word' id='word_1_75' title='bbox 160 1059 211 1114; x_wconf 87' lang='lat' dir='ltr'><strong>est</strong></span> <span class='ocrx_word' id='word_1_76' title='bbox 225 1063 332 1114; x_wconf 85' lang='lat' dir='ltr'><strong>trenm.</strong></span> <span class='ocrx_word' id='word_1_77' title='bbox 349 1089 391 1098; x_wconf 94' lang='lat'><strong>—</strong></span> <span class='ocrx_word' id='word_1_78' title='bbox 407 1055 599 1135; x_wconf 86' lang='lat' dir='ltr'><strong>Conpesco</strong></span> <span class='ocrx_word' id='word_1_79' title='bbox 616 1059 836 1136; x_wconf 89' lang='lat' dir='ltr'><strong>conpescui:</strong></span> <span class='ocrx_word' id='word_1_80' title='bbox 862 1054 1033 1140; x_wconf 88' lang='lat' dir='ltr'><strong>[conpesco]</strong></span> <span class='ocrx_word' id='word_1_81' title='bbox 1050 1057 1216 1119; x_wconf 87' lang='lat' dir='ltr'><strong>inchoativa</strong></span> <span class='ocrx_word' id='word_1_82' title='bbox 1230 1060 1285 1119; x_wconf 89' lang='lat' dir='ltr'><strong>ista</strong></span> <span class='ocrx_word' id='word_1_83' title='bbox 1301 1058 1417 1127; x_wconf 80' lang='lat' dir='ltr'><strong>verbor</strong></span> 
     </span>
     <span class='ocr_line' id='line_1_9' title="bbox 79 1155 1389 1240; baseline 0.004 -24"><span class='ocrx_word' id='word_1_84' title='bbox 79 1175 148 1216; x_wconf 92' lang='lat' dir='ltr'><strong>non</strong></span> <span class='ocrx_word' id='word_1_85' title='bbox 173 1175 243 1216; x_wconf 74' lang='lat' dir='ltr'><strong>csse</strong></span> <span class='ocrx_word' id='word_1_86' title='bbox 264 1155 411 1236; x_wconf 84' lang='lat' dir='ltr'><strong>adprobat</strong></span> <span class='ocrx_word' id='word_1_87' title='bbox 432 1165 562 1238; x_wconf 88' lang='lat' dir='ltr'><strong>tempus,</strong></span> <span class='ocrx_word' id='word_1_88' title='bbox 586 1160 657 1237; x_wconf 85' lang='lat' dir='ltr'><strong>quia</strong></span> <span class='ocrx_word' id='word_1_89' title='bbox 679 1159 810 1220; x_wconf 83' lang='lat' dir='ltr'><strong>diximus</strong></span> <span class='ocrx_word' id='word_1_90' title='bbox 831 1177 921 1240; x_wconf 91' lang='lat' dir='ltr'><strong>supra</strong></span> <span class='ocrx_word' id='word_1_91' title='bbox 942 1161 1135 1240; x_wconf 87' lang='lat' dir='ltr'><strong>praeteritum</strong></span> <span class='ocrx_word' id='word_1_92' title='bbox 1158 1179 1217 1222; x_wconf 94' lang='lat' dir='ltr'><strong>non</strong></span> <span class='ocrx_word' id='word_1_93' title='bbox 1233 1161 1389 1222; x_wconf 85' lang='lat' dir='ltr'><strong>admittere</strong></span> 
     </span>
     <span class='ocr_line' id='line_1_10' title="bbox 79 1257 1389 1343; baseline 0.005 -26"><span class='ocrx_word' id='word_1_94' title='bbox 79 1259 271 1320; x_wconf 82' lang='lat' dir='ltr'><strong>inchoativa.</strong></span> <span class='ocrx_word' id='word_1_95' title='bbox 301 1276 449 1339; x_wconf 82' lang='lat' dir='ltr'><strong>conposoo</strong></span> <span class='ocrx_word' id='word_1_96' title='bbox 463 1257 553 1320; x_wconf 88' lang='lat' dir='ltr'><strong>babet</strong></span> <span class='ocrx_word' id='word_1_97' title='bbox 568 1263 775 1340; x_wconf 87' lang='lat' dir='ltr'><strong>praeteritum:</strong></span> <span class='ocrx_word' id='word_1_98' title='bbox 797 1260 803 1341; x_wconf 84' lang='grc' dir='ltr'>Ι</span> <span class='ocrx_word' id='word_1_99' title='bbox 822 1263 890 1340; x_wconf 91' lang='lat' dir='ltr'><strong>quia</strong></span> <span class='ocrx_word' id='word_1_100' title='bbox 905 1262 975 1324; x_wconf 88' lang='lat' dir='ltr'><strong>lacit</strong></span> <span class='ocrx_word' id='word_1_101' title='bbox 990 1265 1164 1343; x_wconf 89' lang='lat' dir='ltr'><strong>conpescui,</strong></span> <span class='ocrx_word' id='word_1_102' title='bbox 1187 1263 1254 1324; x_wconf 90' lang='lat' dir='ltr'><strong>ideo</strong></span> <span class='ocrx_word' id='word_1_103' title='bbox 1269 1263 1389 1324; x_wconf 89' lang='lat' dir='ltr'><strong>inchoa·</strong></span> 
     </span>
     <span class='ocr_line' id='line_1_11' title="bbox 82 1361 1416 1442; baseline 0.006 -23"><span class='ocrx_word' id='word_1_104' title='bbox 82 1363 182 1421; x_wconf 78' lang='lat' dir='ltr'><strong>tivum</strong></span> <span class='ocrx_word' id='word_1_105' title='bbox 206 1379 270 1421; x_wconf 90' lang='lat' dir='ltr'><strong>non</strong></span> <span class='ocrx_word' id='word_1_106' title='bbox 292 1367 345 1422; x_wconf 82' lang='lat' dir='ltr'><strong>est.</strong></span> <span class='ocrx_word' id='word_1_107' title='bbox 367 1361 525 1423; x_wconf 89' lang='lat' dir='ltr'><strong>-Sunt</strong></span> <span class='ocrx_word' id='word_1_108' title='bbox 547 1379 638 1440; x_wconf 90' lang='lat' dir='ltr'><strong>quae</strong></span> <span class='ocrx_word' id='word_1_109' title='bbox 660 1364 844 1442; x_wconf 76' lang='lat' dir='ltr'><strong>originem</strong></span> <span class='ocrx_word' id='word_1_110' title='bbox 873 1365 929 1424; x_wconf 88' lang='lat' dir='ltr'><strong>sui</strong></span> <span class='ocrx_word' id='word_1_111' title='bbox 957 1381 1027 1424; x_wconf 89' lang='lat' dir='ltr'><strong>non</strong></span> <span class='ocrx_word' id='word_1_112' title='bbox 1055 1362 1209 1435; x_wconf 88' lang='lat' dir='ltr'><strong>babent,</strong></span> <span class='ocrx_word' id='word_1_113' title='bbox 1237 1373 1274 1425; x_wconf 91' lang='lat' dir='ltr'><strong>ut</strong></span> <span class='ocrx_word' id='word_1_114' title='bbox 1303 1383 1416 1435; x_wconf 80' lang='lat' dir='ltr'><strong>con-o</strong></span> 
     </span>
     <span class='ocr_line' id='line_1_12' title="bbox 36 1465 1389 1546; baseline 0.004 -24"><span class='ocrx_word' id='word_1_115' title='bbox 36 1477 66 1515; x_wconf 66' lang='lat' dir='ltr'><em>w</em></span> <span class='ocrx_word' id='word_1_116' title='bbox 81 1481 227 1524; x_wconf 79' lang='lat' dir='ltr'><strong>suesco</strong></span> <span class='ocrx_word' id='word_1_117' title='bbox 251 1465 418 1543; x_wconf 90' lang='lat' dir='ltr'><strong>quiesco:</strong></span> <span class='ocrx_word' id='word_1_118' title='bbox 443 1481 607 1526; x_wconf 89' lang='lat' dir='ltr'><strong>consuesco</strong></span> <span class='ocrx_word' id='word_1_119' title='bbox 629 1465 701 1525; x_wconf 84' lang='lat' dir='ltr'><strong>lacit</strong></span> <span class='ocrx_word' id='word_1_120' title='bbox 722 1467 876 1536; x_wconf 91' lang='lat' dir='ltr'><strong>consuevi,</strong></span> <span class='ocrx_word' id='word_1_121' title='bbox 901 1468 1021 1546; x_wconf 81' lang='lat' dir='ltr'><strong>quiesco</strong></span> <span class='ocrx_word' id='word_1_122' title='bbox 1043 1465 1113 1527; x_wconf 88' lang='lat' dir='ltr'><strong>iacit</strong></span> <span class='ocrx_word' id='word_1_123' title='bbox 1134 1467 1245 1544; x_wconf 86' lang='lat' dir='ltr'><strong>quievi,</strong></span> <span class='ocrx_word' id='word_1_124' title='bbox 1269 1466 1338 1527; x_wconf 87' lang='lat' dir='ltr'><strong>iacit</strong></span> <span class='ocrx_word' id='word_1_125' title='bbox 1360 1475 1389 1528; x_wconf 92' lang='lat' dir='ltr'><strong>et</strong></span> 
     </span>
     <span class='ocr_line' id='line_1_13' title="bbox 80 1563 1390 1652; baseline 0.002 -27"><span class='ocrx_word' id='word_1_126' title='bbox 80 1567 258 1644; x_wconf 84' lang='lat' dir='ltr'><strong>passivum,</strong></span> <span class='ocrx_word' id='word_1_127' title='bbox 281 1583 465 1626; x_wconf 89' lang='lat' dir='ltr'><strong>consuescor</strong></span> <span class='ocrx_word' id='word_1_128' title='bbox 490 1565 527 1626; x_wconf 90' lang='lat' dir='ltr'><strong>ab</strong></span> <span class='ocrx_word' id='word_1_129' title='bbox 549 1565 616 1627; x_wconf 86' lang='lat' dir='ltr'><strong>alio.</strong></span> <span class='ocrx_word' id='word_1_130' title='bbox 654 1566 723 1652; x_wconf 87' lang='lat' dir='ltr'><strong>ideo</strong></span> <span class='ocrx_word' id='word_1_131' title='bbox 746 1585 818 1647; x_wconf 91' lang='lat' dir='ltr'><strong>ergo</strong></span> <span class='ocrx_word' id='word_1_132' title='bbox 846 1568 1012 1630; x_wconf 86' lang='lat' dir='ltr'><strong>inchoativa</strong></span> <span class='ocrx_word' id='word_1_133' title='bbox 1040 1585 1100 1628; x_wconf 91' lang='lat' dir='ltr'><strong>non</strong></span> <span class='ocrx_word' id='word_1_134' title='bbox 1129 1575 1212 1638; x_wconf 91' lang='lat' dir='ltr'><strong>sunt,</strong></span> <span class='ocrx_word' id='word_1_135' title='bbox 1242 1569 1309 1648; x_wconf 91' lang='lat' dir='ltr'><strong>quia</strong></span> <span class='ocrx_word' id='word_1_136' title='bbox 1325 1563 1338 1650; x_wconf 82' lang='grc' dir='ltr'><strong>ΙΙ</strong></span> <span class='ocrx_word' id='word_1_137' title='bbox 1360 1575 1390 1628; x_wconf 89' lang='lat' dir='ltr'><strong>et</strong></span> 
     </span>
     <span class='ocr_line' id='line_1_14' title="bbox 81 1667 1416 1751; baseline 0.001 -23"><span class='ocrx_word' id='word_1_138' title='bbox 81 1668 288 1747; x_wconf 80' lang='lat' dir='ltr'><strong>praeteritum</strong></span> <span class='ocrx_word' id='word_1_139' title='bbox 299 1667 411 1728; x_wconf 90' lang='lat' dir='ltr'><strong>babent</strong></span> <span class='ocrx_word' id='word_1_140' title='bbox 421 1674 452 1728; x_wconf 89' lang='lat' dir='ltr'><strong>et</strong></span> <span class='ocrx_word' id='word_1_141' title='bbox 460 1670 611 1748; x_wconf 87' lang='lat' dir='ltr'><strong>passivum</strong></span> <span class='ocrx_word' id='word_1_142' title='bbox 627 1670 748 1731; x_wconf 89' lang='lat' dir='ltr'><strong>iaciunt.</strong></span> <span class='ocrx_word' id='word_1_143' title='bbox 761 1705 803 1716; x_wconf 91' lang='lat'><em>-</em></span> <span class='ocrx_word' id='word_1_144' title='bbox 817 1667 985 1751; x_wconf 87' lang='lat' dir='ltr'><strong>[Conpesco</strong></span> <span class='ocrx_word' id='word_1_145' title='bbox 997 1671 1161 1750; x_wconf 76' lang='lat' dir='ltr'><strong>conposcio,</strong></span> <span class='ocrx_word' id='word_1_146' title='bbox 1173 1678 1290 1751; x_wconf 91' lang='lat' dir='ltr'><strong>tempus</strong></span> <span class='ocrx_word' id='word_1_147' title='bbox 1301 1689 1387 1750; x_wconf 87' lang='lat' dir='ltr'><strong>pras·</strong></span> <span class='ocrx_word' id='word_1_148' title='bbox 1402 1693 1416 1741; x_wconf 73' lang='lat' dir='ltr'><strong>a</strong></span> 
     </span>
     <span class='ocr_line' id='line_1_15' title="bbox 83 1769 1386 1852; baseline 0.002 -23"><span class='ocrx_word' id='word_1_149' title='bbox 83 1772 213 1830; x_wconf 79' lang='lat' dir='ltr'><strong>teritum</strong></span> <span class='ocrx_word' id='word_1_150' title='bbox 235 1769 404 1848; x_wconf 88' lang='lat' dir='ltr'><strong>perlectum</strong></span> <span class='ocrx_word' id='word_1_151' title='bbox 426 1771 587 1850; x_wconf 86' lang='lat' dir='ltr'><strong>conpescui</strong></span> <span class='ocrx_word' id='word_1_152' title='bbox 603 1771 685 1841; x_wconf 88' lang='lat' dir='ltr'><strong>lacit;</strong></span> <span class='ocrx_word' id='word_1_153' title='bbox 707 1771 819 1833; x_wconf 89' lang='lat' dir='ltr'><strong>idcirco</strong></span> <span class='ocrx_word' id='word_1_154' title='bbox 848 1790 906 1833; x_wconf 92' lang='lat' dir='ltr'><strong>non</strong></span> <span class='ocrx_word' id='word_1_155' title='bbox 937 1772 1051 1834; x_wconf 88' lang='lat' dir='ltr'><strong>videtur</strong></span> <span class='ocrx_word' id='word_1_156' title='bbox 1079 1772 1243 1833; x_wconf 88' lang='lat' dir='ltr'><strong>inchoativa</strong></span> <span class='ocrx_word' id='word_1_157' title='bbox 1266 1771 1386 1852; x_wconf 87' lang='lat' dir='ltr'><strong>lorma].</strong></span> 
     </span>
     <span class='ocr_line' id='line_1_16' title="bbox 175 1870 1388 1960; baseline 0.003 -29"><span class='ocrx_word' id='word_1_158' title='bbox 175 1870 279 1932; x_wconf 85' lang='lat' dir='ltr'><strong>Prima</strong></span> <span class='ocrx_word' id='word_1_159' title='bbox 301 1873 469 1951; x_wconf 84' lang='lat' dir='ltr'><strong>coniugatio</strong></span> <span class='ocrx_word' id='word_1_160' title='bbox 486 1874 522 1960; x_wconf 18' lang='lat' dir='ltr'><strong>&#39;iu</strong></span> <span class='ocrx_word' id='word_1_161' title='bbox 544 1876 706 1953; x_wconf 82' lang='lat' dir='ltr'><strong>praeterito</strong></span> <span class='ocrx_word' id='word_1_162' title='bbox 727 1875 893 1953; x_wconf 81' lang='lat' dir='ltr'><strong>inperfecto</strong></span> <span class='ocrx_word' id='word_1_163' title='bbox 914 1877 946 1936; x_wconf 92' lang='lat' dir='ltr'><strong>in</strong></span> <span class='ocrx_word' id='word_1_164' title='bbox 970 1874 1037 1936; x_wconf 93' lang='lat' dir='ltr'><strong>bam</strong></span> <span class='ocrx_word' id='word_1_165' title='bbox 1061 1877 1133 1944; x_wconf 84' lang='lat' dir='ltr'><strong>erit,</strong></span> <span class='ocrx_word' id='word_1_166' title='bbox 1162 1881 1194 1935; x_wconf 90' lang='lat' dir='ltr'><strong>ut</strong></span> <span class='ocrx_word' id='word_1_167' title='bbox 1220 1891 1286 1934; x_wconf 89' lang='lat' dir='ltr'><strong>amo</strong></span> <span class='ocrx_word' id='word_1_168' title='bbox 1309 1891 1388 1935; x_wconf 84' lang='lat' dir='ltr'><strong>amo·</strong></span> 
     </span>
     <span class='ocr_line' id='line_1_17' title="bbox 41 1973 1389 2056; baseline 0 -22"><span class='ocrx_word' id='word_1_169' title='bbox 41 1987 68 2025; x_wconf 74' lang='lat'><strong>1⁵</strong></span> <span class='ocrx_word' id='word_1_170' title='bbox 83 1973 175 2043; x_wconf 88' lang='lat' dir='ltr'><strong>bam,</strong></span> <span class='ocrx_word' id='word_1_171' title='bbox 200 1975 279 2035; x_wconf 76' lang='lat' dir='ltr'><strong>sicin</strong></span> <span class='ocrx_word' id='word_1_172' title='bbox 300 1973 389 2034; x_wconf 92' lang='lat' dir='ltr'><strong>audio</strong></span> <span class='ocrx_word' id='word_1_173' title='bbox 412 1973 550 2036; x_wconf 85' lang='lat' dir='ltr'><strong>audibam</strong></span> <span class='ocrx_word' id='word_1_174' title='bbox 572 1996 591 2032; x_wconf 71' lang='lat' dir='ltr'><strong>s</strong></span> <span class='ocrx_word' id='word_1_175' title='bbox 616 1994 651 2036; x_wconf 83' lang='lat' dir='ltr'><strong>ex</strong></span> <span class='ocrx_word' id='word_1_176' title='bbox 672 1977 835 2056; x_wconf 90' lang='lat' dir='ltr'><strong>praeterito</strong></span> <span class='ocrx_word' id='word_1_177' title='bbox 856 1977 991 2056; x_wconf 87' lang='lat' dir='ltr'><strong>perlecto</strong></span> <span class='ocrx_word' id='word_1_178' title='bbox 1017 1983 1047 2038; x_wconf 89' lang='lat' dir='ltr'><strong>et</strong></span> <span class='ocrx_word' id='word_1_179' title='bbox 1069 1976 1148 2039; x_wconf 90' lang='lat' dir='ltr'><strong>audii</strong></span> <span class='ocrx_word' id='word_1_180' title='bbox 1177 1983 1207 2036; x_wconf 90' lang='lat' dir='ltr'><strong>ct</strong></span> <span class='ocrx_word' id='word_1_181' title='bbox 1234 1975 1331 2037; x_wconf 91' lang='lat' dir='ltr'><strong>audivi</strong></span> <span class='ocrx_word' id='word_1_182' title='bbox 1348 1983 1389 2036; x_wconf 65' lang='lat' dir='ltr'><strong>,et</strong></span> 
     </span>
     <span class='ocr_line' id='line_1_18' title="bbox 84 2075 1387 2148; baseline 0.002 -13"><span class='ocrx_word' id='word_1_183' title='bbox 84 2075 211 2136; x_wconf 82' lang='lat' dir='ltr'><strong>audisse</strong></span> <span class='ocrx_word' id='word_1_184' title='bbox 233 2083 264 2136; x_wconf 90' lang='lat' dir='ltr'><strong>et</strong></span> <span class='ocrx_word' id='word_1_185' title='bbox 284 2075 441 2137; x_wconf 89' lang='lat' dir='ltr'><strong>audivisse.</strong></span> <span class='ocrx_word' id='word_1_186' title='bbox 479 2079 609 2140; x_wconf 90' lang='lat' dir='ltr'><strong>secunda</strong></span> <span class='ocrx_word' id='word_1_187' title='bbox 631 2077 724 2140; x_wconf 85' lang='lat' dir='ltr'><strong>doceo</strong></span> <span class='ocrx_word' id='word_1_188' title='bbox 747 2078 836 2139; x_wconf 88' lang='lat' dir='ltr'><strong>docui</strong></span> <span class='ocrx_word' id='word_1_189' title='bbox 862 2081 893 2140; x_wconf 95' lang='lat' dir='ltr'><strong>in</strong></span> <span class='ocrx_word' id='word_1_190' title='bbox 915 2077 1042 2140; x_wconf 91' lang='lat' dir='ltr'><strong>solutum</strong></span> <span class='ocrx_word' id='word_1_191' title='bbox 1065 2079 1096 2138; x_wconf 94' lang='lat' dir='ltr'><strong>ui</strong></span> <span class='ocrx_word' id='word_1_192' title='bbox 1112 2079 1185 2148; x_wconf 83' lang='lat' dir='ltr'><strong>exit;</strong></span> <span class='ocrx_word' id='word_1_193' title='bbox 1208 2079 1296 2138; x_wconf 90' lang='lat' dir='ltr'><strong>tertia</strong></span> <span class='ocrx_word' id='word_1_194' title='bbox 1317 2095 1387 2138; x_wconf 90' lang='lat' dir='ltr'><strong>con·</strong></span> 
     </span>
     <span class='ocr_line' id='line_1_19' title="bbox 82 2177 1388 2264; baseline 0.002 -27"><span class='ocrx_word' id='word_1_195' title='bbox 82 2180 204 2257; x_wconf 86' lang='lat' dir='ltr'><strong>iugatio</strong></span> <span class='ocrx_word' id='word_1_196' title='bbox 227 2177 239 2237; x_wconf 94' lang='lat' dir='ltr'><strong>i</strong></span> <span class='ocrx_word' id='word_1_197' title='bbox 260 2187 399 2258; x_wconf 87' lang='lat' dir='ltr'><strong>correpta</strong></span> <span class='ocrx_word' id='word_1_198' title='bbox 421 2181 495 2249; x_wconf 82' lang='lat' dir='ltr'><strong>exit,</strong></span> <span class='ocrx_word' id='word_1_199' title='bbox 519 2189 623 2256; x_wconf 90' lang='lat' dir='ltr'><strong>quarta</strong></span> <span class='ocrx_word' id='word_1_200' title='bbox 645 2181 804 2261; x_wconf 88' lang='lat' dir='ltr'><strong>producta,</strong></span> <span class='ocrx_word' id='word_1_201' title='bbox 824 2178 830 2264; x_wconf 89' lang='grc' dir='ltr'>Ι</span> <span class='ocrx_word' id='word_1_202' title='bbox 850 2189 883 2242; x_wconf 93' lang='lat' dir='ltr'><strong>ut</strong></span> <span class='ocrx_word' id='word_1_203' title='bbox 904 2180 991 2242; x_wconf 89' lang='lat' dir='ltr'><strong>audii.</strong></span> <span class='ocrx_word' id='word_1_204' title='bbox 1015 2215 1057 2224; x_wconf 93' lang='lat'>—</span> <span class='ocrx_word' id='word_1_205' title='bbox 1079 2180 1154 2242; x_wconf 84' lang='lat' dir='ltr'><strong>Tres</strong></span> <span class='ocrx_word' id='word_1_206' title='bbox 1174 2179 1290 2241; x_wconf 86' lang='lat' dir='ltr'><strong>litterae</strong></span> <span class='ocrx_word' id='word_1_207' title='bbox 1313 2197 1388 2257; x_wconf 90' lang='lat' dir='ltr'><strong>quae</strong></span> 
     </span>
     <span class='ocr_line' id='line_1_20' title="bbox 84 2281 1388 2364; baseline -0.001 -22"><span class='ocrx_word' id='word_1_208' title='bbox 84 2283 207 2342; x_wconf 83' lang='lat' dir='ltr'><strong>iaciunt</strong></span> <span class='ocrx_word' id='word_1_209' title='bbox 220 2281 474 2359; x_wconf 82' lang='lat' dir='ltr'><strong>coniugationem,</strong></span> <span class='ocrx_word' id='word_1_210' title='bbox 498 2283 585 2343; x_wconf 89' lang='lat' dir='ltr'><strong>aei:</strong></span> <span class='ocrx_word' id='word_1_211' title='bbox 610 2301 625 2344; x_wconf 91' lang='lat' dir='ltr'><strong>a</strong></span> <span class='ocrx_word' id='word_1_212' title='bbox 642 2300 718 2360; x_wconf 88' lang='lat' dir='ltr'><strong>quae</strong></span> <span class='ocrx_word' id='word_1_213' title='bbox 733 2283 877 2364; x_wconf 87' lang='lat' dir='ltr'><strong>producto</strong></span> <span class='ocrx_word' id='word_1_214' title='bbox 893 2291 950 2354; x_wconf 84' lang='lat' dir='ltr'><strong>ost,</strong></span> <span class='ocrx_word' id='word_1_215' title='bbox 974 2285 1006 2343; x_wconf 93' lang='lat' dir='ltr'><strong>in</strong></span> <span class='ocrx_word' id='word_1_216' title='bbox 1022 2282 1168 2352; x_wconf 87' lang='lat' dir='ltr'><strong>secunda,</strong></span> <span class='ocrx_word' id='word_1_217' title='bbox 1192 2299 1208 2342; x_wconf 88' lang='lat' dir='ltr'><strong>e</strong></span> <span class='ocrx_word' id='word_1_218' title='bbox 1225 2289 1254 2342; x_wconf 89' lang='lat' dir='ltr'><strong>et</strong></span> <span class='ocrx_word' id='word_1_219' title='bbox 1268 2281 1287 2350; x_wconf 88' lang='lat' dir='ltr'><strong>i,</strong></span> <span class='ocrx_word' id='word_1_220' title='bbox 1312 2299 1388 2360; x_wconf 91' lang='lat' dir='ltr'><strong>quae</strong></span> 
     </span>
     <span class='ocr_line' id='line_1_21' title="bbox 85 2384 1172 2465; baseline 0.001 -21"><span class='ocrx_word' id='word_1_221' title='bbox 85 2389 250 2462; x_wconf 82' lang='lat' dir='ltr'><strong>correptae</strong></span> <span class='ocrx_word' id='word_1_222' title='bbox 272 2384 395 2444; x_wconf 87' lang='lat' dir='ltr'><strong>suntin</strong></span> <span class='ocrx_word' id='word_1_223' title='bbox 417 2385 517 2454; x_wconf 88' lang='lat' dir='ltr'><strong>tertio,</strong></span> <span class='ocrx_word' id='word_1_224' title='bbox 540 2392 644 2464; x_wconf 89' lang='lat' dir='ltr'><strong>quarta</strong></span> <span class='ocrx_word' id='word_1_225' title='bbox 666 2387 690 2452; x_wconf 92' lang='lat' dir='ltr'><strong>i,</strong></span> <span class='ocrx_word' id='word_1_226' title='bbox 713 2404 790 2465; x_wconf 88' lang='lat' dir='ltr'><strong>quae</strong></span> <span class='ocrx_word' id='word_1_227' title='bbox 812 2402 932 2465; x_wconf 86' lang='lat' dir='ltr'><strong>semper</strong></span> <span class='ocrx_word' id='word_1_228' title='bbox 954 2384 1096 2464; x_wconf 87' lang='lat' dir='ltr'><strong>producta</strong></span> <span class='ocrx_word' id='word_1_229' title='bbox 1119 2392 1172 2446; x_wconf 89' lang='lat' dir='ltr'><strong>est.</strong></span> 
     </span>
     <span class='ocr_line' id='line_1_22' title="bbox 43 2483 1387 2566; baseline 0.005 -28"><span class='ocrx_word' id='word_1_230' title='bbox 43 2497 72 2538; x_wconf 77' lang='lat' dir='ltr'><strong>ss</strong></span> <span class='ocrx_word' id='word_1_231' title='bbox 179 2483 277 2545; x_wconf 85' lang='lat' dir='ltr'><strong>Verba</strong></span> <span class='ocrx_word' id='word_1_232' title='bbox 299 2485 457 2547; x_wconf 85' lang='lat' dir='ltr'><strong>neutralia:</strong></span> <span class='ocrx_word' id='word_1_233' title='bbox 481 2486 560 2547; x_wconf 87' lang='lat' dir='ltr'><strong>lario</strong></span> <span class='ocrx_word' id='word_1_234' title='bbox 575 2489 692 2548; x_wconf 90' lang='lat' dir='ltr'><strong>insanio</strong></span> <span class='ocrx_word' id='word_1_235' title='bbox 707 2486 823 2566; x_wconf 89' lang='lat' dir='ltr'><strong>pendeo</strong></span> <span class='ocrx_word' id='word_1_236' title='bbox 838 2490 920 2566; x_wconf 88' lang='lat' dir='ltr'><strong>lugio</strong></span> <span class='ocrx_word' id='word_1_237' title='bbox 936 2487 1010 2549; x_wconf 91' lang='lat' dir='ltr'><strong>cedo</strong></span> <span class='ocrx_word' id='word_1_238' title='bbox 1025 2485 1129 2548; x_wconf 93' lang='lat' dir='ltr'><strong>madeo</strong></span> <span class='ocrx_word' id='word_1_239' title='bbox 1144 2487 1267 2565; x_wconf 87' lang='lat' dir='ltr'><strong>proficio</strong></span> <span class='ocrx_word' id='word_1_240' title='bbox 1283 2484 1387 2546; x_wconf 89' lang='lat' dir='ltr'><strong>delicio</strong></span> 
     </span>
     <span class='ocr_line' id='line_1_23' title="bbox 87 2586 1384 2670; baseline 0.002 -26"><span class='ocrx_word' id='word_1_241' title='bbox 87 2589 182 2648; x_wconf 79' lang='lat' dir='ltr'><strong>renio</strong></span> <span class='ocrx_word' id='word_1_242' title='bbox 203 2586 335 2647; x_wconf 83' lang='lat' dir='ltr'><strong>succedo</strong></span> <span class='ocrx_word' id='word_1_243' title='bbox 356 2590 422 2648; x_wconf 89' lang='lat' dir='ltr'><strong>viro</strong></span> <span class='ocrx_word' id='word_1_244' title='bbox 449 2597 535 2667; x_wconf 87' lang='lat' dir='ltr'><strong>gusto</strong></span> <span class='ocrx_word' id='word_1_245' title='bbox 563 2606 727 2649; x_wconf 88' lang='lat' dir='ltr'><strong>consuesco</strong></span> <span class='ocrx_word' id='word_1_246' title='bbox 749 2607 856 2650; x_wconf 87' lang='lat' dir='ltr'><strong>ruaneu</strong></span> <span class='ocrx_word' id='word_1_247' title='bbox 881 2587 994 2670; x_wconf 87' lang='lat' dir='ltr'><strong>[venio]</strong></span> <span class='ocrx_word' id='word_1_248' title='bbox 1018 2589 1100 2650; x_wconf 88' lang='lat' dir='ltr'><strong>caleo</strong></span> <span class='ocrx_word' id='word_1_249' title='bbox 1123 2587 1233 2648; x_wconf 89' lang='lat' dir='ltr'><strong>baereo</strong></span> <span class='ocrx_word' id='word_1_250' title='bbox 1254 2605 1384 2667; x_wconf 89' lang='lat' dir='ltr'><strong>propero</strong></span> 
     </span>
     <span class='ocr_line' id='line_1_24' title="bbox 88 2674 1394 2772; baseline 0 -23"><span class='ocrx_word' id='word_1_251' title='bbox 88 2690 175 2751; x_wconf 73' lang='lat' dir='ltr'><strong>caleo</strong></span> <span class='ocrx_word' id='word_1_252' title='bbox 198 2707 290 2750; x_wconf 90' lang='lat' dir='ltr'><strong>curro</strong></span> <span class='ocrx_word' id='word_1_253' title='bbox 312 2699 357 2750; x_wconf 88' lang='lat' dir='ltr'><strong>sto</strong></span> <span class='ocrx_word' id='word_1_254' title='bbox 380 2690 471 2751; x_wconf 88' lang='lat' dir='ltr'><strong>sedeo</strong></span> <span class='ocrx_word' id='word_1_255' title='bbox 492 2689 572 2752; x_wconf 89' lang='lat' dir='ltr'><strong>cubo</strong></span> <span class='ocrx_word' id='word_1_256' title='bbox 594 2690 757 2751; x_wconf 90' lang='lat' dir='ltr'><strong>succumbo</strong></span> <span class='ocrx_word' id='word_1_257' title='bbox 772 2691 916 2752; x_wconf 91' lang='lat' dir='ltr'><strong>accumbo</strong></span> <span class='ocrx_word' id='word_1_258' title='bbox 932 2709 1022 2772; x_wconf 91' lang='lat' dir='ltr'><strong>pareo</strong></span> <span class='ocrx_word' id='word_1_259' title='bbox 1038 2690 1153 2750; x_wconf 89' lang='lat' dir='ltr'><strong>dormio</strong></span> <span class='ocrx_word' id='word_1_260' title='bbox 1167 2688 1280 2770; x_wconf 91' lang='lat' dir='ltr'><strong>prodeo</strong></span> <span class='ocrx_word' id='word_1_261' title='bbox 1295 2674 1394 2768; x_wconf 80' lang='lat' dir='ltr'><strong>glisco</strong></span> 
     </span>
     <span class='ocr_line' id='line_1_25' title="bbox 88 2789 1387 2875; baseline -0.003 -21"><span class='ocrx_word' id='word_1_262' title='bbox 88 2799 213 2854; x_wconf 87' lang='lat' dir='ltr'><strong>reverto</strong></span> <span class='ocrx_word' id='word_1_263' title='bbox 229 2793 328 2875; x_wconf 88' lang='lat' dir='ltr'><strong>esurio</strong></span> <span class='ocrx_word' id='word_1_264' title='bbox 344 2791 470 2854; x_wconf 89' lang='lat' dir='ltr'><strong>lucubro</strong></span> <span class='ocrx_word' id='word_1_265' title='bbox 485 2792 620 2873; x_wconf 88' lang='lat' dir='ltr'><strong>supplico</strong></span> <span class='ocrx_word' id='word_1_266' title='bbox 634 2795 767 2854; x_wconf 90' lang='lat' dir='ltr'><strong>inmineo</strong></span> <span class='ocrx_word' id='word_1_267' title='bbox 782 2802 879 2855; x_wconf 92' lang='lat' dir='ltr'><strong>tremo</strong></span> <span class='ocrx_word' id='word_1_268' title='bbox 894 2793 962 2854; x_wconf 87' lang='lat' dir='ltr'><strong>lello</strong></span> <span class='ocrx_word' id='word_1_269' title='bbox 978 2793 1088 2854; x_wconf 90' lang='lat' dir='ltr'><strong>horreo</strong></span> <span class='ocrx_word' id='word_1_270' title='bbox 1101 2791 1204 2872; x_wconf 87' lang='lat' dir='ltr'><strong>vopulo</strong></span> <span class='ocrx_word' id='word_1_271' title='bbox 1215 2799 1296 2852; x_wconf 88' lang='lat' dir='ltr'><strong>scoto</strong></span> <span class='ocrx_word' id='word_1_272' title='bbox 1307 2789 1387 2851; x_wconf 92' lang='lat' dir='ltr'><strong>nubo</strong></span> 
     </span>
    </p>
   </div>
   <div class='ocr_carea' id='block_1_2' title="bbox 90 2978 1387 3607">
    <p class='ocr_par' dir='ltr' id='par_1_2' title="bbox 90 2978 1386 3116">
     <span class='ocr_line' id='line_1_26' title="bbox 160 2978 1386 3044; baseline -0.001 -15"><span class='ocrx_word' id='word_1_273' title='bbox 160 2980 224 3029; x_wconf 83' lang='lat' dir='ltr'><strong>Cod.</strong></span> <span class='ocrx_word' id='word_1_274' title='bbox 240 2979 319 3033; x_wconf 84' lang='lat' dir='ltr'><strong>Bern.</strong></span> <span class='ocrx_word' id='word_1_275' title='bbox 337 2978 540 3032; x_wconf 80' lang='lat' dir='ltr'><strong>vitu5*—o*.</strong></span> <span class='ocrx_word' id='word_1_276' title='bbox 595 2979 711 3044; x_wconf 76' lang='lat' dir='ltr'><strong>labeo]</strong></span> <span class='ocrx_word' id='word_1_277' title='bbox 729 2980 810 3032; x_wconf 83' lang='lat' dir='ltr'><strong>babeo</strong></span> <span class='ocrx_word' id='word_1_278' title='bbox 864 2979 1204 3042; x_wconf 69' lang='lat' dir='ltr'><strong>otvaectttohuootttoqoasi</strong></span> <span class='ocrx_word' id='word_1_279' title='bbox 1257 2979 1386 3044; x_wconf 77' lang='lat' dir='ltr'><strong>3pytisso</strong></span> 
     </span>
     <span class='ocr_line' id='line_1_27' title="bbox 90 3047 1386 3116; baseline -0.001 -17"><span class='ocrx_word' id='word_1_280' title='bbox 90 3067 136 3116; x_wconf 84' lang='lat' dir='ltr'><strong>pro</strong></span> <span class='ocrx_word' id='word_1_281' title='bbox 155 3052 257 3116; x_wconf 68' lang='lat' dir='ltr'><strong>pytisso</strong></span> <span class='ocrx_word' id='word_1_282' title='bbox 312 3049 453 3099; x_wconf 70' lang='lat' dir='ltr'><strong>iuncillor</strong></span> <span class='ocrx_word' id='word_1_283' title='bbox 471 3063 522 3098; x_wconf 92' lang='lat' dir='ltr'><strong>nou</strong></span> <span class='ocrx_word' id='word_1_284' title='bbox 538 3049 635 3116; x_wconf 89' lang='lat' dir='ltr'><strong>uagillo</strong></span> <span class='ocrx_word' id='word_1_285' title='bbox 690 3059 714 3100; x_wconf 87' lang='lat' dir='ltr'><strong>et</strong></span> <span class='ocrx_word' id='word_1_286' title='bbox 732 3052 824 3102; x_wconf 73' lang='lat' dir='ltr'><strong>arsenio</strong></span> <span class='ocrx_word' id='word_1_287' title='bbox 843 3065 872 3102; x_wconf 86' lang='lat' dir='ltr'><strong>eo</strong></span> <span class='ocrx_word' id='word_1_288' title='bbox 892 3051 961 3113; x_wconf 90' lang='lat' dir='ltr'><strong>quod</strong></span> <span class='ocrx_word' id='word_1_289' title='bbox 1012 3051 1189 3100; x_wconf 78' lang='lat' dir='ltr'><strong>biremitanio</strong></span> <span class='ocrx_word' id='word_1_290' title='bbox 1207 3048 1275 3098; x_wconf 84' lang='lat' dir='ltr'><strong>dicat</strong></span> <span class='ocrx_word' id='word_1_291' title='bbox 1292 3047 1340 3098; x_wconf 93' lang='lat' dir='ltr'><strong>hoc</strong></span> <span class='ocrx_word' id='word_1_292' title='bbox 1359 3065 1386 3098; x_wconf 90' lang='lat' dir='ltr'><strong>cs</strong></span> 
     </span>
    </p>

    <p class='ocr_par' dir='ltr' id='par_1_3' title="bbox 90 3117 1387 3538">
     <span class='ocr_line' id='line_1_28' title="bbox 160 3117 1385 3184; baseline -0.003 -14"><span class='ocrx_word' id='word_1_293' title='bbox 160 3119 367 3170; x_wconf 80' lang='lat' dir='ltr'><strong>tiincboativum</strong></span> <span class='ocrx_word' id='word_1_294' title='bbox 379 3135 430 3170; x_wconf 91' lang='lat' dir='ltr'><strong>nou</strong></span> <span class='ocrx_word' id='word_1_295' title='bbox 443 3129 481 3170; x_wconf 86' lang='lat' dir='ltr'><strong>cst</strong></span> <span class='ocrx_word' id='word_1_296' title='bbox 492 3134 630 3170; x_wconf 77' lang='lat' dir='ltr'><strong>consuesco</strong></span> <span class='ocrx_word' id='word_1_297' title='bbox 645 3121 716 3184; x_wconf 87' lang='lat' dir='ltr'><strong>quies</strong></span> <span class='ocrx_word' id='word_1_298' title='bbox 731 3135 870 3172; x_wconf 86' lang='lat' dir='ltr'><strong>consuesco</strong></span> <span class='ocrx_word' id='word_1_299' title='bbox 884 3119 945 3170; x_wconf 85' lang='lat' dir='ltr'><strong>lacit</strong></span> <span class='ocrx_word' id='word_1_300' title='bbox 962 3119 1083 3171; x_wconf 87' lang='lat' dir='ltr'><strong>consuevi</strong></span> <span class='ocrx_word' id='word_1_301' title='bbox 1099 3121 1202 3182; x_wconf 85' lang='lat' dir='ltr'><strong>quiesco</strong></span> <span class='ocrx_word' id='word_1_302' title='bbox 1221 3117 1282 3168; x_wconf 87' lang='lat' dir='ltr'><strong>lucit</strong></span> <span class='ocrx_word' id='word_1_303' title='bbox 1300 3118 1385 3181; x_wconf 89' lang='lat' dir='ltr'><strong>quicni</strong></span> 
     </span>
     <span class='ocr_line' id='line_1_29' title="bbox 92 3188 1384 3256; baseline -0.003 -16"><span class='ocrx_word' id='word_1_304' title='bbox 92 3192 154 3240; x_wconf 80' lang='lat' dir='ltr'><strong>lacit</strong></span> <span class='ocrx_word' id='word_1_305' title='bbox 173 3201 198 3240; x_wconf 78' lang='lat' dir='ltr'><strong>et</strong></span> <span class='ocrx_word' id='word_1_306' title='bbox 218 3191 351 3255; x_wconf 70' lang='lat' dir='ltr'><strong>pastuum</strong></span> <span class='ocrx_word' id='word_1_307' title='bbox 369 3205 523 3240; x_wconf 84' lang='lat' dir='ltr'><strong>consuescor</strong></span> <span class='ocrx_word' id='word_1_308' title='bbox 535 3191 567 3239; x_wconf 87' lang='lat' dir='ltr'><strong>ab</strong></span> <span class='ocrx_word' id='word_1_309' title='bbox 581 3190 631 3240; x_wconf 83' lang='lat' dir='ltr'><strong>olio</strong></span> <span class='ocrx_word' id='word_1_310' title='bbox 647 3192 711 3240; x_wconf 90' lang='lat' dir='ltr'><strong>odeo</strong></span> <span class='ocrx_word' id='word_1_311' title='bbox 723 3206 785 3256; x_wconf 83' lang='lat' dir='ltr'><strong>ergo</strong></span> <span class='ocrx_word' id='word_1_312' title='bbox 800 3191 945 3241; x_wconf 86' lang='lat' dir='ltr'><strong>inclrontiue</strong></span> <span class='ocrx_word' id='word_1_313' title='bbox 959 3205 1010 3241; x_wconf 89' lang='lat' dir='ltr'><strong>non</strong></span> <span class='ocrx_word' id='word_1_314' title='bbox 1027 3201 1087 3240; x_wconf 87' lang='lat' dir='ltr'><strong>sunt</strong></span> <span class='ocrx_word' id='word_1_315' title='bbox 1104 3191 1164 3252; x_wconf 86' lang='lat' dir='ltr'><strong>quia</strong></span> <span class='ocrx_word' id='word_1_316' title='bbox 1180 3197 1205 3238; x_wconf 89' lang='lat' dir='ltr'><strong>et</strong></span> <span class='ocrx_word' id='word_1_317' title='bbox 1221 3188 1384 3254; x_wconf 85' lang='lat' dir='ltr'><strong>praeteritum</strong></span> 
     </span>
     <span class='ocr_line' id='line_1_30' title="bbox 90 3257 1387 3326; baseline -0.004 -16"><span class='ocrx_word' id='word_1_318' title='bbox 90 3261 188 3310; x_wconf 83' lang='lat' dir='ltr'><strong>babent</strong></span> <span class='ocrx_word' id='word_1_319' title='bbox 205 3269 232 3310; x_wconf 83' lang='lat' dir='ltr'><strong>et</strong></span> <span class='ocrx_word' id='word_1_320' title='bbox 250 3261 382 3325; x_wconf 83' lang='lat' dir='ltr'><strong>possiunm</strong></span> <span class='ocrx_word' id='word_1_321' title='bbox 401 3259 497 3310; x_wconf 81' lang='lat' dir='ltr'><strong>iaciunt</strong></span> <span class='ocrx_word' id='word_1_322' title='bbox 514 3269 574 3309; x_wconf 87' lang='lat' dir='ltr'><strong>sunt</strong></span> <span class='ocrx_word' id='word_1_323' title='bbox 588 3276 653 3322; x_wconf 87' lang='lat' dir='ltr'><strong>quoe</strong></span> <span class='ocrx_word' id='word_1_324' title='bbox 672 3261 796 3326; x_wconf 81' lang='lat' dir='ltr'><strong>originem</strong></span> <span class='ocrx_word' id='word_1_325' title='bbox 815 3263 854 3310; x_wconf 89' lang='lat' dir='ltr'><strong>sni</strong></span> <span class='ocrx_word' id='word_1_326' title='bbox 873 3275 923 3311; x_wconf 92' lang='lat' dir='ltr'><strong>non</strong></span> <span class='ocrx_word' id='word_1_327' title='bbox 942 3259 1077 3311; x_wconf 83' lang='lat' dir='ltr'><strong>habentui</strong></span> <span class='ocrx_word' id='word_1_328' title='bbox 1095 3275 1234 3311; x_wconf 84' lang='lat' dir='ltr'><strong>consuesco</strong></span> <span class='ocrx_word' id='word_1_329' title='bbox 1249 3257 1310 3307; x_wconf 84' lang='lat' dir='ltr'><strong>iecit</strong></span> <span class='ocrx_word' id='word_1_330' title='bbox 1327 3272 1387 3307; x_wconf 93' lang='lat' dir='ltr'><strong>con-</strong></span> 
     </span>
     <span class='ocr_line' id='line_1_31' title="bbox 93 3326 1386 3397; baseline -0.004 -16"><span class='ocrx_word' id='word_1_331' title='bbox 93 3332 168 3381; x_wconf 79' lang='lat' dir='ltr'><strong>socni</strong></span> <span class='ocrx_word' id='word_1_332' title='bbox 191 3331 295 3393; x_wconf 86' lang='lat' dir='ltr'><strong>quiesco</strong></span> <span class='ocrx_word' id='word_1_333' title='bbox 313 3329 374 3380; x_wconf 82' lang='lat' dir='ltr'><strong>lacit</strong></span> <span class='ocrx_word' id='word_1_334' title='bbox 392 3331 517 3393; x_wconf 89' lang='lat' dir='ltr'><strong>conqueui</strong></span> <span class='ocrx_word' id='word_1_335' title='bbox 536 3344 689 3379; x_wconf 88' lang='lat' dir='ltr'><strong>consuescor</strong></span> <span class='ocrx_word' id='word_1_336' title='bbox 707 3331 738 3380; x_wconf 88' lang='lat' dir='ltr'><strong>ab</strong></span> <span class='ocrx_word' id='word_1_337' title='bbox 756 3331 805 3380; x_wconf 85' lang='lat' dir='ltr'><strong>otio</strong></span> <span class='ocrx_word' id='word_1_338' title='bbox 825 3345 950 3396; x_wconf 87' lang='lat' dir='ltr'><strong>conpesce</strong></span> <span class='ocrx_word' id='word_1_339' title='bbox 969 3330 1101 3397; x_wconf 85' lang='lat' dir='ltr'><strong>conpescis</strong></span> <span class='ocrx_word' id='word_1_340' title='bbox 1190 3327 1223 3382; x_wconf 86' lang='lat'><strong>13</strong></span> <span class='ocrx_word' id='word_1_341' title='bbox 1240 3326 1386 3393; x_wconf 84' lang='lat' dir='ltr'><strong>conpescuit</strong></span> 
     </span>
     <span class='ocr_line' id='line_1_32' title="bbox 92 3396 1316 3464; baseline -0.001 -16"><span class='ocrx_word' id='word_1_342' title='bbox 92 3402 188 3449; x_wconf 86' lang='lat' dir='ltr'><strong>idcirco</strong></span> <span class='ocrx_word' id='word_1_343' title='bbox 262 3401 295 3450; x_wconf 80' lang='lat'><strong>15</strong></span> <span class='ocrx_word' id='word_1_344' title='bbox 313 3402 346 3450; x_wconf 89' lang='lat' dir='ltr'><strong>sit</strong></span> <span class='ocrx_word' id='word_1_345' title='bbox 359 3399 442 3464; x_wconf 88' lang='lat' dir='ltr'><strong>(corr.</strong></span> <span class='ocrx_word' id='word_1_346' title='bbox 462 3403 497 3454; x_wconf 85' lang='lat' dir='ltr'><strong>al.</strong></span> <span class='ocrx_word' id='word_1_347' title='bbox 514 3415 581 3452; x_wconf 86' lang='lat' dir='ltr'><strong>nan.</strong></span> <span class='ocrx_word' id='word_1_348' title='bbox 599 3399 678 3464; x_wconf 85' lang='lat' dir='ltr'><strong>sicut)</strong></span> <span class='ocrx_word' id='word_1_349' title='bbox 696 3401 772 3450; x_wconf 82' lang='lat' dir='ltr'><strong>undio</strong></span> <span class='ocrx_word' id='word_1_350' title='bbox 844 3400 877 3453; x_wconf 82' lang='lat' dir='ltr'><strong>lo</strong></span> <span class='ocrx_word' id='word_1_351' title='bbox 894 3401 1007 3452; x_wconf 81' lang='lat' dir='ltr'><strong>audisset</strong></span> <span class='ocrx_word' id='word_1_352' title='bbox 1024 3409 1049 3450; x_wconf 93' lang='lat' dir='ltr'><strong>et</strong></span> <span class='ocrx_word' id='word_1_353' title='bbox 1120 3402 1151 3453; x_wconf 87' lang='grc'><strong>17</strong></span> <span class='ocrx_word' id='word_1_354' title='bbox 1171 3396 1231 3464; x_wconf 83' lang='lat' dir='ltr'><strong>tres]</strong></span> <span class='ocrx_word' id='word_1_355' title='bbox 1249 3405 1316 3448; x_wconf 85' lang='lat' dir='ltr'><strong>teres</strong></span> 
     </span>
     <span class='ocr_line' id='line_1_33' title="bbox 96 3465 1385 3538; baseline -0.002 -18"><span class='ocrx_word' id='word_1_356' title='bbox 96 3471 127 3520; x_wconf 83' lang='lat' dir='ltr'><strong>ts</strong></span> <span class='ocrx_word' id='word_1_357' title='bbox 145 3469 242 3519; x_wconf 77' lang='lat' dir='ltr'><strong>iaciant</strong></span> <span class='ocrx_word' id='word_1_358' title='bbox 258 3485 328 3524; x_wconf 84' lang='lat' dir='ltr'><strong>corr.</strong></span> <span class='ocrx_word' id='word_1_359' title='bbox 342 3473 455 3525; x_wconf 62' lang='lat' dir='ltr'><strong>ulman.</strong></span> <span class='ocrx_word' id='word_1_360' title='bbox 471 3477 529 3519; x_wconf 86' lang='lat' dir='ltr'><strong>·nnt</strong></span> <span class='ocrx_word' id='word_1_361' title='bbox 598 3470 632 3521; x_wconf 86' lang='grc'><strong>20</strong></span> <span class='ocrx_word' id='word_1_362' title='bbox 650 3467 735 3537; x_wconf 88' lang='lat' dir='ltr'><strong>iugio]</strong></span> <span class='ocrx_word' id='word_1_363' title='bbox 758 3470 819 3536; x_wconf 84' lang='lat' dir='ltr'><strong>ligio</strong></span> <span class='ocrx_word' id='word_1_364' title='bbox 888 3473 920 3522; x_wconf 91' lang='grc'><strong>21</strong></span> <span class='ocrx_word' id='word_1_365' title='bbox 940 3469 1043 3538; x_wconf 80' lang='lat' dir='ltr'><strong>haereo]</strong></span> <span class='ocrx_word' id='word_1_366' title='bbox 1063 3486 1122 3520; x_wconf 89' lang='lat' dir='ltr'><strong>ereo</strong></span> <span class='ocrx_word' id='word_1_367' title='bbox 1192 3469 1226 3518; x_wconf 84' lang='lat'><strong>22</strong></span> <span class='ocrx_word' id='word_1_368' title='bbox 1244 3465 1319 3532; x_wconf 90' lang='lat' dir='ltr'><strong>cubo]</strong></span> <span class='ocrx_word' id='word_1_369' title='bbox 1338 3483 1385 3518; x_wconf 92' lang='lat' dir='ltr'><strong>cuo</strong></span> 
     </span>
    </p>

    <p class='ocr_par' dir='ltr' id='par_1_4' title="bbox 163 3537 883 3607">
     <span class='ocr_line' id='line_1_34' title="bbox 163 3537 883 3607; baseline 0.003 -19"><span class='ocrx_word' id='word_1_370' title='bbox 163 3539 268 3589; x_wconf 80' lang='lat' dir='ltr'><strong>donneo</strong></span> <span class='ocrx_word' id='word_1_371' title='bbox 340 3541 374 3589; x_wconf 75' lang='grc'><strong>23</strong></span> <span class='ocrx_word' id='word_1_372' title='bbox 391 3541 499 3607; x_wconf 82' lang='lat' dir='ltr'><strong>lngobro</strong></span> <span class='ocrx_word' id='word_1_373' title='bbox 518 3540 616 3605; x_wconf 88' lang='lat' dir='ltr'><strong>suplico</strong></span> <span class='ocrx_word' id='word_1_374' title='bbox 690 3537 790 3606; x_wconf 88' lang='lat' dir='ltr'><strong>horreo]</strong></span> <span class='ocrx_word' id='word_1_375' title='bbox 811 3556 883 3590; x_wconf 75' lang='lat' dir='ltr'><strong>orreo</strong></span> 
     </span>
    </p>
   </div>
   <div class='ocr_carea' id='block_1_3' title="bbox 95 3726 1484 4927">
    <p class='ocr_par' dir='ltr' id='par_1_5' title="bbox 95 3726 1484 4927">
     <span class='ocr_line' id='line_1_35' title="bbox 163 3726 1386 3797; baseline -0.002 -17"><span class='ocrx_word' id='word_1_376' title='bbox 163 3728 272 3797; x_wconf 70' lang='lat' dir='ltr'><strong>danen]</strong></span> <span class='ocrx_word' id='word_1_377' title='bbox 294 3731 330 3793; x_wconf 84' lang='lat' dir='ltr'><strong>cf.</strong></span> <span class='ocrx_word' id='word_1_378' title='bbox 348 3731 459 3795; x_wconf 79' lang='lat' dir='ltr'><strong>Pompei.</strong></span> <span class='ocrx_word' id='word_1_379' title='bbox 476 3746 506 3794; x_wconf 87' lang='lat' dir='ltr'><strong>p.</strong></span> <span class='ocrx_word' id='word_1_380' title='bbox 525 3728 577 3780; x_wconf 87' lang='grc'><strong>283</strong></span> <span class='ocrx_word' id='word_1_381' title='bbox 596 3729 636 3778; x_wconf 84' lang='lat' dir='ltr'><strong>ed.</strong></span> <span class='ocrx_word' id='word_1_382' title='bbox 651 3727 726 3779; x_wconf 76' lang='lat' dir='ltr'><strong>Lino.</strong></span> <span class='ocrx_word' id='word_1_383' title='bbox 799 3730 832 3780; x_wconf 84' lang='lat' dir='ltr'><strong>lt</strong></span> <span class='ocrx_word' id='word_1_384' title='bbox 847 3729 879 3780; x_wconf 85' lang='lat' dir='ltr'><strong>de</strong></span> <span class='ocrx_word' id='word_1_385' title='bbox 896 3737 1014 3794; x_wconf 83' lang='lat' dir='ltr'><strong>quattuor</strong></span> <span class='ocrx_word' id='word_1_386' title='bbox 1031 3727 1241 3794; x_wconf 80' lang='lat' dir='ltr'><strong>coniugationibus</strong></span> <span class='ocrx_word' id='word_1_387' title='bbox 1255 3726 1386 3778; x_wconf 80' lang='lat' dir='ltr'><strong>uerborum</strong></span> 
     </span>
     <span class='ocr_line' id='line_1_36' title="bbox 96 3799 1385 3863; baseline -0.002 -12"><span class='ocrx_word' id='word_1_388' title='bbox 96 3801 196 3852; x_wconf 73' lang='lat' dir='ltr'><strong>nonius</strong></span> <span class='ocrx_word' id='word_1_389' title='bbox 211 3800 259 3851; x_wconf 85' lang='lat' dir='ltr'><strong>boc</strong></span> <span class='ocrx_word' id='word_1_390' title='bbox 273 3803 329 3851; x_wconf 87' lang='lat' dir='ltr'><strong>loco</strong></span> <span class='ocrx_word' id='word_1_391' title='bbox 347 3802 437 3850; x_wconf 76' lang='lat' dir='ltr'><strong>diction</strong></span> <span class='ocrx_word' id='word_1_392' title='bbox 454 3800 512 3862; x_wconf 78' lang='lat' dir='ltr'><strong>suit.</strong></span> <span class='ocrx_word' id='word_1_393' title='bbox 549 3799 597 3850; x_wconf 78' lang='lat' dir='ltr'><strong>sctl</strong></span> <span class='ocrx_word' id='word_1_394' title='bbox 613 3814 645 3849; x_wconf 84' lang='lat' dir='ltr'><strong>co</strong></span> <span class='ocrx_word' id='word_1_395' title='bbox 662 3800 690 3848; x_wconf 87' lang='lat' dir='ltr'><strong>r‘n</strong></span> <span class='ocrx_word' id='word_1_396' title='bbox 703 3799 789 3849; x_wconf 86' lang='lat' dir='ltr'><strong>codice</strong></span> <span class='ocrx_word' id='word_1_397' title='bbox 807 3801 845 3849; x_wconf 86' lang='lat' dir='ltr'><strong>ita</strong></span> <span class='ocrx_word' id='word_1_398' title='bbox 862 3802 976 3850; x_wconf 79' lang='lat' dir='ltr'><strong>manzara</strong></span> <span class='ocrx_word' id='word_1_399' title='bbox 993 3805 1236 3863; x_wconf 66' lang='lat' dir='ltr'><strong>oeconomorum,</strong></span> <span class='ocrx_word' id='word_1_400' title='bbox 1255 3799 1355 3863; x_wconf 86' lang='lat' dir='ltr'><strong>utquid</strong></span> <span class='ocrx_word' id='word_1_401' title='bbox 1369 3815 1385 3848; x_wconf 90' lang='lat' dir='ltr'><strong>c</strong></span> 
     </span>
     <span class='ocr_line' id='line_1_37' title="bbox 95 3869 1384 3938; baseline -0.004 -17"><span class='ocrx_word' id='word_1_402' title='bbox 95 3873 254 3938; x_wconf 70' lang='lat' dir='ltr'><strong>prwonco</strong></span> <span class='ocrx_word' id='word_1_403' title='bbox 271 3871 392 3934; x_wconf 69' lang='lat' dir='ltr'><strong>emption</strong></span> <span class='ocrx_word' id='word_1_404' title='bbox 406 3871 487 3934; x_wconf 74' lang='lat' dir='ltr'><strong>fucrit</strong></span> <span class='ocrx_word' id='word_1_405' title='bbox 503 3871 552 3919; x_wconf 85' lang='lat' dir='ltr'><strong>ianr</strong></span> <span class='ocrx_word' id='word_1_406' title='bbox 570 3885 619 3920; x_wconf 90' lang='lat' dir='ltr'><strong>non</strong></span> <span class='ocrx_word' id='word_1_407' title='bbox 636 3869 765 3934; x_wconf 85' lang='lat' dir='ltr'><strong>adpareat</strong></span> <span class='ocrx_word' id='word_1_408' title='bbox 848 3869 881 3921; x_wconf 82' lang='lat'><strong>18</strong></span> <span class='ocrx_word' id='word_1_409' title='bbox 901 3869 1015 3932; x_wconf 80' lang='lat' dir='ltr'><strong>fortusse</strong></span> <span class='ocrx_word' id='word_1_410' title='bbox 1036 3885 1051 3919; x_wconf 82' lang='lat' dir='ltr'><strong>a</strong></span> <span class='ocrx_word' id='word_1_411' title='bbox 1074 3883 1138 3932; x_wconf 86' lang='lat' dir='ltr'><strong>quoe</strong></span> <span class='ocrx_word' id='word_1_412' title='bbox 1161 3869 1285 3933; x_wconf 87' lang='lat' dir='ltr'><strong>producto</strong></span> <span class='ocrx_word' id='word_1_413' title='bbox 1303 3877 1341 3917; x_wconf 86' lang='lat' dir='ltr'><strong>est</strong></span> <span class='ocrx_word' id='word_1_414' title='bbox 1359 3869 1384 3916; x_wconf 91' lang='lat' dir='ltr'><strong>in</strong></span> 
     </span>
     <span class='ocr_line' id='line_1_38' title="bbox 99 3938 1385 4008; baseline -0.002 -19"><span class='ocrx_word' id='word_1_415' title='bbox 99 3943 190 4008; x_wconf 81' lang='lat' dir='ltr'><strong>prims,</strong></span> <span class='ocrx_word' id='word_1_416' title='bbox 212 3957 227 3990; x_wconf 89' lang='lat' dir='ltr'><strong>e</strong></span> <span class='ocrx_word' id='word_1_417' title='bbox 251 3956 318 4003; x_wconf 85' lang='lat' dir='ltr'><strong>qnae</strong></span> <span class='ocrx_word' id='word_1_418' title='bbox 339 3941 464 4007; x_wconf 86' lang='lat' dir='ltr'><strong>producte</strong></span> <span class='ocrx_word' id='word_1_419' title='bbox 482 3949 521 3989; x_wconf 86' lang='lat' dir='ltr'><strong>est</strong></span> <span class='ocrx_word' id='word_1_420' title='bbox 543 3941 568 3988; x_wconf 92' lang='lat' dir='ltr'><strong>in</strong></span> <span class='ocrx_word' id='word_1_421' title='bbox 591 3939 717 3998; x_wconf 84' lang='lat' dir='ltr'><strong>secunde,</strong></span> <span class='ocrx_word' id='word_1_422' title='bbox 737 3953 751 3987; x_wconf 89' lang='lat' dir='ltr'><strong>o</strong></span> <span class='ocrx_word' id='word_1_423' title='bbox 770 3949 795 3990; x_wconf 89' lang='lat' dir='ltr'><strong>et</strong></span> <span class='ocrx_word' id='word_1_424' title='bbox 815 3939 824 3988; x_wconf 84' lang='lat' dir='ltr'><strong>i</strong></span> <span class='ocrx_word' id='word_1_425' title='bbox 843 3955 908 4002; x_wconf 79' lang='lat' dir='ltr'><strong>quoe</strong></span> <span class='ocrx_word' id='word_1_426' title='bbox 926 3949 1057 4005; x_wconf 85' lang='lat' dir='ltr'><strong>correptos</strong></span> <span class='ocrx_word' id='word_1_427' title='bbox 1075 3947 1134 3988; x_wconf 85' lang='lat' dir='ltr'><strong>sunt</strong></span> <span class='ocrx_word' id='word_1_428' title='bbox 1152 3938 1273 4002; x_wconf 83' lang='lat' dir='ltr'><strong>intortio,</strong></span> <span class='ocrx_word' id='word_1_429' title='bbox 1294 3938 1301 3986; x_wconf 89' lang='lat' dir='ltr'><strong>i</strong></span> <span class='ocrx_word' id='word_1_430' title='bbox 1320 3952 1385 4000; x_wconf 88' lang='lat' dir='ltr'><strong>quoe</strong></span> 
     </span>
     <span class='ocr_line' id='line_1_39' title="bbox 99 4008 1484 4076; baseline -0.004 -14"><span class='ocrx_word' id='word_1_431' title='bbox 99 4026 196 4076; x_wconf 76' lang='lat' dir='ltr'><strong>semper</strong></span> <span class='ocrx_word' id='word_1_432' title='bbox 213 4010 339 4075; x_wconf 84' lang='lat' dir='ltr'><strong>producta</strong></span> <span class='ocrx_word' id='word_1_433' title='bbox 356 4019 394 4059; x_wconf 86' lang='lat' dir='ltr'><strong>est</strong></span> <span class='ocrx_word' id='word_1_434' title='bbox 405 4011 429 4059; x_wconf 91' lang='lat' dir='ltr'><strong>in</strong></span> <span class='ocrx_word' id='word_1_435' title='bbox 442 4020 531 4073; x_wconf 86' lang='lat' dir='ltr'><strong>quarta</strong></span> <span class='ocrx_word' id='word_1_436' title='bbox 601 4009 635 4060; x_wconf 89' lang='grc'><strong>20</strong></span> <span class='ocrx_word' id='word_1_437' title='bbox 652 4009 748 4060; x_wconf 81' lang='lat' dir='ltr'><strong>indices</strong></span> <span class='ocrx_word' id='word_1_438' title='bbox 763 4008 894 4060; x_wconf 73' lang='lat' dir='ltr'><strong>ceromata</strong></span> <span class='ocrx_word' id='word_1_439' title='bbox 909 4013 933 4060; x_wconf 85' lang='lat' dir='ltr'><strong>ia</strong></span> <span class='ocrx_word' id='word_1_440' title='bbox 952 4010 1086 4060; x_wconf 82' lang='lat' dir='ltr'><strong>codicello</strong></span> <span class='ocrx_word' id='word_1_441' title='bbox 1100 4009 1189 4074; x_wconf 79' lang='lat' dir='ltr'><strong>scripti</strong></span> <span class='ocrx_word' id='word_1_442' title='bbox 1206 4015 1271 4070; x_wconf 85' lang='lat' dir='ltr'><strong>aunt,</strong></span> <span class='ocrx_word' id='word_1_443' title='bbox 1286 4015 1314 4056; x_wconf 89' lang='lat' dir='ltr'><strong>ut</strong></span> <span class='ocrx_word' id='word_1_444' title='bbox 1327 4022 1385 4059; x_wconf 89' lang='lat' dir='ltr'><strong>con·</strong></span> <span class='ocrx_word' id='word_1_445' title='bbox 1475 4061 1484 4074; x_wconf 33' lang='grc' dir='ltr'>ι</span> 
     </span>
     <span class='ocr_line' id='line_1_40' title="bbox 99 4077 1386 4148; baseline -0.005 -16"><span class='ocrx_word' id='word_1_446' title='bbox 99 4083 208 4144; x_wconf 65' lang='lat' dir='ltr'><strong>pinibus</strong></span> <span class='ocrx_word' id='word_1_447' title='bbox 223 4095 338 4132; x_wconf 67' lang='lat' dir='ltr'><strong>casuum</strong></span> <span class='ocrx_word' id='word_1_448' title='bbox 355 4079 513 4130; x_wconf 73' lang='lat' dir='ltr'><strong>comantibus</strong></span> <span class='ocrx_word' id='word_1_449' title='bbox 534 4081 572 4128; x_wconf 86' lang='lat' dir='ltr'><strong>ael</strong></span> <span class='ocrx_word' id='word_1_450' title='bbox 587 4081 704 4130; x_wconf 70' lang='lat' dir='ltr'><strong>colomis</strong></span> <span class='ocrx_word' id='word_1_451' title='bbox 720 4084 746 4129; x_wconf 88' lang='lat' dir='ltr'><strong>in</strong></span> <span class='ocrx_word' id='word_1_452' title='bbox 765 4096 816 4128; x_wconf 88' lang='lat' dir='ltr'><strong>una</strong></span> <span class='ocrx_word' id='word_1_453' title='bbox 831 4095 930 4146; x_wconf 86' lang='lat' dir='ltr'><strong>quaque</strong></span> <span class='ocrx_word' id='word_1_454' title='bbox 949 4082 1043 4148; x_wconf 78' lang='lat' dir='ltr'><strong>papirio</strong></span> <span class='ocrx_word' id='word_1_455' title='bbox 1059 4080 1183 4130; x_wconf 81' lang='lat' dir='ltr'><strong>distinctio</strong></span> <span class='ocrx_word' id='word_1_456' title='bbox 1195 4079 1292 4143; x_wconf 75' lang='lat' dir='ltr'><strong>abaguio</strong></span> <span class='ocrx_word' id='word_1_457' title='bbox 1307 4077 1386 4127; x_wconf 85' lang='lat' dir='ltr'><strong>verbo</strong></span> 
     </span>
     <span class='ocr_line' id='line_1_41' title="bbox 99 4149 1386 4214; baseline -0.005 -11"><span class='ocrx_word' id='word_1_458' title='bbox 99 4167 192 4203; x_wconf 73' lang='lat' dir='ltr'><strong>mun</strong></span> <span class='ocrx_word' id='word_1_459' title='bbox 209 4153 333 4214; x_wconf 86' lang='lat' dir='ltr'><strong>inpleant.</strong></span> <span class='ocrx_word' id='word_1_460' title='bbox 360 4159 387 4201; x_wconf 86' lang='lat' dir='ltr'><strong>ct</strong></span> <span class='ocrx_word' id='word_1_461' title='bbox 406 4151 536 4213; x_wconf 63' lang='lat' dir='ltr'><strong>deprimor</strong></span> <span class='ocrx_word' id='word_1_462' title='bbox 552 4152 648 4214; x_wconf 77' lang='lat' dir='ltr'><strong>quiden</strong></span> <span class='ocrx_word' id='word_1_463' title='bbox 667 4150 767 4214; x_wconf 76' lang='lat' dir='ltr'><strong>paginis</strong></span> <span class='ocrx_word' id='word_1_464' title='bbox 783 4150 882 4200; x_wconf 84' lang='lat' dir='ltr'><strong>duodus</strong></span> <span class='ocrx_word' id='word_1_465' title='bbox 897 4149 977 4214; x_wconf 89' lang='lat' dir='ltr'><strong>(Villi</strong></span> <span class='ocrx_word' id='word_1_466' title='bbox 996 4149 1028 4200; x_wconf 81' lang='lat' dir='ltr'><strong>o*</strong></span> <span class='ocrx_word' id='word_1_467' title='bbox 1047 4158 1071 4199; x_wconf 86' lang='lat' dir='ltr'><strong>et</strong></span> <span class='ocrx_word' id='word_1_468' title='bbox 1092 4149 1119 4212; x_wconf 82' lang='lat'><strong>7)</strong></span> <span class='ocrx_word' id='word_1_469' title='bbox 1135 4157 1257 4213; x_wconf 83' lang='lat' dir='ltr'><strong>quaterno</strong></span> <span class='ocrx_word' id='word_1_470' title='bbox 1273 4163 1386 4198; x_wconf 84' lang='lat' dir='ltr'><strong>uersuum</strong></span> 
     </span>
     <span class='ocr_line' id='line_1_42' title="bbox 100 4216 1385 4287; baseline -0.005 -15"><span class='ocrx_word' id='word_1_471' title='bbox 100 4229 214 4272; x_wconf 76' lang='lat' dir='ltr'><strong>comto</strong></span> <span class='ocrx_word' id='word_1_472' title='bbox 231 4222 331 4287; x_wconf 78' lang='lat' dir='ltr'><strong>scripto</strong></span> <span class='ocrx_word' id='word_1_473' title='bbox 348 4229 418 4282; x_wconf 80' lang='lat' dir='ltr'><strong>sunt,</strong></span> <span class='ocrx_word' id='word_1_474' title='bbox 436 4223 462 4272; x_wconf 83' lang='lat' dir='ltr'><strong>in</strong></span> <span class='ocrx_word' id='word_1_475' title='bbox 480 4219 587 4279; x_wconf 58' lang='lat' dir='ltr'><strong>duodvm</strong></span> <span class='ocrx_word' id='word_1_476' title='bbox 611 4237 675 4286; x_wconf 84' lang='lat' dir='ltr'><strong>quoe</strong></span> <span class='ocrx_word' id='word_1_477' title='bbox 696 4229 832 4283; x_wconf 76' lang='lat' dir='ltr'><strong>sequentior</strong></span> <span class='ocrx_word' id='word_1_478' title='bbox 854 4221 936 4284; x_wconf 84' lang='lat' dir='ltr'><strong>(Villi</strong></span> <span class='ocrx_word' id='word_1_479' title='bbox 955 4216 987 4268; x_wconf 79' lang='lat'><strong>7*</strong></span> <span class='ocrx_word' id='word_1_480' title='bbox 1006 4227 1030 4269; x_wconf 86' lang='lat' dir='ltr'><strong>et</strong></span> <span class='ocrx_word' id='word_1_481' title='bbox 1046 4219 1075 4283; x_wconf 83' lang='lat'><strong>8)</strong></span> <span class='ocrx_word' id='word_1_482' title='bbox 1098 4219 1164 4272; x_wconf 87' lang='lat' dir='ltr'><strong>bino.</strong></span> <span class='ocrx_word' id='word_1_483' title='bbox 1202 4219 1286 4268; x_wconf 86' lang='lat' dir='ltr'><strong>ultinro</strong></span> <span class='ocrx_word' id='word_1_484' title='bbox 1304 4226 1385 4268; x_wconf 85' lang='lat' dir='ltr'><strong>autern</strong></span> 
     </span>
     <span class='ocr_line' id='line_1_43' title="bbox 100 4287 1384 4357; baseline -0.005 -15"><span class='ocrx_word' id='word_1_485' title='bbox 100 4293 267 4357; x_wconf 63' lang='lat' dir='ltr'><strong>munionis</strong></span> <span class='ocrx_word' id='word_1_486' title='bbox 276 4293 375 4356; x_wconf 77' lang='lat' dir='ltr'><strong>pagina</strong></span> <span class='ocrx_word' id='word_1_487' title='bbox 391 4293 519 4354; x_wconf 68' lang='lat' dir='ltr'><strong>scriptura</strong></span> <span class='ocrx_word' id='word_1_488' title='bbox 535 4299 619 4343; x_wconf 70' lang='lat' dir='ltr'><strong>uocat</strong></span> <span class='ocrx_word' id='word_1_489' title='bbox 656 4290 742 4339; x_wconf 80' lang='lat' dir='ltr'><strong>ainulio</strong></span> <span class='ocrx_word' id='word_1_490' title='bbox 758 4289 885 4339; x_wconf 76' lang='lat' dir='ltr'><strong>scribendi</strong></span> <span class='ocrx_word' id='word_1_491' title='bbox 900 4293 968 4342; x_wconf 85' lang='lat' dir='ltr'><strong>ratio</strong></span> <span class='ocrx_word' id='word_1_492' title='bbox 985 4289 1010 4337; x_wconf 83' lang='lat' dir='ltr'><strong>in</strong></span> <span class='ocrx_word' id='word_1_493' title='bbox 1028 4289 1165 4356; x_wconf 74' lang='lat' dir='ltr'><strong>arelectgpo</strong></span> <span class='ocrx_word' id='word_1_494' title='bbox 1178 4289 1260 4352; x_wconf 75' lang='lat' dir='ltr'><strong>fuisse</strong></span> <span class='ocrx_word' id='word_1_495' title='bbox 1275 4287 1384 4342; x_wconf 86' lang='lat' dir='ltr'><strong>uidetur.</strong></span> 
     </span>
     <span class='ocr_line' id='line_1_44' title="bbox 101 4357 1386 4424; baseline -0.003 -12"><span class='ocrx_word' id='word_1_496' title='bbox 101 4365 151 4412; x_wconf 77' lang='lat' dir='ltr'><strong>diac</strong></span> <span class='ocrx_word' id='word_1_497' title='bbox 167 4370 244 4412; x_wconf 74' lang='lat' dir='ltr'><strong>nom</strong></span> <span class='ocrx_word' id='word_1_498' title='bbox 263 4369 393 4412; x_wconf 68' lang='lat' dir='ltr'><strong>cst‘error</strong></span> <span class='ocrx_word' id='word_1_499' title='bbox 406 4360 515 4421; x_wconf 66' lang='lat' dir='ltr'><strong>librani,</strong></span> <span class='ocrx_word' id='word_1_500' title='bbox 528 4361 594 4424; x_wconf 86' lang='lat' dir='ltr'><strong>quod</strong></span> <span class='ocrx_word' id='word_1_501' title='bbox 612 4369 637 4411; x_wconf 86' lang='lat' dir='ltr'><strong>et</strong></span> <span class='ocrx_word' id='word_1_502' title='bbox 650 4364 675 4410; x_wconf 83' lang='lat' dir='ltr'><strong>in</strong></span> <span class='ocrx_word' id='word_1_503' title='bbox 687 4360 844 4410; x_wconf 79' lang='lat' dir='ltr'><strong>neutralibus</strong></span> <span class='ocrx_word' id='word_1_504' title='bbox 861 4362 945 4412; x_wconf 65' lang='lat' dir='ltr'><strong>ambio</strong></span> <span class='ocrx_word' id='word_1_505' title='bbox 959 4359 1090 4422; x_wconf 83' lang='lat' dir='ltr'><strong>quaedam,</strong></span> <span class='ocrx_word' id='word_1_506' title='bbox 1106 4374 1170 4423; x_wconf 84' lang='lat' dir='ltr'><strong>quae</strong></span> <span class='ocrx_word' id='word_1_507' title='bbox 1187 4357 1224 4408; x_wconf 86' lang='lat' dir='ltr'><strong>ad</strong></span> <span class='ocrx_word' id='word_1_508' title='bbox 1236 4358 1386 4420; x_wconf 86' lang='lat' dir='ltr'><strong>deponentia</strong></span> 
     </span>
     <span class='ocr_line' id='line_1_45' title="bbox 101 4428 1386 4496; baseline -0.005 -12"><span class='ocrx_word' id='word_1_509' title='bbox 101 4436 136 4484; x_wconf 77' lang='lat' dir='ltr'><strong>rel</strong></span> <span class='ocrx_word' id='word_1_510' title='bbox 155 4436 291 4483; x_wconf 73' lang='lat' dir='ltr'><strong>comana</strong></span> <span class='ocrx_word' id='word_1_511' title='bbox 310 4434 454 4496; x_wconf 71' lang='lat' dir='ltr'><strong>peronen,</strong></span> <span class='ocrx_word' id='word_1_512' title='bbox 479 4439 505 4482; x_wconf 81' lang='lat' dir='ltr'><strong>et</strong></span> <span class='ocrx_word' id='word_1_513' title='bbox 522 4431 548 4478; x_wconf 84' lang='lat' dir='ltr'><strong>in</strong></span> <span class='ocrx_word' id='word_1_514' title='bbox 572 4430 749 4493; x_wconf 80' lang='lat' dir='ltr'><strong>deponentibrn</strong></span> <span class='ocrx_word' id='word_1_515' title='bbox 762 4436 816 4479; x_wconf 84' lang='lat' dir='ltr'><strong>nort</strong></span> <span class='ocrx_word' id='word_1_516' title='bbox 828 4433 912 4492; x_wconf 87' lang='lat' dir='ltr'><strong>nullo,</strong></span> <span class='ocrx_word' id='word_1_517' title='bbox 931 4444 995 4494; x_wconf 83' lang='lat' dir='ltr'><strong>quae</strong></span> <span class='ocrx_word' id='word_1_518' title='bbox 1015 4432 1039 4479; x_wconf 85' lang='lat' dir='ltr'><strong>in</strong></span> <span class='ocrx_word' id='word_1_519' title='bbox 1060 4428 1221 4478; x_wconf 73' lang='lat' dir='ltr'><strong>coerctionibus</strong></span> <span class='ocrx_word' id='word_1_520' title='bbox 1237 4429 1386 4478; x_wconf 85' lang='lat' dir='ltr'><strong>collocando</strong></span> 
     </span>
     <span class='ocr_line' id='line_1_46' title="bbox 101 4497 1384 4566; baseline -0.003 -14"><span class='ocrx_word' id='word_1_521' title='bbox 101 4510 178 4564; x_wconf 79' lang='lat' dir='ltr'><strong>erant,</strong></span> <span class='ocrx_word' id='word_1_522' title='bbox 194 4505 300 4566; x_wconf 63' lang='grc' dir='ltr'><strong>εστ-’φεῦ</strong></span> <span class='ocrx_word' id='word_1_523' title='bbox 318 4508 344 4552; x_wconf 83' lang='lat' dir='ltr'><strong>ct</strong></span> <span class='ocrx_word' id='word_1_524' title='bbox 360 4503 490 4564; x_wconf 83' lang='lat' dir='ltr'><strong>conplura,</strong></span> <span class='ocrx_word' id='word_1_525' title='bbox 507 4515 574 4565; x_wconf 83' lang='lat' dir='ltr'><strong>quae</strong></span> <span class='ocrx_word' id='word_1_526' title='bbox 589 4504 628 4552; x_wconf 86' lang='lat' dir='ltr'><strong>oet</strong></span> <span class='ocrx_word' id='word_1_527' title='bbox 642 4502 741 4564; x_wconf 76' lang='lat' dir='ltr'><strong>scripto</strong></span> <span class='ocrx_word' id='word_1_528' title='bbox 756 4501 805 4550; x_wconf 79' lang='lat' dir='ltr'><strong>iarn</strong></span> <span class='ocrx_word' id='word_1_529' title='bbox 817 4509 894 4550; x_wconf 78' lang='lat' dir='ltr'><strong>eroon</strong></span> <span class='ocrx_word' id='word_1_530' title='bbox 909 4502 948 4550; x_wconf 90' lang='lat' dir='ltr'><strong>uel</strong></span> <span class='ocrx_word' id='word_1_531' title='bbox 961 4509 1053 4563; x_wconf 85' lang='lat' dir='ltr'><strong>posteo</strong></span> <span class='ocrx_word' id='word_1_532' title='bbox 1066 4497 1201 4549; x_wconf 85' lang='lat' dir='ltr'><strong>scribenda</strong></span> <span class='ocrx_word' id='word_1_533' title='bbox 1219 4505 1306 4562; x_wconf 75' lang='lat' dir='ltr'><strong>eram,</strong></span> <span class='ocrx_word' id='word_1_534' title='bbox 1325 4515 1384 4564; x_wconf 86' lang='lat' dir='ltr'><strong>per·</strong></span> 
     </span>
     <span class='ocr_line' id='line_1_47' title="bbox 101 4570 1385 4636; baseline -0.003 -14"><span class='ocrx_word' id='word_1_535' title='bbox 101 4587 169 4624; x_wconf 67' lang='lat' dir='ltr'><strong>anco</strong></span> <span class='ocrx_word' id='word_1_536' title='bbox 182 4575 272 4625; x_wconf 78' lang='lat' dir='ltr'><strong>ordine</strong></span> <span class='ocrx_word' id='word_1_537' title='bbox 286 4575 379 4635; x_wconf 77' lang='lat' dir='ltr'><strong>potuit.</strong></span> <span class='ocrx_word' id='word_1_538' title='bbox 414 4572 463 4623; x_wconf 80' lang='lat' dir='ltr'><strong>sed</strong></span> <span class='ocrx_word' id='word_1_539' title='bbox 472 4573 585 4636; x_wconf 86' lang='lat' dir='ltr'><strong>quoniam</strong></span> <span class='ocrx_word' id='word_1_540' title='bbox 593 4575 715 4636; x_wconf 74' lang='lat' dir='ltr'><strong>penariam</strong></span> <span class='ocrx_word' id='word_1_541' title='bbox 726 4570 856 4620; x_wconf 65' lang='lat' dir='ltr'><strong>ambonem</strong></span> <span class='ocrx_word' id='word_1_542' title='bbox 869 4572 934 4622; x_wconf 84' lang='lat' dir='ltr'><strong>ordo</strong></span> <span class='ocrx_word' id='word_1_543' title='bbox 945 4570 1046 4619; x_wconf 79' lang='lat' dir='ltr'><strong>restitui</strong></span> <span class='ocrx_word' id='word_1_544' title='bbox 1056 4571 1147 4633; x_wconf 85' lang='lat' dir='ltr'><strong>nequit,</strong></span> <span class='ocrx_word' id='word_1_545' title='bbox 1163 4571 1316 4633; x_wconf 86' lang='lat' dir='ltr'><strong>praesertim</strong></span> <span class='ocrx_word' id='word_1_546' title='bbox 1333 4583 1385 4619; x_wconf 88' lang='lat' dir='ltr'><strong>cum</strong></span> 
     </span>
     <span class='ocr_line' id='line_1_48' title="bbox 101 4638 1385 4707; baseline -0.005 -10"><span class='ocrx_word' id='word_1_547' title='bbox 101 4661 145 4697; x_wconf 77' lang='lat' dir='ltr'><strong>son</strong></span> <span class='ocrx_word' id='word_1_548' title='bbox 155 4645 220 4694; x_wconf 72' lang='lat' dir='ltr'><strong>eaor</strong></span> <span class='ocrx_word' id='word_1_549' title='bbox 231 4649 336 4701; x_wconf 68' lang='lat' dir='ltr'><strong>contin,</strong></span> <span class='ocrx_word' id='word_1_550' title='bbox 349 4657 415 4707; x_wconf 84' lang='lat' dir='ltr'><strong>qnae</strong></span> <span class='ocrx_word' id='word_1_551' title='bbox 430 4640 509 4690; x_wconf 73' lang='lat' dir='ltr'><strong>mbo</strong></span> <span class='ocrx_word' id='word_1_552' title='bbox 519 4641 653 4704; x_wconf 83' lang='lat' dir='ltr'><strong>deponenti</strong></span> <span class='ocrx_word' id='word_1_553' title='bbox 665 4643 772 4706; x_wconf 71' lang='lat' dir='ltr'><strong>foratae,</strong></span> <span class='ocrx_word' id='word_1_554' title='bbox 787 4657 851 4706; x_wconf 82' lang='lat' dir='ltr'><strong>quoe</strong></span> <span class='ocrx_word' id='word_1_555' title='bbox 867 4640 984 4691; x_wconf 84' lang='lat' dir='ltr'><strong>communi</strong></span> <span class='ocrx_word' id='word_1_556' title='bbox 997 4638 1113 4689; x_wconf 73' lang='lat' dir='ltr'><strong>intuerit</strong></span> <span class='ocrx_word' id='word_1_557' title='bbox 1128 4641 1313 4703; x_wconf 76' lang='lat' dir='ltr'><strong>gramaticus,</strong></span> <span class='ocrx_word' id='word_1_558' title='bbox 1325 4655 1385 4703; x_wconf 84' lang='lat' dir='ltr'><strong>per·</strong></span> 
     </span>
     <span class='ocr_line' id='line_1_49' title="bbox 102 4711 1383 4776; baseline -0.005 -10"><span class='ocrx_word' id='word_1_559' title='bbox 102 4715 222 4766; x_wconf 70' lang='lat' dir='ltr'><strong>urbm</strong></span> <span class='ocrx_word' id='word_1_560' title='bbox 237 4713 333 4764; x_wconf 66' lang='lat' dir='ltr'><strong>codicia</strong></span> <span class='ocrx_word' id='word_1_561' title='bbox 349 4713 501 4774; x_wconf 75' lang='lat' dir='ltr'><strong>cnipturam</strong></span> <span class='ocrx_word' id='word_1_562' title='bbox 517 4713 615 4776; x_wconf 80' lang='lat' dir='ltr'><strong>reliqui.</strong></span> <span class='ocrx_word' id='word_1_563' title='bbox 652 4727 684 4761; x_wconf 89' lang='lat' dir='ltr'><strong>ea</strong></span> <span class='ocrx_word' id='word_1_564' title='bbox 702 4719 782 4760; x_wconf 85' lang='lat' dir='ltr'><strong>autem</strong></span> <span class='ocrx_word' id='word_1_565' title='bbox 798 4728 863 4776; x_wconf 75' lang='lat' dir='ltr'><strong>patae</strong></span> <span class='ocrx_word' id='word_1_566' title='bbox 881 4713 962 4762; x_wconf 84' lang='lat' dir='ltr'><strong>alieno</strong></span> <span class='ocrx_word' id='word_1_567' title='bbox 978 4713 1032 4760; x_wconf 84' lang='lat' dir='ltr'><strong>ioco</strong></span> <span class='ocrx_word' id='word_1_568' title='bbox 1049 4711 1174 4760; x_wconf 86' lang='lat' dir='ltr'><strong>collocata</strong></span> <span class='ocrx_word' id='word_1_569' title='bbox 1190 4711 1228 4760; x_wconf 85' lang='lat' dir='ltr'><strong>oet</strong></span> <span class='ocrx_word' id='word_1_570' title='bbox 1242 4725 1323 4772; x_wconf 85' lang='lat' dir='ltr'><strong>proce</strong></span> <span class='ocrx_word' id='word_1_571' title='bbox 1343 4726 1383 4760; x_wconf 87' lang='lat' dir='ltr'><strong>rc·</strong></span> 
     </span>
     <span class='ocr_line' id='line_1_50' title="bbox 99 4777 1322 4851; baseline -0.003 -16"><span class='ocrx_word' id='word_1_572' title='bbox 99 4787 174 4851; x_wconf 73' lang='lat' dir='ltr'><strong>petito</strong></span> <span class='ocrx_word' id='word_1_573' title='bbox 188 4792 249 4835; x_wconf 77' lang='lat' dir='ltr'><strong>crau</strong></span> <span class='ocrx_word' id='word_1_574' title='bbox 261 4785 332 4834; x_wconf 78' lang='lat' dir='ltr'><strong>macie</strong></span> <span class='ocrx_word' id='word_1_575' title='bbox 349 4783 477 4845; x_wconf 57' lang='lat' dir='ltr'><strong>&amp;positio</strong></span> <span class='ocrx_word' id='word_1_576' title='bbox 489 4784 576 4832; x_wconf 84' lang='lat' dir='ltr'><strong>notaui</strong></span> <span class='ocrx_word' id='word_1_577' title='bbox 644 4781 675 4832; x_wconf 89' lang='grc'><strong>21</strong></span> <span class='ocrx_word' id='word_1_578' title='bbox 696 4780 780 4846; x_wconf 89' lang='lat' dir='ltr'><strong>venio]</strong></span> <span class='ocrx_word' id='word_1_579' title='bbox 796 4783 910 4848; x_wconf 74' lang='lat' dir='ltr'><strong>fortasse</strong></span> <span class='ocrx_word' id='word_1_580' title='bbox 927 4794 1006 4830; x_wconf 86' lang='lat' dir='ltr'><strong>veneo</strong></span> <span class='ocrx_word' id='word_1_581' title='bbox 1076 4777 1169 4830; x_wconf 84' lang='lat' dir='ltr'><strong>haereo</strong></span> <span class='ocrx_word' id='word_1_582' title='bbox 1189 4779 1322 4834; x_wconf 80' lang='lat' dir='ltr'><strong>Putecdius</strong></span> 
     </span>
     <span class='ocr_line' id='line_1_51' title="bbox 100 4851 557 4927; baseline -0.009 -19"><span class='ocrx_word' id='word_1_583' title='bbox 100 4855 132 4908; x_wconf 75' lang='grc'><strong>23</strong></span> <span class='ocrx_word' id='word_1_584' title='bbox 147 4870 202 4905; x_wconf 86' lang='lat' dir='ltr'><strong>erro</strong></span> <span class='ocrx_word' id='word_1_585' title='bbox 214 4853 306 4927; x_wconf 82' lang='lat' dir='ltr'><strong>vapulo</strong></span> <span class='ocrx_word' id='word_1_586' title='bbox 319 4859 404 4903; x_wconf 86' lang='lat' dir='ltr'><strong>scateo</strong></span> <span class='ocrx_word' id='word_1_587' title='bbox 416 4851 557 4904; x_wconf 63' lang='lat' dir='ltr'><strong>morino.</strong></span> 
     </span>
    </p>
   </div>
   <div class='ocr_carea' id='block_1_4' title="bbox 0 0 1680 5442">
    <p class='ocr_par' dir='ltr' id='par_1_6' title="bbox 0 0 1680 5442">
     <span class='ocr_line' id='line_1_52' title="bbox 0 0 1680 5442; baseline 0 0"><span class='ocrx_word' id='word_1_588' title='bbox 0 0 1680 5442; x_wconf 95' lang='lat' dir='ltr'><strong> </strong></span> 
     </span>
    </p>
   </div>
  </div>
 </body>
</html>
