3350 5442
590 358 828 421 COMMENTVM
1249 380 1253 389 ·
1288 353 1352 419 223

1167 465 1291 519 paor-or
1304 464 1327 504 1.

67 563 120 607 nno
142 544 229 607 modo
252 544 447 613 declinamus;
476 546 625 625 passivum
653 562 812 607 commune
843 552 874 605 et
894 544 1047 625 deponens
1069 563 1128 605 uno
1150 544 1238 605 modo
1261 542 1352 605 decli·

66 666 171 708 namus.
217 664 288 725 ergo
310 648 341 707 in
364 648 465 708 activis
488 654 518 709 et
537 650 568 709 in
591 644 783 727 neutrallibus
806 653 875 709 ante
898 636 1015 708 ultimas
1038 646 1158 719 litteras,
1171 648 1351 726 quaerimus,

64 751 91 811 in
116 750 237 829 passivis
264 748 472 811 communibus
499 757 529 810 et
556 748 775 828 deponentibus
803 756 872 810 ante
898 748 1017 811 ultimas
1045 748 1181 828 syllabas.
1227 747 1352 828 etquid

65 852 255 931 requirimus?
277 850 330 913 bas
352 859 414 913 tres
436 849 563 920 vocales,
586 870 604 912 a
627 868 642 911 e
664 852 684 912 i.
730 858 758 914 et
780 852 806 912 si
828 870 845 912 a
867 851 971 921 luerit,
995 852 1103 912 dicitur
1131 851 1225 930 prima
1250 852 1351 911 coniu-

43 956 150 1032 sgnum
173 956 199 1015 si
222 973 253 1023 ο,
276 953 386 1014 dicitur
408 953 537 1015 secunda
561 954 746 1031 coniugatio;
775 954 841 1022 sii,
871 952 979 1014 dicitur
1006 954 1102 1015 tertia.
1148 952 1226 1013 bono
1248 952 1353 1013 ordine

63 1038 238 1135 a'cceperunt
260 1057 389 1125 nomina,
413 1057 553 1135 quoniam
576 1057 658 1134 ipsae
680 1053 796 1115 vocales
818 1056 862 1115 sic
884 1063 1018 1117 currunt.
1063 1054 1168 1116 eodem
1198 1054 1303 1117 ordine
1325 1061 1355 1115 et

62 1159 279 1237 coniugationes
301 1158 422 1219 nomina
444 1163 633 1237 acceperunt.
679 1174 750 1235 ergo
774 1172 849 1233 quae
876 1158 972 1236 prima
1000 1156 1097 1218 littera
1126 1163 1171 1217 est
1198 1158 1262 1236 ipsa
1284 1156 1355 1216 lacit

61 1262 184 1339 primam
208 1260 453 1338 coniugationem,
479 1277 554 1338 quae
576 1258 708 1321 secunda
730 1254 1000 1338 secundanquuae
1015 1260 1102 1320 tertia
1123 1260 1251 1320 tertiam.
1282 1275 1354 1335 ergo

62 1381 115 1442 quo
137 1362 227 1423 modo
249 1361 299 1422 illa
323 1363 454 1442 quinque
476 1362 661 1423 invenimus?
699 1378 765 1421 amo
789 1378 870 1423 amas
895 1358 926 1440 [a
947 1367 1016 1422 ante
1037 1380 1052 1421 s
1073 1359 1217 1440 litteram]
1240 1361 1355 1439 primae

33 1482 51 1519 ro
64 1472 104 1525 est
130 1464 360 1543 coniugationis:
391 1482 406 1525 a
436 1464 514 1525 enirn
545 1463 635 1525 babet
662 1470 730 1525 ante
757 1481 785 1533 s;
816 1470 846 1523 et
872 1464 970 1524 omnia
998 1461 1068 1523 binc
1094 1470 1179 1543 potes
1203 1462 1353 1539 colligere.
1400 1532 1406 1546 .

62 1584 136 1627 amas
158 1568 212 1647 qui
234 1564 340 1628 modus
362 1566 424 1626 esti
446 1566 628 1627 indicativus.
667 1564 747 1642 quod
770 1570 888 1645 tempus
910 1567 972 1625 esti
994 1584 1145 1644 praesens.
1178 1566 1229 1642 qui
1249 1581 1353 1625 nume·

62 1669 124 1729 rust
152 1667 320 1747 singularis.
352 1686 427 1747 quae
449 1669 594 1747 personat
618 1665 757 1729 secunda.
789 1667 839 1745 qui
862 1668 973 1728 exitus?
1001 1675 1069 1729 ante
1092 1666 1229 1728 litteram.
1261 1683 1354 1743 qnare

62 1778 124 1830 ante
146 1770 295 1831 litteram?
318 1771 456 1850 quoniam
480 1772 606 1832 activum
629 1768 757 1831 verbum
779 1776 832 1829 est.
864 1787 934 1829 ecce
955 1767 1008 1829 ubi
1030 1778 1154 1849 apparet
1175 1770 1352 1847 coniugatio.

63 1873 126 1931 item
149 1879 235 1933 natas
257 1879 325 1935 ante
346 1871 475 1933 litteram
499 1878 553 1934 est.
591 1872 702 1950 quarel
726 1872 866 1950 quoniam
889 1870 1022 1932 neutrale
1044 1878 1100 1933 est.
1131 1871 1260 1931 diximus
1275 1872 1355 1931 enim

32 1974 134 2051 uquod
164 1976 195 2035 in
223 1976 325 2036 activis
354 1982 383 2036 et
404 1976 435 2035 in
458 1974 644 2037 neutralibus
666 1975 698 2035 in
725 1971 831 2035 litteris
859 1975 1029 2053 quaerimus
1056 1975 1294 2052 coniugatione,
1323 1974 1354 2033 in

61 2078 181 2156 passivis
204 2095 274 2137 vero
296 2074 504 2139 communibus
528 2084 557 2138 et
578 2076 796 2155 deponentibus
818 2078 849 2137 in
871 2074 1002 2155 syllabis.
1033 2094 1117 2137 amor
1132 2077 1258 2143 amaris;
1283 2094 1354 2137 ecoe

61 2178 104 2239 illa
126 2198 152 2251 a,
178 2196 255 2259 quae
278 2184 343 2239 erat
365 2185 432 2239 ante
455 2177 593 2248 litteram,
617 2178 695 2239 iacta
718 2184 764 2238 est
785 2188 854 2239 anto
869 2177 1012 2259 syllabam
1033 2178 1064 2238 in
1078 2178 1211 2257 passivis,
1235 2180 1353 2239 amaris.

62 2300 125 2343 ecce
145 2282 245 2361 prima
274 2282 443 2359 coniugatio
471 2299 559 2361 quern
587 2280 623 2341 ad
653 2280 773 2341 modum
798 2282 866 2341 exit.
911 2279 1043 2341 secunda
1070 2280 1238 2358 coniugatio
1266 2297 1354 2359 quem

62 2382 240 2445 admodum
262 2379 437 2464 inuoluitur?
480 2384 512 2444 in
534 2382 627 2453 isdem
650 2381 724 2445 iocis
746 2380 791 2442 vel
820 2380 870 2441 hic
897 2388 967 2443 ωηο
987 2382 1102 2443 litteras
1129 2381 1175 2442 vel
1203 2380 1264 2442 illic
1286 2389 1355 2442 ante

31 2484 193 2566 asyllabas,
218 2492 250 2547 ut
272 2484 365 2546 doceo
387 2485 485 2556 doces,
509 2484 640 2547 secunda
663 2490 717 2554 est,
742 2493 771 2545 et
785 2484 931 2563 producta
946 2490 991 2545 est
1005 2484 1104 2545 doces.
1139 2482 1217 2544 unde
1233 2490 1355 2564 apparet

62 2586 129 2648 illud
159 2584 288 2649 verbum
317 2605 384 2648 sum
412 2585 525 2648 nullam
551 2586 664 2649 babere
692 2588 940 2663 coniugationem.
984 2586 1053 2647 ideo
1081 2585 1141 2646 dixi
1167 2584 1344 2665 productam

63 2698 91 2751 ut
111 2690 247 2755 dieamus
274 2687 363 2750 docos
390 2689 486 2751 sedes.
533 2708 549 2750 ο
577 2690 725 2751 contrario
753 2706 818 2749 sum
847 2686 958 2749 nullam
985 2688 1076 2749 habet
1103 2688 1351 2765 coniugationem,

61 2812 121 2854 sum
144 2812 178 2853 ω
200 2800 254 2861 est,
279 2798 308 2853 et
331 2810 391 2853 non
413 2810 571 2871 possumus
594 2792 694 2853 dicero
718 2798 755 2851 et.
802 2808 874 2868 ergo
901 2792 969 2868 quia
991 2808 1052 2851 nou
1074 2808 1231 2871 possumus
1252 2788 1355 2851 dicere

62 2904 96 2964 et,
119 2914 177 2957 nec
200 2894 370 2972 coniugatio
392 2894 489 2974 aliqua
513 2901 565 2955 est.
611 2912 678 2955 narn
704 2911 772 2955 ecoe
794 2912 811 2953 a
833 2912 894 2954 non
916 2891 1020 2963 babet,
1050 2910 1067 2952 e
1093 2890 1272 2970 productum
1294 2910 1354 2952 non
1437 2916 1444 2937 ι

13 2982 164 3068 'thuben
198 2998 210 3057 i
237 3014 298 3057 non
331 2996 430 3057 babet.
479 2995 549 3071 binc
577 3004 700 3077 apparel
732 2998 871 3073 quoniam
900 2996 1139 3073 coniugationem
1166 3012 1227 3054 non
1255 2993 1353 3064 habet,
1390 2990 1399 3011 “

60 3108 179 3179 propter
216 3097 269 3159 bas
302 3096 431 3169 litteras,
465 3098 544 3179 quod
572 3097 646 3161 nibil
678 3098 785 3161 horum
812 3099 963 3159 invenitur
989 3099 1021 3158 in
1047 3095 1109 3157 illo.
1160 3112 1233 3174 ergo
1260 3097 1356 3175 prima

61 3202 226 3281 coniugatio
250 3199 378 3261 diximus
400 3219 459 3280 quo
482 3200 571 3263 modo
592 3202 751 3263 invenitur.
797 3200 928 3261 secunda
949 3199 1116 3278 coniugatio
1139 3216 1156 3259 e
1177 3197 1355 3278 productum

60 3302 147 3365 babet
172 3308 240 3364 ante
262 3300 393 3363 litteram
415 3302 461 3363 vol
483 3311 551 3365 ante
574 3302 714 3384 syllabas:
743 3312 812 3365 ante
832 3302 963 3364 litteram
984 3303 1017 3363 in
1039 3302 1140 3362 activis
1162 3306 1191 3360 et
1213 3300 1355 3362 neutrali-

60 3404 120 3467 bus.
170 3422 242 3483 ergo
264 3403 333 3465 ideo
355 3404 447 3467 doceo
471 3404 574 3477 doum,
605 3424 674 3467 ecce
697 3412 765 3466 ante
786 3405 916 3467 litteram
938 3406 970 3464 in
992 3404 1094 3465 activis
1116 3409 1161 3463 est
1182 3421 1199 3463 e
1226 3402 1354 3482 produc·

33 3516 133 3570 utum:
173 3508 286 3569 doceor
315 3504 447 3578 doceris,
478 3526 547 3569 ecoe
574 3509 682 3569 iterum
706 3526 722 3569 e
744 3507 936 3587 productum,
960 3505 1040 3584 quod
1063 3512 1109 3566 est
1130 3512 1197 3565 ante
1218 3504 1354 3584 syllabas.

141 3611 245 3672 Tertia
267 3606 316 3669 illa
339 3610 420 3670 varia
443 3616 500 3679 est,
529 3628 590 3671 non
612 3618 658 3671 est
678 3608 814 3689 simplex.
858 3628 927 3671 nam
956 3608 1114 3701 aliquando
1142 3615 1279 3687 correpta
1302 3614 1355 3678 est,
1369 3624 1428 3685 413,
1442 3626 1475 3673 20

62 3711 218 3792 aliquando
232 3711 387 3791 producta.
405 3710 471 3773 vide
487 3730 568 3791 ergo,
586 3730 674 3790 quem
690 3710 726 3772 ad
742 3711 863 3774 modum
879 3712 936 3773 hoc
952 3710 1132 3772 consideres.
1146 3728 1218 3788 ergo
1230 3712 1357 3790 primam
1368 3693 1428 3751 Μ’
1442 3695 1474 3742 ³³

63 3814 196 3883 diximus,
213 3812 354 3893 quemad
370 3813 493 3875 modum
508 3816 705 3892 cognoscitur,
722 3833 809 3894 quem
826 3814 863 3875 ad
879 3811 1001 3874 modum
1016 3812 1155 3874 secunda.
1179 3814 1267 3875 tertia
1278 3813 1357 3873 varia

63 3923 110 3985 ost,
127 3914 289 3994 aliquando
305 3922 444 3995 correpta
460 3924 514 3986 est,
531 3916 689 3998 aliquando
703 3916 856 3997 producta.
879 3914 968 3977 modo
983 3915 1188 3977 discriminare
1203 3914 1356 3984 debemus,

35 4018 177 4095 liquando
193 4025 332 4096 correpta
348 4022 402 4088 est,
416 4018 534 4099 quando
550 4019 702 4099 producta.
724 4021 800 4081 scire
816 4016 959 4080 debemus
973 4020 1051 4098 quia,
1068 4019 1095 4079 si
1109 4023 1247 4096 correpta
1257 4016 1355 4087 luerit,

63 4122 89 4181 in
110 4122 229 4202 passivo
250 4122 282 4181 in
305 4139 322 4181 e
344 4122 413 4191 exit,
436 4140 496 4181 non
517 4122 549 4182 in
563 4123 582 4181 i.
603 4114 646 4181 'in
661 4122 762 4183 activis
776 4119 903 4183 babetur
918 4128 988 4183 ante
1002 4120 1116 4182 litteras
1138 4121 1163 4187 i;
1187 4121 1218 4179 in
1233 4119 1357 4198 passivis

64 4220 187 4285 babetur
209 4222 214 4303 1
238 4230 308 4283 ωηο
335 4221 461 4301 syllabas
489 4242 514 4284 e.
559 4224 590 4283 in
618 4224 714 4303 prima
743 4229 772 4285 et
797 4222 858 4284 illic
886 4230 955 4283 ante
981 4222 1097 4284 literam
1129 4230 1174 4282 est
1203 4240 1218 4283 a
1247 4227 1277 4280 et
1296 4219 1357 4281 illie

64 4332 126 4385 ante
150 4323 295 4405 syllabam
316 4324 478 4405 producta;
501 4327 532 4385 in
556 4325 687 4387 secunda
710 4333 740 4386 et
761 4323 822 4386 illie
844 4344 861 4385 e
881 4324 1058 4404 producitur
1080 4332 1109 4385 et
1129 4323 1191 4383 illic
1213 4321 1357 4403 eprodu·

136 4516 149 4565 l
170 4515 306 4579 passivum
324 4540 359 4549 -
379 4514 536 4563 declinemus
553 4530 600 4565 om.
619 4512 692 4574 ΑΒ,
710 4512 771 4565 add.
790 4512 828 4583 nb
898 4513 915 4565 9
933 4527 990 4562 amo
1009 4526 1080 4561 amas
1104 4520 1162 4561 ωηο
1180 4511 1287 4562 litteram
1305 4511 1360 4563 BG

129 4584 228 4649 primae
251 4585 284 4633 sit
308 4584 496 4648 coniugatiouis
516 4582 601 4633 ABG
670 4584 703 4634 10
725 4591 784 4632 ante
805 4596 818 4631 s
837 4581 895 4633 Ca:
914 4599 927 4632 s
946 4598 992 4634 om,
1012 4582 1070 4631 AB
1138 4589 1222 4646 potest
1239 4581 1289 4631 ΑΘ

68 4651 93 4700 ll
113 4668 171 4703 amo
189 4653 274 4705 ABG
360 4656 393 4705 12
417 4662 475 4705 ante
498 4654 609 4703 litteram
629 4666 706 4717 quare
726 4662 784 4702 ante
808 4653 918 4701 litteram
938 4668 955 4702 α
978 4661 1037 4703 ωηο
1054 4652 1151 4701 litteras
1173 4653 1200 4714 (a
1214 4652 1276 4703 odd.
1294 4652 1358 4715 ΒΘ)

66 4736 140 4782 qnare
159 4732 217 4774 ante
235 4724 334 4774 litteras
349 4724 378 4789 (a
392 4724 452 4775 add.
462 4722 494 4786 Θ)
512 4723 596 4773 ABG
645 4723 677 4774 14
693 4730 751 4773 onte
768 4722 889 4773 litteraB
941 4724 974 4774 lb
992 4722 1129 4771 inlitterns
1147 4722 1201 4772 ΑΘ
1245 4722 1358 4788 211)οο-

66 4791 164 4841 ductam
183 4795 226 4844 A?
244 4794 398 4861 productum
414 4791 503 4845 cua*
574 4791 608 4843 29
628 4807 686 4843 eece
705 4801 763 4843 ente
782 4792 891 4843 litteram
909 4792 962 4842 ΑΘ
979 4808 1037 4842 οοοο
1052 4800 1111 4842 ωηο
1126 4792 1223 4842 litteras
1236 4790 1302 4842 Ba*

65 4858 98 4911 30
114 4864 182 4925 qnod
201 4874 305 4918 estora.
325 4865 351 4914 B
421 4864 454 4916 34
473 4863 649 4915 discriminare
666 4862 784 4913 uidemus
799 4863 825 4912 A
