3350 5442
344 357 406 426 356
887 363 1089 426 consentu

370 481 392 522 p.
405 471 463 511 21119.
476 469 502 510 40
515 467 538 509 P.

344 557 409 619 tur,
437 557 469 610 ut
496 549 533 609 ah
562 549 617 610 hac
645 557 731 611 nocte
760 551 843 611 clade
871 551 975 621 caede,
1005 553 1138 614 noctium
1164 551 1293 614 cladium
1320 552 1465 615 caedium.
1499 553 1581 633 quod
1604 563 1635 612 et

345 651 443 731 ipsum
471 659 569 712 tamtm
598 671 657 713 non
686 661 731 713 est
757 659 950 732 perpetuum:
980 673 1048 715 nam
1075 655 1146 715 sede
1173 655 1277 716 sedum
1304 656 1391 724 lacit,
1419 673 1478 714 non
1501 655 1632 716 sedium.

344 753 457 814 addunt
484 753 603 834 quidam
628 757 744 816 tertiam
768 755 916 832 regulam,
945 758 1084 835 quotiens
1109 759 1279 818 communia
1306 760 1426 818 nomina
1447 759 1632 818 nominativo

344 856 491 933 singulari
514 875 529 916 a
553 864 618 918 ets
641 857 750 918 litteris
774 859 987 928 terminantur,
1012 864 1044 919 ut
1065 867 1181 919 nostras
1196 857 1354 920 Privernas
1376 861 1501 939 optimas
1522 877 1631 939 praeg-

344 956 413 1018 rlas:
437 965 500 1018 tum
523 960 602 1018 enim
626 960 802 1020 nostratium
830 958 1047 1021 Privernatium
1070 961 1256 1038 optimatium
1277 963 1483 1040 praegnatium
1504 963 1654 1029 iaciuntc

344 1061 484 1140 quoniam
506 1060 627 1140 quidem
649 1069 787 1121 neutrum
809 1079 903 1138 genus
925 1061 988 1122 illic
1010 1064 1132 1124 insitum
1154 1069 1213 1133 est,
1237 1065 1285 1123 cui
1308 1065 1339 1124 iu
1361 1062 1472 1142 plurali
1494 1065 1629 1124 nomina-

345 1165 405 1223 tivo
427 1164 594 1224 accusativo
610 1170 640 1224 el
661 1166 794 1224 vocativo
816 1166 826 1224 i
849 1163 948 1224 littera
971 1164 1126 1225 lanriliaris
1148 1171 1208 1234 est,
1231 1173 1264 1226 ιιι
1278 1165 1351 1226 hacc
1365 1166 1508 1226 nostratia
1523 1165 1629 1226 horum

344 1266 530 1326 nostratium.
575 1265 628 1324 sed
665 1265 739 1326 haec
772 1265 875 1343 regula
907 1265 1010 1326 eadem
1043 1265 1117 1327 mihi
1150 1266 1280 1336 ridetur,
1309 1285 1385 1346 quae
1412 1275 1459 1328 est
1478 1269 1627 1348 superior.

345 1387 411 1429 nam
439 1367 514 1428 hacc
537 1367 650 1436 omnia,
674 1387 749 1446 qnae
772 1367 902 1446 exempli
923 1386 1012 1429 causa
1033 1371 1196 1448 posuimus,
1219 1370 1384 1430 coumrunis
1406 1370 1528 1446 generis
1550 1379 1627 1428 sunt.

344 1470 413 1529 inde
441 1470 467 1529 si
495 1469 639 1546 eligamus
665 1470 821 1538 feminina,
850 1469 961 1529 facient
988 1468 1025 1530 ah
1047 1470 1102 1531 hac
1124 1478 1270 1540 nostrate,
1299 1470 1337 1530 ah
1365 1471 1422 1532 hac
1442 1471 1624 1539 Privernate,
1637 1490 1660 1527 n

345 1570 382 1631 ah
404 1571 459 1632 hac
481 1573 636 1650 optimate,
667 1571 703 1632 ah
731 1571 784 1632 hac
813 1578 988 1650 praegnata,
1017 1591 1052 1632 ac
1078 1573 1204 1652 perinde
1233 1575 1314 1634 iuxta
1342 1573 1474 1652 priorem
1495 1573 1626 1650 regulam

345 1675 493 1750 genitivus
515 1672 640 1752 pluralis
662 1675 693 1732 in
717 1675 779 1734 ium
801 1681 900 1742 exeat,
924 1673 1118 1754 exemploque
1135 1675 1273 1735 seminini
1287 1676 1407 1752 generis
1422 1677 1513 1734 etiam
1529 1683 1626 1734 cetera

344 1792 455 1852 genera
483 1774 722 1836 declinabantur.
767 1783 797 1835 et
825 1775 874 1835 hic
908 1784 953 1836 cst
981 1776 1063 1836 locus
1090 1779 1122 1836 in
1148 1795 1208 1856 quo
1235 1777 1363 1836 allicitur
1392 1783 1424 1835 ut
1451 1777 1627 1856 plerumque

346 1876 465 1954 regulae
488 1876 546 1937 sihi
570 1877 724 1937 videantur
752 1896 817 1938 esse
846 1879 1022 1938 contrariae.
1067 1897 1135 1938 nam
1162 1886 1251 1957 prout
1271 1880 1392 1955 generis
1413 1880 1491 1938 ratio
1512 1877 1625 1942 suadet.

344 1997 399 2058 per
421 1977 542 2038 ablativi
558 1997 574 2039 e
591 1978 721 2040 litteram
742 1981 891 2058 gerritivus
913 1979 1038 2058 pluralis
1060 1981 1122 2040 enit
1137 1982 1167 2040 in
1183 1981 1245 2040 ium
1261 1980 1306 2039 sel
1328 1981 1360 2039 in
1381 1998 1432 2040 um
1454 1979 1661 2040 moderantes

343 2081 505 2161 euphonia,
534 2099 591 2160 qua
620 2083 651 2141 in
681 2080 736 2142 hac
764 2083 924 2160 praecipue
952 2082 1054 2159 regula
1077 2080 1292 2142 declinationes
1313 2081 1446 2142 directae
1467 2089 1539 2142 sunt
1562 2091 1591 2142 et
1611 2102 1627 2140 a

342 2202 453 2262 genere
477 2183 512 2244 ad
535 2201 627 2261 genus
650 2202 738 2262 saepe
757 2191 925 2262 usurpatae.
956 2191 1080 2262 utputa
1102 2182 1209 2243 abhoc
1231 2184 1314 2245 hoste
1336 2183 1466 2243 hostium
1489 2183 1627 2250 dicimus,

343 2305 409 2346 cum
441 2284 521 2346 nulla
550 2286 652 2363 regula
680 2287 712 2345 in
741 2287 802 2345 ium
830 2287 943 2363 exigat,
972 2287 1041 2364 quia
1064 2285 1260 2346 masculinum
1281 2285 1337 2345 hoc
1358 2303 1453 2363 genus
1475 2293 1531 2346 est.
1576 2287 1626 2345 scd

342 2407 409 2448 cum
431 2387 468 2448 ah
491 2386 546 2447 hac
573 2386 657 2447 hoste
686 2387 794 2447 hurttm
821 2389 951 2450 hostiam
977 2387 1124 2456 dicamus,
1147 2387 1310 2448 secundum
1332 2387 1466 2464 regulam
1487 2387 1625 2448 feminini

341 2491 461 2568 generis
483 2488 613 2548 hostiurn
634 2491 869 2566 praesumimus,
892 2489 971 2568 quod
993 2491 1035 2550 ita
1057 2492 1147 2550 etiam
1168 2489 1316 2568 euphonia
1337 2489 1524 2568 persuadeat.
1558 2492 1658 2550 itcmn

342 2600 443 2652 contra
459 2609 516 2651 non
534 2591 659 2652 dicimus
680 2591 862 2665 caelestium,
885 2593 940 2652 sed
960 2592 1136 2662 caelestum,
1160 2592 1315 2652 masculini
1330 2592 1450 2668 generis
1465 2591 1625 2652 ahlativum

342 2693 576 2772 contemplantes
598 2691 635 2752 ah
658 2691 714 2751 hoc
736 2692 880 2753 caeleste:
909 2713 977 2754 nam
1000 2694 1143 2755 leminino
1165 2711 1275 2772 genere
1298 2691 1335 2753 ah
1357 2691 1412 2753 hac
1434 2694 1561 2754 caelesti
1583 2693 1624 2752 di·

341 2799 446 2856 cimus
490 2795 546 2855 hoc
574 2793 712 2854 videntur
740 2794 913 2856 observasse
940 2797 992 2875 qui
1021 2796 1169 2855 inlautum
1190 2795 1427 2866 declinaverunt,
1455 2802 1490 2855 ut
1510 2814 1624 2858 mascu-

342 2897 395 2958 lini
424 2897 544 2974 gencris
571 2894 732 2956 ablativum
760 2899 927 2975 cogitarent
959 2897 996 2958 ah
1024 2896 1080 2956 hoc
1108 2898 1235 2967 infante,
1263 2899 1373 2957 omisso
1400 2896 1479 2976 quod
1506 2915 1527 2956 n
1557 2906 1586 2956 el
1611 2917 1624 2954 s

342 2999 451 3058 litteris
479 2998 676 3057 nominativus
703 2999 865 3076 singtdaris
899 2995 1129 3080 terhninarctur.
1174 2984 1244 3060 sane
1277 2999 1414 3078 plerique
1441 3017 1548 3059 omncs
1575 2999 1656 3058 hasa>

341 3100 474 3178 regulas,
497 3117 573 3178 qttae
596 3100 759 3176 genitivum
787 3103 817 3161 in
837 3103 908 3161 ium
937 3104 1072 3170 mittunt,
1101 3101 1205 3161 dicunt
1226 3102 1316 3160 etiam
1338 3102 1539 3161 accusativum
1562 3099 1622 3179 plu-

342 3202 434 3262 ralem
463 3201 493 3260 in
522 3201 548 3260 is
574 3202 708 3272 mittere,
740 3209 771 3262 ut
799 3201 852 3262 has
880 3205 1001 3282 puppis,
1030 3203 1084 3263 hos
1106 3203 1229 3271 nrorrtis,
1253 3201 1496 3280 hosoptimatis;
1520 3203 1621 3262 sedin

342 3303 397 3363 hoc
419 3320 536 3380 quoque
558 3305 709 3381 sentienda
732 3311 776 3364 est
798 3304 956 3382 euphonia.
1000 3305 1142 3384 pleraque
1169 3306 1250 3365 enim
1271 3322 1306 3363 ex
1329 3301 1467 3366 omnihus
1489 3305 1558 3364 istis
1578 3322 1621 3362 re·

341 3456 387 3506 ede
408 3455 518 3504 noctium
536 3455 646 3504 cladium
665 3457 774 3510 aedium.
791 3458 915 3521 quaedam
934 3465 1022 3507 contra
1037 3459 1200 3507 inueniuntur
1215 3464 1241 3505 nt
1255 3454 1361 3505 muliere
1375 3455 1510 3504 mulierum
1530 3455 1589 3505 lacit
1600 3469 1622 3502 et

342 3527 402 3576 sede
419 3526 509 3576 sedum
525 3539 574 3575 nun
593 3525 691 3576 sedium
712 3526 772 3576 lacit
791 3527 887 3577 addunt
906 3527 939 3576 M
1006 3529 1019 3578 l
1035 3529 1113 3578 caede
1127 3553 1161 3562 —
1175 3523 1303 3592 caedium]
1318 3526 1366 3574 ede
1382 3551 1416 3561 -
1429 3525 1516 3574 edium
1534 3527 1558 3576 L

341 3597 357 3645 4
381 3609 508 3661 praegnas
527 3620 562 3631 —
580 3599 757 3662 praegnatium
779 3597 912 3648 Putachius
937 3597 1042 3662 prignas
1059 3623 1093 3632 -
1115 3596 1268 3662 prignatium
1293 3595 1402 3644 BML:
1423 3595 1458 3657 cs.
1475 3595 1575 3646 cnara
1594 3613 1619 3657 p.

343 3665 400 3729 1⁴1,
419 3665 452 3715 at
467 3665 529 3714 ‘sed
548 3667 719 3716 consuetudo’
739 3667 820 3730 inquit
839 3666 933 3715 Plinius
948 3671 992 3714 ‘ut
1008 3666 1185 3733 praegnatium
1201 3666 1376 3729 optimatium'
1426 3663 1559 3715 hisceres
1575 3665 1622 3713 BL

411 3737 426 3784 7
445 3733 508 3784 haec
526 3737 647 3785 nostratia
667 3745 692 3785 et
711 3737 858 3786 nostratium
874 3735 940 3785 BM
949 3737 972 3785 L
1041 3736 1189 3802 Ssuperior
1207 3743 1234 3784 ut
1251 3734 1323 3784 clade
1340 3749 1398 3784 nam
1416 3734 1448 3783 M
1517 3735 1552 3785 lo
1568 3735 1622 3783 inde

342 3805 472 3870 elegamus
492 3803 612 3854 leminina
631 3807 661 3855 ab
677 3805 724 3855 hac
742 3813 853 3856 nostrate
872 3806 905 3855 M
959 3803 1055 3855 iaciunt
1071 3805 1096 3854 B
1155 3806 1184 3855 ll
1200 3813 1339 3870 praegnata
1359 3804 1490 3855 Patacltr'us
1508 3805 1620 3869 prignate

340 3875 403 3924 BM
412 3875 433 3923 L
497 3874 535 3924 ,1⁶2
554 3885 629 3923 exeat
645 3876 763 3939 exemplo
780 3875 803 3924 L
820 3877 874 3925 exit
888 3890 938 3938 quo
955 3876 1072 3941 exemplo
1090 3875 1123 3924 M
1179 3875 1254 3924 etiarn
1272 3883 1297 3924 et
1313 3885 1398 3923 cetera
1413 3874 1445 3922 Μ
1518 3874 1550 3923 tt
1568 3887 1620 3921 nam

340 3953 416 4009 prout
433 3957 512 4008 gener
525 3942 710 4008 (superscripto
728 3945 761 4006 is)
787 3948 851 3995 ratio
869 3944 960 3994 suadet
980 3961 1026 4010 per
1044 3946 1148 3995 ahiatiui
1164 3960 1178 3994 e
1197 3943 1302 3993 litteram
1320 3944 1450 4009 genitiuus
1465 3941 1513 4008 plu
1531 3944 1621 3994 exitia

341 4016 394 4064 ium
412 4013 593 4064 declinationes
611 4017 638 4064 s't
656 4013 803 4078 euioniae'q
819 4016 845 4064 in
865 4014 914 4068 h..
933 4013 1015 4077 (corr.
1027 4014 1091 4079 hoc)
1104 4015 1236 4078 praecipue
1251 4013 1340 4078 regula
1352 4012 1498 4062 moderante
1516 4013 1620 4062 directae

340 4090 398 4134 snut
417 4083 450 4132 M
472 4096 528 4131 nam
551 4093 626 4147 prout
648 4083 700 4148 (est
718 4085 780 4134 add.
799 4083 837 4148 B)
862 4085 966 4149 generis
989 4086 1052 4136 ratio
1076 4099 1122 4149 per
1144 4083 1281 4134 ablatiuum
1302 4083 1354 4147 (-ul
1372 4099 1442 4136 cerr.
1461 4097 1537 4131 -uum
1555 4081 1621 4144 LJe

340 4153 447 4204 litteram
466 4152 550 4218 geucti
565 4153 611 4218 pl'i
628 4153 695 4217 (elit'
708 4157 768 4219 gerit
785 4154 844 4218 phir
859 4153 897 4216 B)
915 4155 997 4220 exigit
1015 4154 1189 4204 declinationis
1206 4153 1306 4204 salonia
1323 4167 1387 4217 quae
1401 4153 1427 4200 in
1441 4151 1490 4201 hsc
1507 4151 1572 4216 (hoc
1588 4151 1621 4211 l.)

340 4224 478 4288 praecipue
496 4224 585 4287 regula
600 4231 754 4274 monstrante
773 4224 885 4274 directae
901 4232 959 4272 sunt
972 4222 1029 4273 BL
1100 4222 1133 4274 16
1150 4232 1175 4272 et
1192 4237 1207 4272 a
1222 4238 1316 4286 genere
1335 4223 1485 4271 femininum
1502 4233 1529 4272 et
1547 4237 1563 4272 s
1579 4237 1619 4286 ge

340 4309 401 4344 nere
416 4295 470 4343 mat
488 4307 549 4356 sepe
567 4302 701 4359 ussnrpute
719 4293 743 4342 L
815 4294 847 4344 17
865 4302 1000 4356 usurpatae
1017 4302 1075 4342 sum
1093 4301 1120 4341 ut
1130 4299 1193 4362 pote
1211 4291 1243 4340 M
1313 4291 1347 4343 18
1364 4293 1425 4355 qaia
1443 4291 1504 4340 ML
1523 4289 1618 4355 quando

339 4381 376 4416 m:
396 4361 463 4426 qnod
480 4361 567 4412 mascl'
587 4366 653 4429 geni
671 4371 710 4414 est
726 4364 752 4413 B
822 4364 869 4413 sed
887 4377 943 4412 cum
962 4363 994 4412 ab
1015 4362 1062 4412 hac
1078 4362 1140 4426 (hac
1155 4378 1200 4412 ons.
1220 4348 1289 4423 BL)
1305 4361 1379 4410 hoste
1395 4361 1511 4412 dicamus
1531 4360 1594 4411 ΒΜ
1600 4357 1619 4406 L

408 4430 441 4481 20
461 4433 596 4497 persuadet
612 4433 644 4482 M
662 4433 798 4498 persudeat
811 4433 836 4481 L
907 4432 940 4482 21
960 4446 1009 4481 uon
1029 4433 1137 4482 dicimus
1156 4431 1289 4481 masculini
1308 4430 1447 4481 caelestum
1464 4432 1568 4497 generis
1579 4429 1618 4477 sir

339 4502 444 4552 latinum
466 4501 498 4552 M
516 4516 565 4551 nun
584 4502 693 4552 dicimus
713 4500 853 4552 masculino
872 4500 1008 4552 caelestum
1027 4502 1097 4568 geut'
1111 4501 1249 4552 abiaticum
1267 4501 1293 4550 B
1316 4515 1364 4549 non
1386 4501 1495 4550 dicimus
1515 4499 1618 4550 melecta

339 4571 444 4622 mascul'
463 4587 555 4636 genere
573 4573 678 4623 ablatiui
695 4573 734 4622 L:
758 4573 874 4626 susam
889 4572 948 4620 item
966 4587 1015 4623 nou
1033 4581 1121 4622 contra
1139 4571 1255 4638 regulam
1274 4570 1385 4620 dicimus
1401 4570 1549 4621 caelatum.
1568 4583 1618 4618 cae

339 4641 430 4691 lentum
445 4655 479 4690 aa
501 4643 580 4706 Ver-g.
596 4643 661 4696 Aen.
677 4643 722 4692 Vll
742 4641 793 4692 432
808 4643 893 4691 attulit
907 4643 1056 4694 Priscianus
1068 4644 1085 4692 l.
1106 4642 1152 4692 Vll
1167 4657 1195 4705 p.
1208 4641 1270 4704 351,
1287 4641 1322 4690 22
1373 4640 1407 4688 22
1424 4640 1618 4706 contemplantes

340 4720 367 4759 ut
384 4711 415 4761 ab
435 4710 466 4760 M
517 4711 665 4762 leminiuum
681 4713 712 4762 ab
729 4711 778 4761 hac
796 4710 906 4762 caeleste
924 4712 1032 4763 dicimus
1050 4713 1084 4761 M
1099 4711 1221 4762 feminino
1234 4712 1266 4760 ab
1279 4709 1326 4759 hac
1345 4709 1447 4758 caelesti
1464 4709 1491 4759 B
1508 4708 1617 4758 leminiui

340 4781 371 4829 ab
386 4779 433 4830 hac
450 4779 541 4830 celeste
557 4781 582 4829 L
664 4781 697 4831 23
716 4783 853 4832 obseruare
869 4780 894 4831 B
912 4797 1030 4832 seruuse
1048 4781 1080 4831 M
1166 4781 1199 4832 24
1218 4777 1324 4848 omisso]
1344 4777 1392 4830 hoc
1409 4779 1504 4828 omisso
1524 4780 1557 4830 M

340 4849 374 4900 25
392 4849 539 4902 terminatur
556 4850 590 4900 M
1476 4859 1480 4867 ·
