3350 5442
291 326 355 391 236
613 352 618 359 ·
862 325 1015 388 nonnuli

317 445 339 491 ῃ.
354 438 441 477 ors-u
455 434 476 475 r.

292 518 387 585 dicas,
422 517 551 577 occurrit
578 513 634 575 alia
663 518 804 595 quaestio.
850 515 937 576 cuius
965 516 1108 595 temporis
1137 516 1195 575 erit
1221 514 1335 575 dicam?
1372 515 1474 577 luturi.
1518 534 1586 576 cros

292 621 375 680 cuius
398 620 540 699 temporis
551 598 636 677 'criti
658 618 759 679 futuri.
798 636 870 698 ergo
893 620 943 698 qui
966 618 1037 677 dicit
1059 622 1147 678 ‘cras
1169 616 1283 678 dicam’
1307 616 1422 677 ridetur
1445 620 1584 697 quoniam

292 721 349 781 hoc
371 721 454 791 dicit,
483 738 543 779 non
566 725 648 780 ‘cras
676 718 805 791 dicam',
835 719 887 781 sed
917 720 988 781 dicit
1010 724 1095 799 ‘post
1117 738 1183 779 cras
1206 718 1328 781 dicam'.
1373 738 1440 779 cras
1468 720 1587 798 signum

293 829 337 883 est
358 824 446 883 unius
469 825 613 902 temporis
635 823 735 884 loturi.
769 841 836 883 cum
860 824 967 885 iterum
990 824 1105 882 venerit
1126 840 1201 891 cras,
1226 824 1327 882 ‘oras’
1351 820 1422 881 dicit
1443 821 1584 895 ‘dicam',

219 964 222 971 =
293 944 362 985 ecce
385 924 461 985 aliud
485 926 626 994 laturum,
651 932 680 985 et
702 924 817 986 videtur
840 925 925 1003 quasi
948 926 1049 984 vitiose
1071 923 1160 1001 loqui.
1205 922 1343 985 subtilem
1373 942 1437 984 rem
1465 926 1611 985 invene-⁵

292 1035 375 1098 runt,
405 1034 434 1087 et
463 1036 561 1089 tameo
591 1026 681 1087 hodie
707 1028 750 1086 sic
773 1027 899 1094 utimur,
928 1025 1012 1086 ‘cras
1040 1025 1164 1086 dieam’.
1210 1045 1269 1086 non
1299 1027 1378 1087 enim
1406 1026 1466 1088 duo
1489 1028 1587 1087 lutura

292 1137 369 1191 sunt.
422 1148 477 1209 qua
507 1131 640 1191 ratione?
677 1129 817 1208 quoniam
845 1128 964 1205 quaudo
992 1127 1058 1188 dico
1087 1128 1235 1199 ‘dicam’,
1268 1130 1428 1209 promissio
1462 1136 1524 1198 est,
1560 1137 1589 1189 et

292 1232 410 1313 quando
433 1231 500 1293 dico
523 1232 636 1303 ‘cras',
661 1231 817 1311 promissio
842 1238 896 1300 est,
919 1230 949 1291 id
972 1239 1017 1292 est
1038 1232 1064 1291 si
1086 1231 1143 1291 hoc
1165 1232 1264 1310 ipsum
1286 1231 1415 1293 futurum
1432 1234 1492 1292 iam
1516 1250 1587 1291 coo·

291 1337 369 1413 tigit,
400 1335 451 1396 sed
475 1342 504 1395 ει
526 1324 680 1415 postquam
705 1334 881 1411 contigerat,
910 1334 1020 1395 iterum
1041 1341 1073 1395 tu
1096 1333 1211 1394 diceres
1233 1332 1313 1394 aliud
1340 1334 1489 1403 futurum,
1517 1340 1588 1395 tunc

293 1444 371 1499 esset
398 1438 550 1516 geminum
578 1436 718 1498 futurum.
764 1444 922 1514 utrumque
949 1443 1046 1498 autem
1075 1434 1177 1497 dilicrs
1201 1433 1206 1519 Ι
1229 1436 1267 1497 ad
1295 1445 1414 1517 tempus
1444 1436 1587 1506 futurum,
1601 1459 1624 1495 ro

293 1548 322 1601 et
352 1541 409 1601 iam
433 1560 492 1601 non
515 1538 615 1600 ditiers
638 1539 674 1600 ad
702 1538 760 1599 duo
789 1547 924 1618 tempora
951 1540 1070 1628 lutura,¹
1095 1538 1148 1598 sed
1176 1538 1212 1599 ad
1239 1558 1339 1600 unum.
1386 1540 1590 1601 animadverte

293 1642 348 1702 boc
371 1644 467 1721 ipsum
490 1640 569 1719 quod
593 1640 674 1713 dico,
704 1647 736 1701 ut
756 1639 920 1719 intellegas.
965 1639 1045 1703 aliud
1068 1649 1127 1709 est,
1158 1640 1276 1721 quando
1303 1640 1369 1702 dieo
1392 1640 1501 1702 ‘bodie
1523 1642 1589 1701 dico

293 1753 322 1806 et
348 1762 414 1805 oras
436 1744 561 1805 dicam'.
606 1762 676 1805 ecce
703 1762 736 1805 re
764 1762 833 1804 vera
861 1739 920 1803 duo
946 1751 1080 1821 tempora
1108 1752 1192 1806 sunt:
1225 1744 1386 1821 significari
1414 1746 1495 1805 enim
1524 1762 1588 1805 rem

292 1854 479 1928 praesentem
509 1853 538 1906 et
560 1864 624 1906 rem
647 1846 786 1906 futuram.
832 1845 948 1925 quaudo
971 1852 1068 1906 autem
1091 1845 1159 1907 dico
1185 1845 1240 1906 tibi
1263 1850 1347 1907 ‘cras
1373 1846 1499 1915 dicam',
1528 1866 1588 1907 non

291 1951 425 2029 significo
446 1950 580 2010 luturum
604 1954 633 2008 et
656 1948 761 2009 exinde
785 1947 864 2009 aliud
887 1950 1032 2018 luturum,
1061 1948 1113 2009 sed
1141 1948 1200 2009 duo
1223 1949 1320 2010 lutura
1344 1948 1431 2010 simul
1453 1968 1587 2029 pronun·
1602 1968 1625 2008 15

292 2055 341 2129 tio,
365 2052 394 2113 id
418 2058 462 2112 εει
484 2051 544 2113 duo
567 2051 665 2112 lutura
689 2058 759 2112 suot
781 2058 810 2111 ει
832 2050 919 2111 simul
941 2051 1117 2128 significant.
1160 2070 1229 2111 cum
1257 2070 1329 2130 crgo
1357 2060 1475 2131 tempus
1501 2051 1589 2112 adre-

292 2156 379 2230 nerit‚
402 2174 468 2215 cum
492 2152 597 2221 dicam,
621 2172 680 2213 non
705 2152 805 2213 videor
828 2156 911 2230 quasi
928 2172 942 2212 a
958 2153 1089 2213 secundo
1111 2154 1169 2213 iam
1193 2153 1331 2233 conpleto
1349 2154 1493 2215 iueboare
1508 2153 1589 2216 aliud

291 2260 437 2328 luturum,
467 2256 518 2317 sed
547 2258 629 2335 quasi
657 2255 715 2315 duo
742 2256 909 2333 significare
936 2253 971 2315 ad
1002 2274 1093 2316 rmum
1121 2255 1262 2317 futurum.
1313 2255 1482 2317 etidcirco
1510 2258 1588 2318 iusta

292 2363 407 2422 ratione
429 2359 486 2419 hoc
509 2358 626 2419 dicitur.
654 2376 724 2435 ergo
747 2358 841 2433 siquis
863 2356 916 2417 tibi
939 2355 995 2416 boc
1017 2360 1125 2419 iterum
1147 2356 1233 2428 dicat,
1258 2360 1395 2438 ‘exponis
1410 2358 1484 2418 mibi
1499 2358 1589 2418 bodie

292 2460 495 2529 lectioneml’,
520 2461 545 2519 si
568 2459 663 2521 dicam
688 2462 841 2539 ‘expono’,
865 2458 1058 2521 soloecismus
1082 2466 1135 2520 est.
1179 2479 1239 2521 non
1263 2463 1340 2521 enim
1363 2462 1502 2540 exponis,
1527 2479 1587 2521 non
1601 2481 1627 2520 ao

291 2562 387 2624 adhuc
409 2564 491 2631 lacis,
516 2560 567 2622 sed
590 2562 722 2623 lactarus
745 2580 786 2622 es.
831 2579 904 2639 ergo
926 2580 986 2622 non
1008 2561 1109 2623 debuit
1131 2561 1230 2623 dicere
1253 2564 1414 2643 ‘expou0',
1439 2562 1494 2623 sed
1517 2566 1588 2623 ‘ex-

291 2670 425 2745 ponam'.
472 2667 541 2725 item
570 2666 601 2725 in
629 2666 771 2744 perlectis
794 2662 978 2744 temporibus
1001 2670 1031 2724 et
1057 2664 1098 2725 ibi
1125 2673 1195 2725 sunt
1221 2666 1320 2742 gravia
1342 2666 1421 2726 vitia.
1467 2666 1493 2726 si
1515 2665 1589 2725 velis

292 2767 392 2829 dicere
415 2776 484 2847 puta
508 2769 583 2827 ‘iam
606 2766 746 2845 legeram,
770 2768 828 2827 iam
851 2765 918 2844 legi,
943 2774 972 2827 et
993 2773 1092 2827 tamen
1113 2786 1173 2827 non
1197 2774 1284 2827 teneo
1305 2766 1493 2843 lectionem',
1517 2786 1589 2829 ecce

291 2872 511 2950 praeposterius
537 2887 609 2929 usus
637 2888 668 2928 es
696 2886 729 2929 re
757 2868 826 2929 olim
856 2869 931 2928 lacta
959 2876 1026 2929 ante
1054 2888 1118 2929 rem
1145 2869 1235 2948 paulo
1262 2877 1329 2948 post
1356 2870 1475 2931 iactam.
1526 2889 1587 2931 nun

292 2991 364 3050 ergo
392 2973 435 3032 sic
463 2969 554 3032 debes
582 2970 697 3039 dicere,
727 2969 841 3031 sedita
870 2969 960 3029 debes
982 2970 1079 3048 loqui,
1104 2972 1180 3031 ‘iam
1203 2969 1275 3049 legi,
1299 2972 1357 3031 iam
1379 2971 1527 3051 legeram,
1557 2980 1587 3032 ει
1602 2997 1629 3033 ze

292 3074 361 3134 olim
384 3076 442 3134 iam
465 3073 605 3152 legeram,
630 3080 659 3131 ot
680 3080 779 3132 tamen
802 3091 861 3132 nou
885 3078 973 3132 teneo
996 3072 1180 3134 lectionem’.
1218 3075 1244 3133 si
1265 3082 1417 3153 permutes
1439 3074 1586 3143 ordinem,

292 3183 353 3237 tum
383 3174 472 3235 stabit
499 3173 635 3235 elocutio.
682 3191 751 3251 ergo
779 3182 811 3235 ut
836 3175 963 3236 vitemus
989 3176 1061 3245 ista,
1092 3174 1234 3236 debemus
1256 3183 1360 3238 tencre
1382 3176 1586 3239 definitionem

293 3286 470 3357 temporum.
496 3274 499 3357 l

375 3380 526 3440 Personae
548 3376 645 3439 verbis
667 3378 804 3441 accidunt
826 3387 897 3450 tres,
921 3381 1017 3459 prima
1038 3381 1166 3442 secunda
1190 3384 1286 3443 tertia.
1331 3383 1425 3460 prima
1449 3390 1496 3442 est
1510 3400 1587 3459 quae

292 3482 378 3556 dicit,
407 3482 501 3560 ipsius
529 3480 657 3541 bominis
684 3481 843 3560 loquentis,
873 3489 996 3561 utputa
1019 3480 1086 3560 lego
1108 3478 1207 3543 scribo
1235 3482 1310 3544 dico.
1356 3483 1429 3544 haec
1459 3504 1587 3564 persona
1604 3509 1632 3545 ao

106 3664 108 3670 Ι
292 3581 380 3644 stulte
403 3584 511 3662 accipit
538 3584 757 3645 nominativum.
800 3584 872 3645 licet
898 3584 977 3645 dicat
1003 3586 1058 3645 iste
1081 3588 1230 3665 recipere,
1260 3584 1345 3646 aliter
1373 3588 1494 3666 recipit:
1524 3606 1587 3646 non

173 3700 232 3763 437,
247 3702 418 3767 30persona
441 3687 559 3764 recipit,
584 3684 635 3747 sed
659 3685 785 3746 elocutio
813 3687 921 3766 recipit
949 3689 1168 3748 nominativum.
1214 3697 1346 3750 ceterum
1369 3691 1433 3768 ipsa
1458 3708 1589 3769 persona

292 3806 451 3869 numquam
474 3789 581 3866 recipit
602 3790 830 3859 nominativum,
854 3806 981 3868 persona
1003 3791 1099 3868 prima
1123 3808 1182 3850 non
1199 3796 1266 3868 eget
1287 3792 1477 3851 nominativo.
1507 3792 1589 3869 siqui

292 3890 361 3951 velit
384 3889 437 3950 tibi
460 3889 560 3949 dicere
583 3889 670 3969 ‘quid
694 3892 810 3958 lacisl',
834 3898 904 3970 puta
927 3889 1044 3967 ‘lego’,
1074 3910 1133 3951 non
1157 3890 1253 3952 solum
1277 3892 1350 3952 dixit
1371 3893 1441 3972 quid
1464 3893 1588 3960 laceret,

292 3991 343 4051 sed
373 3993 461 4052 etiam
489 4010 521 4051 se
549 3993 646 4071 ipsum
674 3992 803 4053 ostendit
828 3992 987 4071 legentem.
1032 4002 1165 4053 ceterum
1192 3996 1217 4054 si
1244 3994 1298 4055 tibi
1327 3994 1406 4055 dicat
1433 3998 1587 4075 ‘expecta
1604 4026 1634 4065 ις,

293 4094 422 4173 egotibi
445 4095 544 4171 lego’,
576 4091 717 4153 abundat.
759 4093 816 4155 hoc
845 4098 924 4155 euim
955 4098 1049 4174 ipsum
1073 4094 1139 4174 lego
1162 4096 1304 4177 numquid
1328 4098 1474 4175 signifieat
1495 4098 1589 4156 ctiam

292 4197 350 4256 nisi
378 4196 451 4273 egoi
500 4197 564 4275 ipsa
592 4214 719 4275 persona
748 4196 838 4257 habet
867 4198 954 4257 etiam
982 4198 1012 4258 in
1041 4216 1073 4257 se
1100 4216 1275 4277 pronomen,
1302 4198 1393 4261 babet
1417 4200 1448 4258 in
1471 4218 1503 4259 se
1524 4200 1590 4257 vina

292 4354 458 4361 ».-—..—.-—-
474 4353 595 4360 -u-..fl—

364 4420 376 4469 1
396 4420 442 4468 erit
456 4418 481 4468 B
487 4418 530 4468 Ca
549 4427 586 4468 est
602 4419 626 4467 Α
644 4426 749 4484 utroque
764 4424 819 4470 loco
869 4420 1015 4482 2sortaase
1032 4419 1133 4468 videtur
1149 4419 1222 4482 quasi
1241 4420 1290 4469 duo
1310 4418 1396 4469 lutura
1408 4436 1501 4487 ponere
1519 4434 1592 4482 quo—

200 4486 204 4495 '
293 4490 361 4540 nium
431 4490 561 4539 dutimur
583 4504 640 4539 eras
658 4490 740 4539 dicum
758 4504 772 4539 ε
791 4490 884 4538 utimur
905 4505 961 4539 eras
981 4490 1037 4539 dico
1056 4488 1144 4539 ABG
1210 4488 1267 4539 su
1285 4488 1419 4539 hoccsie
1437 4488 1592 4539 hocABC

360 4560 377 4610 9
396 4568 421 4609 ιιι
439 4576 485 4609 ont.
501 4561 534 4624 A,
554 4560 614 4609 add.
634 4576 650 4607 α
739 4560 771 4611 10
789 4569 857 4611 esset
878 4561 973 4611 Cesso
990 4560 1044 4610 AB
1131 4566 1264 4621 utrumque
1285 4570 1368 4607 utitem
1390 4560 1474 4610 delere
1491 4576 1529 4608 res
1549 4559 1592 4606 ari

294 4638 393 4695 tempus
411 4630 523 4679 loturum
542 4640 566 4679 et
587 4632 705 4679 lemnon
731 4640 814 4679 runem
837 4631 939 4680 deleres
964 4631 996 4679 nd
1020 4632 1070 4681 dno
1087 4630 1113 4679 A
1192 4628 1224 4679 13
1243 4630 1400 4695 significauit
1417 4632 1483 4679 enirn
1501 4628 1595 4679 ABG

364 4701 397 4749 24
417 4716 467 4749 rem
487 4700 656 4749 olimiactam
674 4701 727 4751 BG
812 4700 846 4749 32
865 4709 975 4750 ceterum
995 4729 1027 4737 -
1046 4714 1216 4766 pereuntem.
1234 4700 1269 4760 A,
1287 4700 1350 4752 add.
1371 4717 1388 4748 α
1469 4702 1500 4749 34
1519 4710 1595 4760 pum

294 4768 352 4834 lego
371 4771 482 4820 abundat
505 4784 555 4819 non
575 4770 657 4821 solum
678 4772 772 4821 ABG:
796 4780 857 4836 pute
875 4786 924 4837 ego
943 4772 1010 4836 lego,
1031 4786 1078 4838 ego
1101 4770 1213 4819 abundat
1234 4771 1418 4821 Lindemannue
1488 4766 1518 4819 36
1530 4783 1594 4835 ego

294 4838 338 4887 tibi
353 4839 409 4905 lego
428 4838 475 4888 lruc
490 4841 556 4890 enim
574 4839 655 4905 (enim
675 4856 720 4895 ona.
741 4842 773 4907 A,
792 4842 854 4895 aad.
873 4840 904 4907 a)
924 4843 1009 4908 ipsum
1029 4841 1086 4907 lego
1103 4839 1187 4889 ABG
