3350 5442
400 446 599 511 nicenum
623 449 797 511 nlnlsla'l
821 450 899 513 XXI.
924 450 1005 513 xxii
1301 452 1362 517 627

1179 593 1184 603 .
1199 564 1300 603 oreo-ov
1314 562 1337 604 n.

70 634 161 693 nitati
184 652 242 695 non
264 633 360 695 solnm
381 645 512 714 praestat
533 644 684 707 ornatum,
708 638 760 699 sed
783 638 857 699 illud
879 658 1010 720 quoquc,
1036 635 1041 720 l
1066 648 1097 701 ut
1118 574 1230 722 abvlpuid
1253 642 1362 703 habere

71 735 211 795 rideatur
232 737 311 817 quod
334 738 439 799 Graeci
462 741 527 799 iure
550 738 730 800 desiderent.

529 904 565 945 DE
578 902 737 947 GENERIBVS
753 903 910 946 VERBORVM

158 1008 242 1080 Quod
257 1010 363 1071 Graeci
386 1007 555 1087 διαθέσεις
576 1005 733 1091 ῥημάτων
748 1001 867 1081 ιοιιιιι,
891 1011 947 1072 Ιιοο
962 1011 1059 1074 LatIni
1083 1014 1231 1095 appellant
1253 1036 1363 1093 genera
1379 1032 1425 1077 rm
1440 1030 1468 1079 v.

38 1110 247 1173 acerborum:
277 1113 408 1179 allectus¹
427 1114 506 1173 enirn
533 1131 640 1191 graeco
671 1116 791 1174 nomine
827 1109 982 1187 docilitate
1014 1104 1211 1196 nturcupatur.
1257 1118 1362 1179 Graeci

68 1214 166 1289 igitur
193 1209 361 1287 διαθέσεις
386 1216 442 1276 hae
470 1215 660 1276 distinctione
688 1216 841 1276 deliniunt.
887 1234 962 1295 (pirae
990 1218 1021 1275 in
1050 1235 1076 1275 ω
1104 1226 1213 1281 exeunt
1237 1221 1361 1281 activam

69 1317 132 1374 vino
154 1318 349 1393 significantia
377 1325 408 1377 et
430 1320 593 1395 iunguntur
616 1316 734 1378 casibus
758 1316 803 1377 vel
832 1319 963 1396 genitivo
986 1318 1030 1377 vel
1053 1318 1151 1380 dativo
1174 1319 1219 1379 vel
1242 1340 1361 1383 accusa·

70 1419 134 1476 tivo
156 1427 186 1477 et
207 1426 327 1498 accepta
349 1439 408 1500 μαι
429 1419 539 1499 syllaba
561 1427 716 1481 transeunt
738 1421 769 1479 in
789 1422 919 1498 passiva,
943 1419 1017 1479 baec
1039 1422 1133 1481 activa
1156 1422 1304 1493 dixerunt,
1329 1432 1361 1484 ut

67 1510 261 1600 depenowe,
284 1516 411 1580 κελεύω
435 1534 499 1600 σοι,
522 1520 607 1602 τιμῶ
629 1536 681 1582 σει
705 1521 778 1582 haee
801 1512 955 1600 adsumpta
978 1542 1037 1602 μαι
1051 1526 1168 1601 passiva
1183 1526 1266 1584 llunt.
1290 1514 1359 1586 ebrl-

24 1633 54 1669 ιι)
71 1628 118 1680 tra
146 1617 316 1702 παθητικά
344 1623 484 1683 ιιίιοιιιιιι
510 1642 585 1702 quae
612 1625 645 1685 in
672 1642 731 1703 μαι
758 1624 923 1684 desinentia
951 1626 1119 1702 significant
1141 1628 1308 1706 passionem
1332 1638 1362 1688 ot

70 1741 194 1783 neeesse
222 1722 335 1785 habent
361 1728 445 1802 iungi
471 1728 600 1803 genitivo
628 1744 696 1787 eum
717 1728 938 1805 praepositione
961 1717 1030 1785 ὑπό
1051 1745 1085 1785 ae
1107 1736 1232 1806 possunt
1253 1731 1360 1791 amissa

69 1844 132 1904 μαι
154 1824 264 1905 syllaba
287 1829 319 1887 iu
342 1830 470 1887 activum
491 1828 608 1897 redire,
631 1822 780 1908 ,άρχομαι
802 1820 869 1888 ὑπὸ
893 1821 970 1905 σοῦ,
994 1823 1173 1909 κελεύομαι
1196 1821 1262 1890 ὑπὸ
1286 1830 1361 1909 σοῦ,

70 1926 216 2007 τιμῶμαι
238 1921 306 1989 aad
329 1923 401 1990 σοῦ.
432 1932 481 1990 eui
504 1948 539 1990 ex
562 1948 651 2009 supra
675 1932 796 2009 scriptis
818 1929 1041 1992 delinitionibus
1063 1948 1119 1991 una
1144 1931 1282 2001 deluerit,
1307 1952 1361 1993 neo

71 2025 291 2109 ἐνεργητικόν
317 2050 373 2093 nec
401 2027 591 2112 παθητικόν
618 2033 742 2101 (licitur,
770 2032 824 2092 sed
852 2032 878 2091 si
907 2033 938 2091 in
966 2050 992 2090 ω
1015 2033 1089 2097 exit,
1114 2025 1294 2112 οὐδέτερον
1317 2034 1362 2093 vel

27 2144 55 2182 15
70 2124 328 2213 ἀπολελυμένον
356 2142 490 2204 vocatur,
519 2141 552 2194 ut
579 2143 624 2195 est
650 2134 693 2211 ζῶ
722 2131 859 2194 πλοντιι
884 2126 1024 2211 ὑπάρχω
1059 2128 1211 2210 ἑορτάζω.
1256 2138 1286 2196 in
1315 2135 1362 2196 his

71 2236 207 2295 irn'enies
235 2234 332 2316 aliqua
360 2246 461 2315 aperte
489 2245 518 2297 et
545 2236 677 2297 absolute
705 2244 819 2304 actum,
850 2234 946 2314 aliqua
975 2235 1161 2313 designantia
1183 2239 1361 2317 passionem

72 2356 142 2398 nam
164 2330 268 2418 τρέχω
290 2331 416 2417 άριστιι
429 2338 601 2416 περιπατῶ
615 2338 652 2399 de
668 2347 773 2416 agente
789 2338 939 2407 dicuntur,
962 2337 1054 2397 νοσῶ
1070 2345 1168 2398 autern
1184 2348 1214 2399 et
1229 2332 1362 2419 ὀφθαλ-

71 2437 141 2517 μιω
167 2441 229 2499 sine
258 2440 348 2500 dubio
375 2442 545 2520 passionem
574 2448 688 2501 sonant.
733 2441 785 2501 sed
813 2458 909 2519 neque
933 2440 1026 2499 activa
1049 2438 1097 2499 illa
1121 2438 1268 2511 dicuntur,
1293 2444 1363 2522 quia

73 2548 104 2600 et
127 2540 200 2603 nulli
223 2543 259 2602 de
282 2561 372 2621 supra
387 2543 476 2603 dietis
491 2543 609 2604 casibus
632 2545 714 2621 iungi
730 2551 856 2622 possunt
877 2560 932 2601 nec
954 2560 1013 2621 μαι
1036 2543 1201 2620 recipiturt:
1225 2563 1292 2605 nam
1307 2564 1362 2606 noc

29 2654 57 2692 ²⁰
73 2640 180 2723 τρέχω
202 2656 241 2705 σε
263 2663 317 2705 nec
339 2637 466 2724 ἄριστοι
488 2658 526 2705 σε
547 2664 603 2705 nee
624 2643 798 2724 περιπατῶ
818 2655 856 2705 σε
884 2643 1008 2712 δισίων,
1038 2661 1092 2703 nec
1113 2651 1212 2723 potest
1234 2648 1362 2707 transire

74 2747 106 2805 in
129 2742 285 2828 τρέχομαι
312 2738 379 2807 ὑπὸ
407 2747 487 2826 σοῦ,
515 2741 701 2828 άριστοιμαι
728 2739 796 2807 ὑπὸ
824 2744 905 2825 σοῦ,
929 2744 1175 2825 αεριττατοῦμαι
1197 2740 1264 2807 ὑπὸ
1288 2747 1361 2808 σοῦ.

74 2848 127 2908 sed
149 2867 205 2908 nec
227 2848 318 2910 νοσῶ
346 2857 376 2909 et
402 2841 599 2929 ὀφθαλμιιιι,
627 2850 761 2930 quamvis
788 2847 879 2909 verba
902 2850 961 2908 sint
983 2848 1145 2927 passionis,
1170 2847 1228 2909 dici
1252 2851 1362 2929 παθη-

75 2945 150 3010 τικά
172 2960 310 3029 possunt,
323 3006 327 3014 .
340 2954 409 3030 quia
431 2970 486 3011 uec
510 2953 540 3011 in
562 2970 622 3031 μαι
643 2951 798 3019 desinunt,
827 2968 883 3010 nec
905 2952 1062 3029 quisquam
1090 2951 1275 3027 significatur
1298 2970 1363 3030 pas·

75 3054 169 3112 sionis
191 3061 307 3123 auctor,
331 3072 386 3113 uec
409 3052 600 3131 subiungitur
622 3051 682 3113 illis
703 3044 771 3112 ὑπὸ
793 3050 873 3129 σοῦ,
902 3052 980 3131 quod
1002 3054 1158 3130 proprium
1179 3054 1364 3132 passivorum

30 3163 59 3201 ιι
74 3162 129 3213 ost.
166 3173 234 3215 nam
256 3163 286 3214 et
308 3158 338 3216 in
361 3157 458 3216 activo
481 3164 511 3217 et
527 3157 558 3215 in
582 3157 697 3234 passivo
720 3154 831 3215 debent
853 3154 1043 3214 omnimodo
1066 3152 1156 3222 duae,
1186 3162 1216 3213 et
1238 3154 1363 3215 adnrini·

75 3260 197 3318 strantis
212 3265 243 3317 et
258 3260 448 3325 sustinentis,
471 3256 594 3318 subesse
616 3275 771 3337 personae.
802 3255 876 3315 haee
891 3257 992 3333 igitur,
1009 3257 1079 3335 quia
1096 3263 1220 3335 utroque
1243 3258 1363 3316 nomine

74 3369 192 3428 carent,
216 3358 293 3438 apud
315 3357 382 3419 illos
404 3351 564 3438 οὐδέτερα
586 3359 631 3419 vel
655 3354 888 3437 ἀπολελυμένα
911 3356 1058 3426 dicuntur,
1083 3359 1161 3417 sieut
1183 3357 1261 3435 apud
1283 3357 1364 3418 Lati·

75 3480 129 3521 nos
151 3461 217 3521 volo
239 3463 304 3521 vivo
327 3460 418 3521 valeo.
463 3461 514 3521 sed
538 3463 616 3521 sieut
637 3460 736 3540 aliqua
756 3460 834 3538 apud
857 3458 985 3519 Graecos
1006 3461 1038 3519 in
1062 3478 1088 3519 ω
1111 3459 1249 3518 exeuntia
1273 3459 1364 3535 signi·

75 3566 166 3624 licant
186 3565 364 3642 passionem,
387 3565 428 3623 ita
451 3561 541 3622 rrrvrlta
564 3564 699 3642 reperies
716 3559 719 3641 1
736 3564 768 3621 iu
788 3580 847 3640 μαι
863 3561 1029 3635 desinentia
1052 3570 1082 3622 ct
1105 3562 1229 3621 activam
1252 3567 1363 3620 tantum

32 3665 215 3725 3ῡΙιοιιοιιιίιι
243 3667 503 3743 significationem,
533 3672 564 3724 ιιι
591 3659 739 3743 κήδομαί
762 3675 845 3741 σου,
874 3660 1035 3742 φείδομαι
1060 3678 1140 3739 σου,
1170 3656 1368 3741 ἐπιμέλομαι

75 3782 152 3845 σου,
175 3762 357 3846 ίιτιτάζομαι
376 3779 440 3843 σοι,
463 3760 610 3846 μάχομαι
629 3778 694 3844 σοι,
718 3762 916 3844 διαλέγομαι
935 3776 1000 3841 σοι,
1023 3760 1198 3844 δωροῦμαι
1218 3776 1283 3842 σοι,
1306 3782 1365 3841 χα-

75 3868 208 3949 ρίζομαι
234 3882 305 3947 σοι,
336 3860 478 3948 εὔχομαί
502 3880 572 3945 σοι,
601 3860 729 3948 ἄγαμαί
748 3878 802 3945 σε,
830 3861 1076 3945 περιβλέπομαί
1102 3877 1151 3924 σε.
1196 3873 1266 3924 sunt
1288 3864 1365 3943 apnd

74 3973 206 4032 Graecos
228 3972 411 4039 communia,
440 3989 515 4050 qnae
538 3968 575 4030 ab
597 3968 658 4030 illis
679 3962 764 4050 μέσα
786 3975 943 4037 vocantur,
971 3986 1064 4047 quae,
1088 3965 1158 4026 dum
1180 3968 1211 4026 in
1234 3986 1293 4047 μαι
1316 3967 1366 4027 de·

75 4076 190 4142 sinant,
220 4080 250 4132 et
271 4081 369 4133 actum
397 4080 427 4133 et
455 4074 621 4151 passionem
645 4091 703 4133 una
725 4070 888 4150 eademque
916 4071 1011 4131 lorma
1039 4069 1212 4146 designant,
1235 4076 1269 4128 ut
1290 4063 1367 4147 βιά-

35 4184 60 4223 ³5
73 4172 174 4256 ζομαί
194 4187 232 4233 σε
254 4169 309 4234 καὶ
330 4169 483 4254 βιάζομαι
505 4165 572 4235 ὑπὸ
595 4174 671 4253 σοῦ,
692 4166 981 4253 άνδρατιοδιζομαι
999 4184 1037 4231 σε
1053 4166 1109 4233 καὶ
1124 4158 1366 4249 ἀνδραποδιζο-

72 4296 135 4358 μαι
157 4268 225 4337 ὑπὸ
246 4274 319 4335 σοῦ.
366 4278 426 4339 sola
453 4296 570 4356 quoque
593 4277 708 4355 passiva
730 4276 786 4335 hoc
808 4275 944 4343 nomine,
973 4272 1002 4333 id
1026 4280 1071 4333 ost
1092 4268 1192 4352 μέσα,
1216 4278 1366 4340 vocantur,

74 4387 108 4440 nt
130 4370 319 4458 ἠλειψάμην
346 4372 480 4460 ἡσάμην
508 4374 711 4457 έλονσάμην.
757 4375 830 4437 haee
854 4377 934 4436 enirn
956 4373 1026 4435 licet
1048 4372 1106 4454 τῆς
1127 4368 1229 4454 μέσης
1251 4368 1367 4433 διαθέ-

74 4497 163 4551 σεως
184 4479 301 4550 dicant,
325 4480 397 4541 nibil
423 4490 520 4542 tamen
536 4481 615 4541 aliud
631 4482 799 4567 significant
822 4480 880 4538 nisi
895 4473 1018 4550 σάθοςε
1042 4495 1109 4536 nam
1132 4475 1187 4535 hoc
1210 4480 1255 4533 est
1276 4466 1368 4552 ἠλει-

145 4736 242 4798 2qpod
254 4734 344 4784 Graeci
356 4751 414 4785 earo.
428 4734 493 4787 Bod.
508 4750 573 4797 quoe
585 4735 709 4798 gruem?
774 4732 975 4791 έδιαδεσιοΡ
992 4722 1157 4795 διάδεσινρ
1221 4726 1370 4791 9σοι1σσο

76 4806 101 4854 Ρ
169 4805 201 4853 16
218 4804 378 4867 designantia
391 4803 471 4853 Ianus
482 4803 618 4867 designant
629 4804 655 4852 P
665 4804 828 4866 designarep
897 4803 930 4850 29
948 4800 1098 4861 desinentia,
1117 4812 1182 4862 qliae
1194 4797 1297 4846 casibus
1310 4797 1368 4845 luu-

74 4887 173 4935 gomur
185 4883 209 4919 et
221 4875 331 4921 aetitiam
344 4884 440 4920 mirorem
454 4870 548 4920 babent
559 4870 768 4931 significationem
781 4871 889 4920 coniecit
901 4868 1049 4934 Opoopoeue
1112 4869 1146 4917 30
1157 4865 1276 4915 babentia
1288 4864 1370 4915 Ιαιιιιι

75 4942 171 4990 nomm
185 4940 209 4988 P
275 4942 307 4990 31
327 4938 485 5003 ιτιιιαζομαι
502 4952 554 4989 σον
571 4940 595 4988 Ρ
663 4936 833 5004 διαλεχομαι
852 4951 904 4989 σον
922 4938 947 4987 Ρ
1014 4930 1176 5003 χαρίζομαι]
1196 4933 1370 4998 ιιαρζομαιΡ
