3350 5442
701 347 772 412 lus
1366 349 1385 414 7

104 532 477 602 16611661611661616
504 543 592 600 sunt.
635 534 810 622 inprimis
838 555 919 602 1616
944 535 1009 602 huc
1030 536 1208 618 ,referenda
1239 546 1317 604 sunt
1347 559 1388 604 66

103 659 181 723 quae
207 635 248 703 de
274 638 479 724 superiorum
506 637 793 722 grammaticorum
821 637 972 704 doctrina
992 639 1061 704 suis
1082 640 1266 726 praeceptis
1287 641 1386 706 inter·

102 739 214 826 posuit
257 739 451 804 nominatim
472 749 580 804 autem
603 737 783 826 appellarit
804 739 863 804 hos
870 786 879 820 ,
908 760 1046 827 quorum
1072 741 1205 806 nomina
1226 741 1386 828 adpositis

102 841 203 907 Servii
216 839 271 906 vel
286 839 394 926 Sergii
415 851 448 907 et
463 840 611 926 Pompeii
632 839 722 923 locis,
744 839 802 908 ubi
823 839 873 905 illi
893 841 1012 906 1166611
1025 843 1213 909 6161611516
1228 843 1280 909 usi
1300 853 1386 925 sunt,

100 941 183 1008 infra
207 943 338 1029 scripsi,
361 941 545 1008 Varronem
575 965 607 1029 p.
633 941 730 1024 1861,
753 965 785 1030 p.
811 943 892 1008 1897
922 944 1029 1029 (Serg.
1050 965 1084 1030 p.
1105 943 1184 1026 492,
1207 945 1248 1010 37
1270 945 1385 1034 Pomp.
1448 1001 1452 1004 ,

100 1067 129 1131 p.
155 1043 213 1108 143
235 1043 288 1109 ed.
310 1043 434 1130 Lind.),
457 1066 489 1131 p.
508 1043 591 1108 1904
614 1044 743 1132 (Pomp.
766 1067 799 1132 p.
815 1044 911 1131 233),
935 1043 1067 1132 61905
1089 1044 1219 1133 (Pomp.
1242 1071 1275 1134 p.
1290 1047 1385 1130 239),

99 1143 236 1210 Plinium
257 1167 291 1230 p.
307 1145 388 1210 1901
414 1147 541 1233 (Pomp.
564 1168 596 1233 p.
615 1145 675 1210 172
697 1147 849 1234 61202),
872 1171 904 1234 p.
923 1146 1004 1212 1906
1026 1146 1078 1212 516
1101 1146 1230 1234 (Pomp.
1245 1148 1386 1235 6237),

101 1247 330 1312 Terentianum
351 1270 385 1336 p.
410 1246 492 1312 1884
521 1245 648 1334 (Pomp.
672 1271 704 1334 6.
727 1248 800 1336 42),
828 1249 974 1314 Probum
995 1271 1028 1334 6.
1052 1248 1151 1330 1861,
1174 1273 1206 1336 p.
1230 1248 1330 1332 1874,
1352 1272 1386 1337 p.

102 1349 178 1414 1901
202 1347 331 1437 (Pomp.
354 1372 387 1437 p.
410 1349 482 1432 92),
511 1373 544 1436 p.
570 1349 651 1420 1906
673 1349 781 1436 (Serv.
804 1372 835 1437 p.
859 1348 933 1432 435,
955 1348 1007 1415 25.
1037 1349 1206 1437 Ρ6116.6.
1229 1350 1323 1435 235),
1352 1375 1384 1438 p.

102 1451 179 1517 1933
206 1453 334 1538 (Pomp.
357 1473 389 1538 p.
412 1451 507 1538 409),
536 1451 696 1524 Sabinum
722 1475 756 1540 p.
780 1452 880 1537 1874,
908 1450 1120 1517 Aristotelem
1147 1462 1180 1516 61
1206 1454 1325 1519 6161666
1352 1475 1384 1540 6.

102 1551 179 1618 1889
201 1551 308 1638 (8611.
332 1574 365 1639 6.
377 1552 461 1636 1428,
486 1553 536 1618 11.
558 1553 673 1643 Ρ6116.
697 1575 729 1641 p.
752 1553 819 1639 83).

179 1653 255 1719 Alia
283 1653 461 1721 Cledonins
488 1657 654 1723 veteribus
677 1654 817 1742 Vergilii
843 1656 1076 1742 interpretibus
1104 1654 1222 1723 debere
1243 1657 1408 1739 videtur,¹

99 1755 182 1844 quod
207 1768 384 1845 propterea
410 1779 543 1840 moneo,
571 1758 659 1845 quod
679 1757 844 1844 permulta
863 1758 899 1823 in
919 1757 1013 1824 libris
1035 1760 1322 1844 grammaticorum
1343 1761 1386 1826 ab
1469 1777 1475 1788 ·

99 1862 156 1924 bac
181 1860 307 1946 origine
335 1857 513 1947 repetenda
540 1881 613 1924 esse
644 1859 752 1925 video.
796 1857 936 1945 Vergilii
967 1861 1054 1925 enim
1082 1861 1228 1926 carmina
1259 1885 1386 1929 summo

100 1961 202 2028 studio
229 1961 264 2025 in
290 1958 411 2027 scholis
444 1964 730 2046 grammaticorum
765 1971 907 2034 tractata
938 1961 1118 2049 eademque
1149 1965 1321 2029 uberrimis
1354 1974 1387 2030 et

101 2061 291 2130 doctissimis
321 2065 562 2130 commentariis
587 2061 752 2129 illustrata
779 2085 853 2130 esse
879 2072 1017 2129 6616161.
1061 2085 1199 2151 cumque
1220 2064 1323 2131 multa
1344 2065 1386 2133 66

99 2187 157 2231 usu
177 2167 337 2232 sermonis
366 2186 386 2230 6
408 2164 548 2250 Vergilii
574 2166 806 2253 interpretibus
830 2166 925 2232 docte
948 2165 1115 2252 disputata
1137 2176 1261 2249 essent,
1283 2167 1308 2232 ii
1328 2169 1385 2255 qui

100 2265 136 2332 de
157 2277 228 2334 arte
249 2269 451 2355 scripserunt
471 2286 537 2332 nou
557 2265 647 2334 nulla
667 2267 745 2334 1166
766 2269 801 2334 11
823 2291 900 2335 suos
922 2266 1025 2334 libros
1047 2266 1293 2334 transtulerunt.
1320 2283 1384 2357 quo

98 2368 215 2434 lactum
237 2378 348 2435 estut
374 2391 461 2435 nunc
489 2369 584 2434 etiam
607 2370 641 2435 in
663 2367 795 2436 scholiis
811 2369 1013 2456 Vergilianis
1027 2390 1112 2456 quae
1126 2368 1233 2436 Servii
1254 2372 1385 2437 nomine

98 2472 251 2559 116611616
271 2471 422 2537 feruntur
436 2469 539 2536 multa
553 2481 681 2553 extent,
705 2494 787 2559 quae
809 2471 899 2560 apud
919 2473 1039 2538 artium
1060 2471 1235 2558 scriptores
1257 2495 1386 2561 quoque

98 2571 253 2660 leguntur.
298 2595 495 2661 quamquam
524 2575 610 2644 euim
637 2573 782 2639 dubitari
808 2574 921 2660 nequit
948 2574 1027 2662 quin
1048 2576 1207 2660 quaedam
1228 2597 1271 2639 61
1292 2576 1383 2641 libris

100 2674 136 2740 dc
155 2687 222 2741 arte
244 2676 376 2762 66116116
397 2687 512 2762 postea
532 2676 568 2740 in
583 2673 789 2760 Vergilianus
811 2677 1063 2741 commentarios
1084 2673 1188 2741 inlata
1209 2677 1286 2755 sint,
1307 2687 1385 2742 sunt

101 2785 203 2842 tamen
230 2799 314 2862 quae
346 2775 420 2844 illos
454 2777 496 2843 ab
529 2777 767 2864 antiquioribus
789 2775 927 2862 Vergilii
958 2777 1192 2864 interpretibus
1225 2779 1383 2865 petivisse

99 2881 190 2944 certis
216 2879 345 2945 indiciis
374 2879 539 2966 adpareat
582 2877 642 2944 sed
669 2887 707 2942 ut
731 2875 947 2945 1101666116
975 2888 1008 2943 61
1032 2879 1129 2944 11116
1152 2901 1235 2968 quae
1257 2880 1383 2945 eitum

98 2979 223 3070 reliquis
244 2981 373 3046 Donati
399 2979 633 3068 interpretibus
662 2981 848 3046 communia
873 3003 940 3046 non
967 2989 1044 3046 sunt
1071 2980 1266 3062 subsistam,
1294 2991 1384 3047 certa

99 3083 162 3148 eius
183 3084 310 3168 generis
334 3082 500 3171 exempla,
523 3103 606 3170 quae
620 3104 663 3146 61
678 3082 916 3148 commentariis
937 3084 972 3147 11
986 3081 1169 3168 Vergilium
1190 3081 1290 3148 ducta
1311 3105 1382 3149 essa

99 3184 291 3271 persuadent
317 3207 357 3250 ea
380 3206 464 3272 quae
494 3183 582 3272 apud
605 3182 757 3248 Servium
787 3185 823 3248 in
845 3183 984 3269 Vergilii
1005 3206 1121 3251 versus
1144 3205 1303 3272 eosquos
1325 3185 1380 3250 ad·

99 3287 208 3374 scripsi
235 3284 406 3372 leguntur,
429 3295 505 3352 sunt
526 3289 623 3368 haec,
647 3306 729 3372 quae
752 3284 793 3350 de
815 3285 898 3351 Inuo
920 3283 975 3352 vel
996 3285 1086 3351 Pane
1108 3287 1231 3374 scripta
1252 3295 1328 3352 sunt
1348 3309 1381 3372 p.

100 3387 173 3452 1891
195 3387 268 3454 6611.
291 3387 392 3474 Verg.
414 3391 497 3453 Aen.
514 3386 564 3453 VI
579 3388 655 3470 776,
680 3386 721 3451 66
743 3385 919 3454 Cornificio
942 3385 1038 3453 Gallo
1060 3385 1200 3472 Vergilii
1221 3387 1383 3453 obtrecta-

100 3499 163 3560 tore
189 3512 222 3578 p.
248 3490 330 3556 1898
358 3488 430 3556 ooll.
459 3489 559 3574 Verg.
585 3487 693 3556 bucol.
714 3488 751 3572 2,
774 3488 825 3554 39.
853 3489 892 3570 5,
914 3489 950 3572 8,
978 3489 1031 3554 36.
1057 3510 1166 3574 georg.
1194 3488 1312 3572 1210,
1341 3489 1381 3554 66

98 3591 277 3657 nominibus
299 3590 484 3657 civitatium
506 3602 539 3656 61
560 3591 805 3677 provinciarum
826 3613 859 3677 6.
883 3590 964 3655 1922
986 3587 1061 3656 ooll.
1083 3590 1184 3677 Verg.
1207 3591 1291 3656 Α61.
1312 3589 1380 3654 12.

99 3714 135 3756 ex
155 3693 268 3759 eodem
289 3692 380 3758 fonte
401 3692 536 3758 fluxisse
552 3692 706 3758 videntur
720 3713 802 3779 quae
825 3691 866 3756 de
889 3691 997 3761 dubiis
1019 3693 1186 3757 nominum
1207 3691 1381 3778 generibus

99 3795 213 3882 scripta
234 3804 311 3861 sunt
332 3817 365 3882 p.
388 3793 471 3860 1895
493 3817 542 3881 sq.
570 3792 643 3860 coll.
666 3793 766 3879 Verg.
789 3793 873 3858 Aen.
901 3789 1028 3857 11194.
1055 3792 1125 3858 VII
1146 3793 1198 3859 99.
1227 3792 1297 3858 XII
1317 3793 1380 3859 208

99 3893 134 3960 66
154 3897 268 3982 stirpe,
293 3898 377 3962 Aen.
400 3895 418 3961 I
440 3896 501 3962 703
529 3893 570 3961 66
590 3918 695 3984 penu,
718 3892 824 3961 bucol.
848 3892 877 3974 7,
899 3893 940 3958 58
963 3890 1004 3958 66
1025 3896 1197 3982 pampino,
1220 3897 1303 3962 Aen.
1327 3894 1380 3962 III

99 3996 164 4061 286.
185 3995 290 4064 VIIII
313 3997 376 4063 709
399 3997 440 4063 66
461 3995 579 4084 611666,
602 3997 686 4063 Α61.
707 3995 860 4061 V11568
883 3994 923 4059 66
946 4017 1058 4083 specu,
1081 3997 1164 4062 Aen.
1180 3996 1285 4063 VIIII
1306 3997 1379 4063 619.

100 4095 162 4164 XII
176 4099 239 4164 764
259 4099 301 4164 66
321 4100 427 4183 buxo,
449 4100 529 4164 item
551 4097 717 4164 66161516
738 4097 882 4163 incertae
898 4096 1144 4184 significationis
1158 4124 1191 4187 p.
1209 4097 1379 4166 19166611.

103 4198 191 4286 Verg.
206 4222 319 4287 georg.
334 4201 352 4266 I
369 4201 527 4267 1851161.
543 4198 702 4282 1711273,
727 4198 886 4266 6616156
904 4199 1077 4289 16666666.
1095 4199 1263 4268 19186611.
1279 4201 1379 4288 Verg.
1493 4270 1500 4293 x
1540 4153 1552 4275 ¹.
1564 4191 1581 4222 ³
1599 4227 1603 4235 ·
1629 4170 1635 4182 ι
1651 4215 1655 4222 ’

101 4301 173 4366 Α61.
196 4301 268 4368 ΠΙΙ
296 4302 376 4387 295,
398 4301 439 4368 (16
461 4301 618 4368 66161516
641 4310 741 4367 noctu
763 4324 794 4389 p.
820 4301 903 4368 1920
923 4301 995 4368 coll.
1012 4300 1113 4389 Verg.
1133 4325 1244 4389 georg.
1266 4303 1284 4368 I
1305 4301 1399 4369 287.·

174 4403 328 4472 06161611
353 4415 483 4494 6166161
509 4402 629 4472 librum
657 4426 753 4492 quem
779 4404 936 4470 habemus
962 4401 1044 4468 nihil
1070 4404 1111 4469 de
1137 4402 1293 4471 01666116
1313 4427 1379 4469 me·

101 4507 212 4573 moriae
225 4505 392 4595 proditum
406 4507 510 4590 est*),
533 4528 637 4593 neque
653 4528 695 4572 ex
709 4505 946 4594 posterioribus
966 4505 1190 4593 grammaticis
1208 4507 1379 4594 quisquam
1478 4551 1501 4577 ,·

175 4661 205 4729 ⁸¹)
222 4663 298 4716 Nihil
316 4664 488 4716 tribuendum
507 4667 550 4714 est
568 4663 743 4714 coniecturae
755 4661 836 4714 Pauli
849 4659 997 4715 0616116611
1013 4663 1043 4713 11
1058 4661 1113 4717 Lil.
1127 4661 1239 4727 Gyrald.
1253 4661 1286 4713 de
1303 4667 1377 4728 6661.

104 4745 579 4817 (116106161616661611166161.
592 4763 617 4798 a.
632 4747 698 4798 1696
714 4746 769 4798 161.
781 4745 819 4812 11)
838 4762 864 4811 6.
877 4748 936 4810 296,
955 4746 1034 4798 ‘ruit
1046 4745 1174 4797 Sidonius
1192 4745 1270 4810 alter,
1282 4745 1378 4797 016111-
1469 4760 1473 4769 ’

107 4833 213 4885 notens
235 4831 358 4898 scilicet,
383 4833 459 4886 ouius
481 4833 665 4900 fragmentum
689 4831 723 4882 de
749 4830 866 4882 vocibus
893 4831 1064 4883 animantum
1089 4831 1119 4881 in
1144 4831 1248 4897 aliquot
1274 4829 1379 4882 0166616
