<?xml version="1.0" encoding="UTF-8"?>
<!DOCTYPE html PUBLIC "-//W3C//DTD XHTML 1.0 Transitional//EN"
    "http://www.w3.org/TR/xhtml1/DTD/xhtml1-transitional.dtd">
<html xmlns="http://www.w3.org/1999/xhtml" xml:lang="en" lang="en">
 <head>
  <title>
</title>
<meta http-equiv="Content-Type" content="text/html;charset=utf-8" />
  <meta name='ocr-system' content='tesseract 3.04.00' />
  <meta name='ocr-capabilities' content='ocr_page ocr_carea ocr_par ocr_line ocrx_word'/>
</head>
<body>
  <div class='ocr_page' id='page_1' title='image "./grammaticilatin02hagagoog_0538.png"; bbox 0 0 3350 5442; ppageno 0'>
   <div class='ocr_carea' id='block_1_1' title="bbox 721 389 1398 455">
    <p class='ocr_par' dir='ltr' id='par_1_1' title="bbox 721 389 1398 455">
     <span class='ocr_line' id='line_1_1' title="bbox 721 389 1398 455; baseline 0 -1"><span class='ocrx_word' id='word_1_1' title='bbox 721 391 791 454; x_wconf 78' lang='lat' dir='ltr'><strong>aas</strong></span> <span class='ocrx_word' id='word_1_2' title='bbox 1335 389 1398 455; x_wconf 79' lang='lat'><strong>529</strong></span> 
     </span>
    </p>
   </div>
   <div class='ocr_carea' id='block_1_2' title="bbox 106 575 1404 2702">
    <p class='ocr_par' dir='ltr' id='par_1_2' title="bbox 106 575 1401 1993">
     <span class='ocr_line' id='line_1_2' title="bbox 106 575 1398 664; baseline 0.001 -22"><span class='ocrx_word' id='word_1_3' title='bbox 106 589 173 642; x_wconf 88' lang='lat' dir='ltr'><strong>tem</strong></span> <span class='ocrx_word' id='word_1_4' title='bbox 201 578 281 644; x_wconf 89' lang='lat' dir='ltr'><strong>hacc</strong></span> <span class='ocrx_word' id='word_1_5' title='bbox 308 579 430 664; x_wconf 88' lang='lat' dir='ltr'><strong>scripta</strong></span> <span class='ocrx_word' id='word_1_6' title='bbox 456 575 510 643; x_wconf 90' lang='lat' dir='ltr'><strong>vel</strong></span> <span class='ocrx_word' id='word_1_7' title='bbox 537 577 570 640; x_wconf 91' lang='lat' dir='ltr'><strong>in</strong></span> <span class='ocrx_word' id='word_1_8' title='bbox 597 576 682 642; x_wconf 88' lang='lat' dir='ltr'><strong>hanc</strong></span> <span class='ocrx_word' id='word_1_9' title='bbox 710 576 849 643; x_wconf 88' lang='lat' dir='ltr'><strong>formam</strong></span> <span class='ocrx_word' id='word_1_10' title='bbox 883 578 1015 643; x_wconf 86' lang='lat' dir='ltr'><strong>redacta</strong></span> <span class='ocrx_word' id='word_1_11' title='bbox 1042 577 1122 660; x_wconf 89' lang='lat' dir='ltr'><strong>sint,</strong></span> <span class='ocrx_word' id='word_1_12' title='bbox 1155 600 1215 642; x_wconf 89' lang='lat' dir='ltr'><strong>nec</strong></span> <span class='ocrx_word' id='word_1_13' title='bbox 1242 582 1398 664; x_wconf 85' lang='lat' dir='ltr'><strong>quaerer&#39;o</strong></span> 
     </span>
     <span class='ocr_line' id='line_1_3' title="bbox 107 678 1398 765; baseline -0.001 -21"><span class='ocrx_word' id='word_1_14' title='bbox 107 679 247 746; x_wconf 90' lang='lat' dir='ltr'><strong>multum</strong></span> <span class='ocrx_word' id='word_1_15' title='bbox 269 681 405 746; x_wconf 88' lang='lat' dir='ltr'><strong>interest</strong></span> <span class='ocrx_word' id='word_1_16' title='bbox 427 703 486 745; x_wconf 88' lang='lat' dir='ltr'><strong>nec</strong></span> <span class='ocrx_word' id='word_1_17' title='bbox 509 679 572 744; x_wconf 91' lang='lat' dir='ltr'><strong>diei</strong></span> <span class='ocrx_word' id='word_1_18' title='bbox 596 689 685 744; x_wconf 91' lang='lat' dir='ltr'><strong>certo</strong></span> <span class='ocrx_word' id='word_1_19' title='bbox 709 686 826 765; x_wconf 89' lang='lat' dir='ltr'><strong>potest.</strong></span> <span class='ocrx_word' id='word_1_20' title='bbox 862 679 921 744; x_wconf 86' lang='lat' dir='ltr'><strong>sed</strong></span> <span class='ocrx_word' id='word_1_21' title='bbox 944 678 1150 746; x_wconf 79' lang='lat' dir='ltr'>Palaemonis</span> <span class='ocrx_word' id='word_1_22' title='bbox 1173 689 1261 745; x_wconf 88' lang='lat' dir='ltr'><strong>certe</strong></span> <span class='ocrx_word' id='word_1_23' title='bbox 1282 703 1398 746; x_wconf 90' lang='lat' dir='ltr'><strong>nomen</strong></span> 
     </span>
     <span class='ocr_line' id='line_1_4' title="bbox 106 781 1398 870; baseline 0.001 -24"><span class='ocrx_word' id='word_1_24' title='bbox 106 805 174 846; x_wconf 92' lang='grc'><strong>000</strong></span> <span class='ocrx_word' id='word_1_25' title='bbox 196 793 274 870; x_wconf 92' lang='lat' dir='ltr'><strong>puto</strong></span> <span class='ocrx_word' id='word_1_26' title='bbox 297 781 397 848; x_wconf 92' lang='lat' dir='ltr'><strong>multo</strong></span> <span class='ocrx_word' id='word_1_27' title='bbox 421 783 605 869; x_wconf 77' lang='lat' dir='ltr'><strong>antiquiore</strong></span> <span class='ocrx_word' id='word_1_28' title='bbox 626 790 781 867; x_wconf 89' lang='lat' dir='ltr'><strong>tempore,</strong></span> <span class='ocrx_word' id='word_1_29' title='bbox 805 804 903 867; x_wconf 91' lang='lat' dir='ltr'><strong>quam</strong></span> <span class='ocrx_word' id='word_1_30' title='bbox 925 804 989 870; x_wconf 91' lang='lat' dir='ltr'><strong>quo</strong></span> <span class='ocrx_word' id='word_1_31' title='bbox 1012 782 1140 849; x_wconf 91' lang='lat' dir='ltr'><strong>codices</strong></span> <span class='ocrx_word' id='word_1_32' title='bbox 1163 783 1219 869; x_wconf 92' lang='lat' dir='ltr'><strong>qui</strong></span> <span class='ocrx_word' id='word_1_33' title='bbox 1241 781 1321 848; x_wconf 91' lang='lat' dir='ltr'><strong>illud</strong></span> <span class='ocrx_word' id='word_1_34' title='bbox 1344 806 1398 847; x_wconf 89' lang='lat' dir='ltr'><strong>ex·</strong></span> 
     </span>
     <span class='ocr_line' id='line_1_5' title="bbox 108 883 1398 971; baseline 0 -23"><span class='ocrx_word' id='word_1_35' title='bbox 108 885 224 950; x_wconf 82' lang='lat' dir='ltr'>hibent</span> <span class='ocrx_word' id='word_1_36' title='bbox 245 884 359 971; x_wconf 89' lang='lat' dir='ltr'><strong>scripti</strong></span> <span class='ocrx_word' id='word_1_37' title='bbox 388 893 480 966; x_wconf 90' lang='lat' dir='ltr'><strong>sunt,</strong></span> <span class='ocrx_word' id='word_1_38' title='bbox 509 883 592 950; x_wconf 91' lang='lat' dir='ltr'><strong>libro</strong></span> <span class='ocrx_word' id='word_1_39' title='bbox 620 885 797 970; x_wconf 86' lang='lat' dir='ltr'><strong>inpositum</strong></span> <span class='ocrx_word' id='word_1_40' title='bbox 825 905 908 948; x_wconf 88' lang='lat' dir='ltr'><strong>esse.</strong></span> <span class='ocrx_word' id='word_1_41' title='bbox 951 906 1027 948; x_wconf 88' lang='lat' dir='ltr'><strong>nam</strong></span> <span class='ocrx_word' id='word_1_42' title='bbox 1049 888 1077 949; x_wconf 92' lang='lat' dir='ltr'><strong>si</strong></span> <span class='ocrx_word' id='word_1_43' title='bbox 1098 883 1183 950; x_wconf 85' lang='lat' dir='ltr'><strong>falso</strong></span> <span class='ocrx_word' id='word_1_44' title='bbox 1205 886 1398 971; x_wconf 86' lang='lat' dir='ltr'><strong>inscriptum</strong></span> 
     </span>
     <span class='ocr_line' id='line_1_6' title="bbox 108 986 1400 1072; baseline -0.002 -20"><span class='ocrx_word' id='word_1_45' title='bbox 108 1009 182 1052; x_wconf 89' lang='lat' dir='ltr'><strong>esse</strong></span> <span class='ocrx_word' id='word_1_46' title='bbox 204 1009 321 1052; x_wconf 90' lang='lat' dir='ltr'><strong>nomen</strong></span> <span class='ocrx_word' id='word_1_47' title='bbox 342 996 430 1051; x_wconf 89' lang='lat' dir='ltr'><strong>recte</strong></span> <span class='ocrx_word' id='word_1_48' title='bbox 452 987 642 1069; x_wconf 78' lang='lat' dir='ltr'><strong>statuimus,</strong></span> <span class='ocrx_word' id='word_1_49' title='bbox 666 986 813 1072; x_wconf 87' lang='lat' dir='ltr'><strong>sequitur</strong></span> <span class='ocrx_word' id='word_1_50' title='bbox 833 995 872 1050; x_wconf 90' lang='lat' dir='ltr'><strong>ut</strong></span> <span class='ocrx_word' id='word_1_51' title='bbox 892 1007 1087 1072; x_wconf 77' lang='lat' dir='ltr'><strong>praenomen</strong></span> <span class='ocrx_word' id='word_1_52' title='bbox 1103 987 1234 1068; x_wconf 73' lang='lat' dir='ltr'><strong>Quinti,</strong></span> <span class='ocrx_word' id='word_1_53' title='bbox 1257 987 1344 1072; x_wconf 90' lang='lat' dir='ltr'><strong>quod</strong></span> <span class='ocrx_word' id='word_1_54' title='bbox 1366 989 1400 1050; x_wconf 92' lang='lat' dir='ltr'><strong>in</strong></span> 
     </span>
     <span class='ocr_line' id='line_1_7' title="bbox 108 1087 1398 1176; baseline 0 -24"><span class='ocrx_word' id='word_1_55' title='bbox 108 1088 222 1154; x_wconf 89' lang='lat' dir='ltr'><strong>codice</strong></span> <span class='ocrx_word' id='word_1_56' title='bbox 243 1088 403 1154; x_wconf 87' lang='lat' dir='ltr'><strong>Vaticano</strong></span> <span class='ocrx_word' id='word_1_57' title='bbox 434 1089 513 1152; x_wconf 87' lang='grc'><strong>1401</strong></span> <span class='ocrx_word' id='word_1_58' title='bbox 543 1098 577 1152; x_wconf 90' lang='grc'><strong>01</strong></span> <span class='ocrx_word' id='word_1_59' title='bbox 604 1088 637 1152; x_wconf 90' lang='grc'><strong>10</strong></span> <span class='ocrx_word' id='word_1_60' title='bbox 665 1089 812 1175; x_wconf 82' lang='lat' dir='ltr'><strong>principe</strong></span> <span class='ocrx_word' id='word_1_61' title='bbox 835 1087 977 1154; x_wconf 85' lang='lat' dir='ltr'><strong>editione</strong></span> <span class='ocrx_word' id='word_1_62' title='bbox 999 1090 1133 1174; x_wconf 86' lang='lat' dir='ltr'><strong>legitur,</strong></span> <span class='ocrx_word' id='word_1_63' title='bbox 1156 1088 1234 1153; x_wconf 89' lang='lat' dir='ltr'><strong>addi</strong></span> <span class='ocrx_word' id='word_1_64' title='bbox 1256 1112 1322 1155; x_wconf 91' lang='lat' dir='ltr'><strong>non</strong></span> <span class='ocrx_word' id='word_1_65' title='bbox 1344 1111 1398 1176; x_wconf 91' lang='lat' dir='ltr'><strong>po-</strong></span> 
     </span>
     <span class='ocr_line' id='line_1_8' title="bbox 108 1189 1400 1276; baseline 0 -21"><span class='ocrx_word' id='word_1_66' title='bbox 108 1191 211 1262; x_wconf 88' lang='lat' dir='ltr'><strong>tuerit</strong></span> <span class='ocrx_word' id='word_1_67' title='bbox 238 1198 313 1256; x_wconf 89' lang='lat' dir='ltr'><strong>ante</strong></span> <span class='ocrx_word' id='word_1_68' title='bbox 340 1193 508 1257; x_wconf 88' lang='lat' dir='ltr'><strong>inventum</strong></span> <span class='ocrx_word' id='word_1_69' title='bbox 538 1191 686 1256; x_wconf 88' lang='lat' dir='ltr'><strong>Suetonii</strong></span> <span class='ocrx_word' id='word_1_70' title='bbox 712 1189 832 1256; x_wconf 91' lang='lat' dir='ltr'><strong>librum</strong></span> <span class='ocrx_word' id='word_1_71' title='bbox 860 1190 901 1255; x_wconf 93' lang='lat' dir='ltr'><strong>de</strong></span> <span class='ocrx_word' id='word_1_72' title='bbox 927 1191 1164 1276; x_wconf 78' lang='lat' dir='ltr'><strong>grammaticis,</strong></span> <span class='ocrx_word' id='word_1_73' title='bbox 1199 1213 1293 1276; x_wconf 88' lang='lat' dir='ltr'><strong>quem</strong></span> <span class='ocrx_word' id='word_1_74' title='bbox 1325 1200 1400 1276; x_wconf 93' lang='lat' dir='ltr'><strong>post</strong></span> 
     </span>
     <span class='ocr_line' id='line_1_9' title="bbox 108 1290 1399 1359; baseline -0.002 -1"><span class='ocrx_word' id='word_1_75' title='bbox 108 1315 232 1358; x_wconf 88' lang='lat' dir='ltr'><strong>annum</strong></span> <span class='ocrx_word' id='word_1_76' title='bbox 256 1293 393 1358; x_wconf 77' lang='grc'><strong>145111</strong></span> <span class='ocrx_word' id='word_1_77' title='bbox 416 1291 544 1356; x_wconf 88' lang='lat' dir='ltr'><strong>ltaliam</strong></span> <span class='ocrx_word' id='word_1_78' title='bbox 566 1302 747 1359; x_wconf 88' lang='lat' dir='ltr'><strong>travectum</strong></span> <span class='ocrx_word' id='word_1_79' title='bbox 770 1315 841 1358; x_wconf 87' lang='lat' dir='ltr'><strong>esse</strong></span> <span class='ocrx_word' id='word_1_80' title='bbox 864 1302 1005 1359; x_wconf 88' lang='lat' dir='ltr'><strong>constat:</strong></span> <span class='ocrx_word' id='word_1_81' title='bbox 1029 1290 1072 1357; x_wconf 91' lang='grc'><strong>01.</strong></span> <span class='ocrx_word' id='word_1_82' title='bbox 1095 1292 1285 1357; x_wconf 86' lang='lat' dir='ltr'><strong>Reiffersch.</strong></span> <span class='ocrx_word' id='word_1_83' title='bbox 1310 1293 1399 1358; x_wconf 85' lang='lat' dir='ltr'><strong>Suet.</strong></span> 
     </span>
     <span class='ocr_line' id='line_1_10' title="bbox 107 1377 1399 1482; baseline 0.001 -23"><span class='ocrx_word' id='word_1_84' title='bbox 107 1396 168 1460; x_wconf 90' lang='lat' dir='ltr'><strong>rel.</strong></span> <span class='ocrx_word' id='word_1_85' title='bbox 192 1416 224 1481; x_wconf 90' lang='lat' dir='ltr'><strong>p.</strong></span> <span class='ocrx_word' id='word_1_86' title='bbox 248 1395 321 1460; x_wconf 85' lang='grc'><strong>409.</strong></span> <span class='ocrx_word' id='word_1_87' title='bbox 366 1377 441 1459; x_wconf 75' lang='lat' dir='ltr'><strong>nara</strong></span> <span class='ocrx_word' id='word_1_88' title='bbox 465 1417 528 1459; x_wconf 89' lang='lat' dir='ltr'><strong>uno</strong></span> <span class='ocrx_word' id='word_1_89' title='bbox 552 1395 705 1461; x_wconf 86' lang='lat' dir='ltr'><strong>Suetonio</strong></span> <span class='ocrx_word' id='word_1_90' title='bbox 728 1404 813 1460; x_wconf 87' lang='lat' dir='ltr'><strong>teste</strong></span> <span class='ocrx_word' id='word_1_91' title='bbox 840 1395 902 1460; x_wconf 91' lang='lat' dir='ltr'><strong>hoc</strong></span> <span class='ocrx_word' id='word_1_92' title='bbox 928 1393 1032 1459; x_wconf 85' lang='lat' dir='ltr'><strong>fuisse</strong></span> <span class='ocrx_word' id='word_1_93' title='bbox 1054 1393 1242 1460; x_wconf 87' lang='lat' dir='ltr'><strong>Palaemoni</strong></span> <span class='ocrx_word' id='word_1_94' title='bbox 1264 1416 1399 1482; x_wconf 89' lang='lat' dir='ltr'><strong>praeno·</strong></span> 
     </span>
     <span class='ocr_line' id='line_1_11' title="bbox 108 1496 1401 1564; baseline -0.001 -4"><span class='ocrx_word' id='word_1_95' title='bbox 108 1521 185 1562; x_wconf 89' lang='lat' dir='ltr'><strong>men</strong></span> <span class='ocrx_word' id='word_1_96' title='bbox 213 1497 367 1563; x_wconf 86' lang='lat' dir='ltr'><strong>traditum</strong></span> <span class='ocrx_word' id='word_1_97' title='bbox 402 1505 460 1562; x_wconf 88' lang='lat' dir='ltr'><strong>est.</strong></span> <span class='ocrx_word' id='word_1_98' title='bbox 506 1497 570 1562; x_wconf 89' lang='lat' dir='ltr'><strong>iam</strong></span> <span class='ocrx_word' id='word_1_99' title='bbox 598 1521 675 1562; x_wconf 91' lang='lat' dir='ltr'><strong>vero</strong></span> <span class='ocrx_word' id='word_1_100' title='bbox 708 1520 781 1562; x_wconf 87' lang='lat' dir='ltr'><strong>cum</strong></span> <span class='ocrx_word' id='word_1_101' title='bbox 809 1497 962 1564; x_wconf 80' lang='lat' dir='ltr'><strong>Iovianus</strong></span> <span class='ocrx_word' id='word_1_102' title='bbox 996 1497 1162 1562; x_wconf 89' lang='lat' dir='ltr'><strong>Pantanus</strong></span> <span class='ocrx_word' id='word_1_103' title='bbox 1195 1507 1228 1561; x_wconf 87' lang='lat' dir='ltr'><strong>et</strong></span> <span class='ocrx_word' id='word_1_104' title='bbox 1254 1496 1401 1562; x_wconf 89' lang='lat' dir='ltr'><strong>Suetonii</strong></span> 
     </span>
     <span class='ocr_line' id='line_1_12' title="bbox 109 1598 1400 1685; baseline -0.002 -21"><span class='ocrx_word' id='word_1_105' title='bbox 109 1600 232 1664; x_wconf 88' lang='lat' dir='ltr'><strong>librum</strong></span> <span class='ocrx_word' id='word_1_106' title='bbox 254 1598 428 1684; x_wconf 88' lang='lat' dir='ltr'><strong>diligenter</strong></span> <span class='ocrx_word' id='word_1_107' title='bbox 450 1601 641 1665; x_wconf 82' lang='lat' dir='ltr'><strong>tractaverit</strong></span> <span class='ocrx_word' id='word_1_108' title='bbox 664 1622 785 1684; x_wconf 87' lang='lat' dir='ltr'><strong>suaque</strong></span> <span class='ocrx_word' id='word_1_109' title='bbox 806 1621 906 1663; x_wconf 85' lang='lat' dir='ltr'><strong>manu</strong></span> <span class='ocrx_word' id='word_1_110' title='bbox 921 1599 1129 1685; x_wconf 78' lang='lat' dir='ltr'><strong>descripserit</strong></span> <span class='ocrx_word' id='word_1_111' title='bbox 1150 1607 1183 1663; x_wconf 90' lang='lat' dir='ltr'><strong>et</strong></span> <span class='ocrx_word' id='word_1_112' title='bbox 1196 1598 1400 1664; x_wconf 88' lang='lat' dir='ltr'><strong>Palaemonis</strong></span> 
     </span>
     <span class='ocr_line' id='line_1_13' title="bbox 110 1699 1401 1789; baseline 0 -23"><span class='ocrx_word' id='word_1_113' title='bbox 110 1709 215 1766; x_wconf 88' lang='lat' dir='ltr'><strong>artem</strong></span> <span class='ocrx_word' id='word_1_114' title='bbox 238 1725 258 1765; x_wconf 90' lang='lat' dir='ltr'><strong>a</strong></span> <span class='ocrx_word' id='word_1_115' title='bbox 280 1723 314 1766; x_wconf 91' lang='lat' dir='ltr'><strong>se</strong></span> <span class='ocrx_word' id='word_1_116' title='bbox 337 1702 371 1764; x_wconf 91' lang='lat' dir='ltr'><strong>in</strong></span> <span class='ocrx_word' id='word_1_117' title='bbox 393 1699 497 1765; x_wconf 89' lang='lat' dir='ltr'><strong>lucem</strong></span> <span class='ocrx_word' id='word_1_118' title='bbox 513 1711 710 1789; x_wconf 89' lang='lat' dir='ltr'><strong>protractam</strong></span> <span class='ocrx_word' id='word_1_119' title='bbox 726 1724 798 1767; x_wconf 87' lang='lat' dir='ltr'><strong>esse</strong></span> <span class='ocrx_word' id='word_1_120' title='bbox 812 1701 986 1786; x_wconf 87' lang='lat' dir='ltr'><strong>glorietur,</strong></span> <span class='ocrx_word' id='word_1_121' title='bbox 1008 1700 1097 1766; x_wconf 88' lang='lat' dir='ltr'><strong>haud</strong></span> <span class='ocrx_word' id='word_1_122' title='bbox 1120 1703 1188 1766; x_wconf 90' lang='lat' dir='ltr'><strong>scio</strong></span> <span class='ocrx_word' id='word_1_123' title='bbox 1211 1724 1253 1766; x_wconf 90' lang='lat' dir='ltr'><strong>an</strong></span> <span class='ocrx_word' id='word_1_124' title='bbox 1275 1701 1317 1766; x_wconf 87' lang='lat' dir='ltr'><strong>ab</strong></span> <span class='ocrx_word' id='word_1_125' title='bbox 1339 1701 1401 1766; x_wconf 91' lang='lat' dir='ltr'><strong>hoc</strong></span> 
     </span>
     <span class='ocr_line' id='line_1_14' title="bbox 109 1802 1401 1890; baseline 0 -24"><span class='ocrx_word' id='word_1_126' title='bbox 109 1802 194 1868; x_wconf 92' lang='lat' dir='ltr'><strong>illud</strong></span> <span class='ocrx_word' id='word_1_127' title='bbox 215 1825 331 1868; x_wconf 90' lang='lat' dir='ltr'><strong>nomen</strong></span> <span class='ocrx_word' id='word_1_128' title='bbox 353 1802 475 1886; x_wconf 87' lang='lat' dir='ltr'><strong>regulis</strong></span> <span class='ocrx_word' id='word_1_129' title='bbox 504 1825 547 1868; x_wconf 86' lang='lat' dir='ltr'><strong>ex</strong></span> <span class='ocrx_word' id='word_1_130' title='bbox 572 1805 737 1869; x_wconf 89' lang='lat' dir='ltr'><strong>veteribus</strong></span> <span class='ocrx_word' id='word_1_131' title='bbox 765 1805 988 1890; x_wconf 86' lang='lat' dir='ltr'><strong>grammaticis</strong></span> <span class='ocrx_word' id='word_1_132' title='bbox 1015 1802 1159 1869; x_wconf 86' lang='lat' dir='ltr'><strong>collectis</strong></span> <span class='ocrx_word' id='word_1_133' title='bbox 1180 1804 1401 1890; x_wconf 89' lang='lat' dir='ltr'><strong>praepositum</strong></span> 
     </span>
     <span class='ocr_line' id='line_1_15' title="bbox 111 1905 1282 1993; baseline 0.002 -23"><span class='ocrx_word' id='word_1_134' title='bbox 111 1907 172 1988; x_wconf 89' lang='lat' dir='ltr'><strong>sit,</strong></span> <span class='ocrx_word' id='word_1_135' title='bbox 196 1906 266 1971; x_wconf 88' lang='lat' dir='ltr'><strong>sive</strong></span> <span class='ocrx_word' id='word_1_136' title='bbox 288 1907 358 1993; x_wconf 89' lang='lat' dir='ltr'><strong>ipse</strong></span> <span class='ocrx_word' id='word_1_137' title='bbox 381 1907 520 1992; x_wconf 88' lang='lat' dir='ltr'><strong>primum</strong></span> <span class='ocrx_word' id='word_1_138' title='bbox 544 1905 684 1990; x_wconf 80' lang='lat' dir='ltr'><strong>collegit,</strong></span> <span class='ocrx_word' id='word_1_139' title='bbox 709 1909 777 1972; x_wconf 87' lang='lat' dir='ltr'><strong>sive</strong></span> <span class='ocrx_word' id='word_1_140' title='bbox 800 1906 844 1973; x_wconf 87' lang='lat' dir='ltr'><strong>ab</strong></span> <span class='ocrx_word' id='word_1_141' title='bbox 866 1906 931 1972; x_wconf 87' lang='lat' dir='ltr'><strong>alio</strong></span> <span class='ocrx_word' id='word_1_142' title='bbox 954 1905 1106 1972; x_wconf 88' lang='lat' dir='ltr'><strong>collectas</strong></span> <span class='ocrx_word' id='word_1_143' title='bbox 1128 1907 1282 1972; x_wconf 88' lang='lat' dir='ltr'><strong>habebat.</strong></span> 
     </span>
    </p>

    <p class='ocr_par' dir='ltr' id='par_1_3' title="bbox 111 2006 1404 2702">
     <span class='ocr_line' id='line_1_16' title="bbox 196 2006 1402 2096; baseline 0.002 -25"><span class='ocrx_word' id='word_1_144' title='bbox 196 2006 248 2071; x_wconf 90' lang='lat' dir='ltr'><strong>De</strong></span> <span class='ocrx_word' id='word_1_145' title='bbox 270 2008 370 2093; x_wconf 88' lang='lat' dir='ltr'><strong>Aspri</strong></span> <span class='ocrx_word' id='word_1_146' title='bbox 397 2018 467 2073; x_wconf 88' lang='lat' dir='ltr'><strong>arte</strong></span> <span class='ocrx_word' id='word_1_147' title='bbox 494 2009 682 2096; x_wconf 88' lang='lat' dir='ltr'><strong>priusquam</strong></span> <span class='ocrx_word' id='word_1_148' title='bbox 711 2008 832 2091; x_wconf 88' lang='lat' dir='ltr'><strong>dicam,</strong></span> <span class='ocrx_word' id='word_1_149' title='bbox 865 2008 1033 2073; x_wconf 89' lang='lat' dir='ltr'><strong>sciendum</strong></span> <span class='ocrx_word' id='word_1_150' title='bbox 1060 2017 1110 2072; x_wconf 92' lang='lat' dir='ltr'><strong>est</strong></span> <span class='ocrx_word' id='word_1_151' title='bbox 1137 2007 1252 2074; x_wconf 90' lang='lat' dir='ltr'><strong>eodem</strong></span> <span class='ocrx_word' id='word_1_152' title='bbox 1273 2008 1402 2074; x_wconf 89' lang='lat' dir='ltr'><strong>nomine</strong></span> 
     </span>
     <span class='ocr_line' id='line_1_17' title="bbox 111 2107 1401 2196; baseline 0.002 -24"><span class='ocrx_word' id='word_1_153' title='bbox 111 2111 147 2172; x_wconf 91' lang='lat' dir='ltr'><strong>in</strong></span> <span class='ocrx_word' id='word_1_154' title='bbox 169 2107 334 2174; x_wconf 84' lang='lat' dir='ltr'><strong>veteribus</strong></span> <span class='ocrx_word' id='word_1_155' title='bbox 363 2109 528 2175; x_wconf 88' lang='lat' dir='ltr'><strong>codicibus</strong></span> <span class='ocrx_word' id='word_1_156' title='bbox 557 2110 747 2196; x_wconf 90' lang='lat' dir='ltr'><strong>inscriptam</strong></span> <span class='ocrx_word' id='word_1_157' title='bbox 775 2132 847 2174; x_wconf 91' lang='lat' dir='ltr'><strong>esse</strong></span> <span class='ocrx_word' id='word_1_158' title='bbox 874 2120 977 2175; x_wconf 83' lang='lat' dir='ltr'><strong>artem</strong></span> <span class='ocrx_word' id='word_1_159' title='bbox 1004 2112 1253 2196; x_wconf 87' lang='lat' dir='ltr'><strong>grammaticam</strong></span> <span class='ocrx_word' id='word_1_160' title='bbox 1275 2111 1318 2178; x_wconf 87' lang='lat' dir='ltr'><strong>ab</strong></span> <span class='ocrx_word' id='word_1_161' title='bbox 1340 2111 1401 2175; x_wconf 87' lang='lat' dir='ltr'><strong>hae</strong></span> 
     </span>
     <span class='ocr_line' id='line_1_18' title="bbox 112 2210 1402 2300; baseline 0.002 -26"><span class='ocrx_word' id='word_1_162' title='bbox 112 2210 154 2274; x_wconf 76' lang='lat' dir='ltr'><strong>(lc</strong></span> <span class='ocrx_word' id='word_1_163' title='bbox 177 2233 241 2298; x_wconf 90' lang='lat' dir='ltr'><strong>qua</strong></span> <span class='ocrx_word' id='word_1_164' title='bbox 263 2232 349 2276; x_wconf 90' lang='lat' dir='ltr'><strong>nuno</strong></span> <span class='ocrx_word' id='word_1_165' title='bbox 370 2211 479 2296; x_wconf 87' lang='lat' dir='ltr'><strong>agitur</strong></span> <span class='ocrx_word' id='word_1_166' title='bbox 506 2210 602 2298; x_wconf 90' lang='lat' dir='ltr'><strong>longe</strong></span> <span class='ocrx_word' id='word_1_167' title='bbox 629 2213 803 2278; x_wconf 87' lang='lat' dir='ltr'><strong>diversam.</strong></span> <span class='ocrx_word' id='word_1_168' title='bbox 850 2235 932 2299; x_wconf 89' lang='lat' dir='ltr'><strong>quae</strong></span> <span class='ocrx_word' id='word_1_169' title='bbox 960 2213 1113 2300; x_wconf 84' lang='lat' dir='ltr'><strong>quoniam</strong></span> <span class='ocrx_word' id='word_1_170' title='bbox 1140 2212 1286 2278; x_wconf 90' lang='lat' dir='ltr'><strong>nondum</strong></span> <span class='ocrx_word' id='word_1_171' title='bbox 1313 2212 1402 2277; x_wconf 85' lang='lat' dir='ltr'><strong>edita</strong></span> 
     </span>
     <span class='ocr_line' id='line_1_19' title="bbox 112 2313 1401 2402; baseline 0 -24"><span class='ocrx_word' id='word_1_172' title='bbox 112 2323 165 2378; x_wconf 88' lang='lat' dir='ltr'><strong>est</strong></span> <span class='ocrx_word' id='word_1_173' title='bbox 186 2335 292 2401; x_wconf 89' lang='lat' dir='ltr'><strong>neque</strong></span> <span class='ocrx_word' id='word_1_174' title='bbox 320 2336 340 2378; x_wconf 86' lang='lat' dir='ltr'><strong>a</strong></span> <span class='ocrx_word' id='word_1_175' title='bbox 366 2315 460 2378; x_wconf 89' lang='lat' dir='ltr'><strong>nobis</strong></span> <span class='ocrx_word' id='word_1_176' title='bbox 484 2313 614 2396; x_wconf 87' lang='lat' dir='ltr'><strong>edetur,</strong></span> <span class='ocrx_word' id='word_1_177' title='bbox 639 2315 740 2382; x_wconf 89' lang='lat' dir='ltr'><strong>libros</strong></span> <span class='ocrx_word' id='word_1_178' title='bbox 762 2316 1039 2402; x_wconf 89' lang='lat' dir='ltr'><strong>manuscriptos,</strong></span> <span class='ocrx_word' id='word_1_179' title='bbox 1062 2339 1143 2402; x_wconf 90' lang='lat' dir='ltr'><strong>quos</strong></span> <span class='ocrx_word' id='word_1_180' title='bbox 1166 2314 1300 2402; x_wconf 89' lang='lat' dir='ltr'><strong>quidem</strong></span> <span class='ocrx_word' id='word_1_181' title='bbox 1320 2315 1401 2396; x_wconf 89' lang='lat' dir='ltr'><strong>vidi,</strong></span> 
     </span>
     <span class='ocr_line' id='line_1_20' title="bbox 111 2414 1400 2504; baseline 0 -24"><span class='ocrx_word' id='word_1_182' title='bbox 111 2416 175 2480; x_wconf 89' lang='grc'><strong>1100</strong></span> <span class='ocrx_word' id='word_1_183' title='bbox 203 2414 274 2481; x_wconf 89' lang='grc'><strong>1000</strong></span> <span class='ocrx_word' id='word_1_184' title='bbox 302 2414 465 2481; x_wconf 89' lang='lat' dir='ltr'><strong>indicabo.</strong></span> <span class='ocrx_word' id='word_1_185' title='bbox 509 2438 622 2481; x_wconf 87' lang='lat' dir='ltr'><strong>eorum</strong></span> <span class='ocrx_word' id='word_1_186' title='bbox 654 2417 755 2503; x_wconf 90' lang='lat' dir='ltr'><strong>igitur</strong></span> <span class='ocrx_word' id='word_1_187' title='bbox 787 2416 1033 2504; x_wconf 87' lang='lat' dir='ltr'><strong>antiquissimus</strong></span> <span class='ocrx_word' id='word_1_188' title='bbox 1061 2427 1111 2482; x_wconf 89' lang='lat' dir='ltr'><strong>est</strong></span> <span class='ocrx_word' id='word_1_189' title='bbox 1137 2417 1313 2482; x_wconf 87' lang='lat' dir='ltr'><strong>Bemensis</strong></span> <span class='ocrx_word' id='word_1_190' title='bbox 1340 2417 1400 2481; x_wconf 89' lang='grc'><strong>611</strong></span> 
     </span>
     <span class='ocr_line' id='line_1_21' title="bbox 112 2517 1404 2607; baseline 0 -25"><span class='ocrx_word' id='word_1_191' title='bbox 112 2517 253 2603; x_wconf 86' lang='lat' dir='ltr'><strong>septimo</strong></span> <span class='ocrx_word' id='word_1_192' title='bbox 277 2519 422 2600; x_wconf 88' lang='lat' dir='ltr'><strong>saeculo,</strong></span> <span class='ocrx_word' id='word_1_193' title='bbox 445 2525 482 2582; x_wconf 88' lang='lat' dir='ltr'><strong>ut</strong></span> <span class='ocrx_word' id='word_1_194' title='bbox 504 2517 648 2600; x_wconf 91' lang='lat' dir='ltr'><strong>videtur,</strong></span> <span class='ocrx_word' id='word_1_195' title='bbox 672 2521 829 2607; x_wconf 88' lang='lat' dir='ltr'><strong>scriptus,</strong></span> <span class='ocrx_word' id='word_1_196' title='bbox 853 2518 1237 2584; x_wconf 49' lang='grc'><strong>140-1101101101</strong></span> <span class='ocrx_word' id='word_1_197' title='bbox 1258 2524 1404 2584; x_wconf 76' lang='lat' dir='ltr'><strong>matianis</strong></span> 
     </span>
     <span class='ocr_line' id='line_1_22' title="bbox 112 2626 1403 2702; baseline 0.002 -18"><span class='ocrx_word' id='word_1_198' title='bbox 112 2631 185 2700; x_wconf 78' lang='lat' dir='ltr'><strong>parat</strong></span> <span class='ocrx_word' id='word_1_199' title='bbox 205 2627 295 2684; x_wconf 86' lang='lat' dir='ltr'><strong>sant?</strong></span> <span class='ocrx_word' id='word_1_200' title='bbox 318 2633 392 2685; x_wconf 90' lang='lat' dir='ltr'><strong>acto.</strong></span> <span class='ocrx_word' id='word_1_201' title='bbox 430 2627 529 2700; x_wconf 80' lang='lat' dir='ltr'><strong>quae?</strong></span> <span class='ocrx_word' id='word_1_202' title='bbox 551 2641 657 2686; x_wconf 84' lang='lat' dir='ltr'><strong>nomeu</strong></span> <span class='ocrx_word' id='word_1_203' title='bbox 677 2643 843 2702; x_wconf 87' lang='lat' dir='ltr'><strong>pronomen</strong></span> <span class='ocrx_word' id='word_1_204' title='bbox 864 2627 989 2688; x_wconf 80' lang='lat' dir='ltr'><strong>aerium</strong></span> <span class='ocrx_word' id='word_1_205' title='bbox 1011 2626 1188 2687; x_wconf 70' lang='lat' dir='ltr'><strong>adverbium</strong></span> <span class='ocrx_word' id='word_1_206' title='bbox 1205 2628 1403 2702; x_wconf 69' lang='lat' dir='ltr'><strong>particapium</strong></span> 
     </span>
    </p>
   </div>
   <div class='ocr_carea' id='block_1_3' title="bbox 112 2727 1526 2806">
    <p class='ocr_par' dir='ltr' id='par_1_4' title="bbox 112 2727 1526 2806">
     <span class='ocr_line' id='line_1_23' title="bbox 112 2727 1526 2806; baseline -0.001 -18"><span class='ocrx_word' id='word_1_207' title='bbox 112 2729 286 2788; x_wconf 87' lang='lat' dir='ltr'><strong>coniunctio</strong></span> <span class='ocrx_word' id='word_1_208' title='bbox 308 2729 498 2804; x_wconf 79' lang='lat' dir='ltr'><strong>praepositio</strong></span> <span class='ocrx_word' id='word_1_209' title='bbox 525 2729 700 2788; x_wconf 84' lang='lat' dir='ltr'><strong>interiectio.</strong></span> <span class='ocrx_word' id='word_1_210' title='bbox 745 2729 791 2788; x_wconf 87' lang='lat' dir='ltr'><strong>De</strong></span> <span class='ocrx_word' id='word_1_211' title='bbox 818 2731 946 2789; x_wconf 89' lang='lat' dir='ltr'><strong>nomine.</strong></span> <span class='ocrx_word' id='word_1_212' title='bbox 992 2727 1104 2790; x_wconf 87' lang='lat' dir='ltr'><strong>Nomen</strong></span> <span class='ocrx_word' id='word_1_213' title='bbox 1131 2728 1294 2804; x_wconf 79' lang='lat' dir='ltr'><strong>quidest?</strong></span> <span class='ocrx_word' id='word_1_214' title='bbox 1324 2744 1404 2804; x_wconf 90' lang='lat' dir='ltr'><strong>pars</strong></span> <span class='ocrx_word' id='word_1_215' title='bbox 1522 2799 1526 2806; x_wconf 31' lang='grc' dir='ltr'>Ι</span> 
     </span>
    </p>
   </div>
   <div class='ocr_carea' id='block_1_4' title="bbox 112 2824 1406 4034">
    <p class='ocr_par' dir='ltr' id='par_1_5' title="bbox 112 2824 1406 4034">
     <span class='ocr_line' id='line_1_24' title="bbox 114 2824 1404 2907; baseline 0.001 -18"><span class='ocrx_word' id='word_1_216' title='bbox 114 2831 271 2890; x_wconf 88' lang='lat' dir='ltr'><strong>orationis.</strong></span> <span class='ocrx_word' id='word_1_217' title='bbox 316 2832 434 2890; x_wconf 87' lang='lat' dir='ltr'><strong>numeni</strong></span> <span class='ocrx_word' id='word_1_218' title='bbox 455 2824 526 2905; x_wconf 79' lang='lat' dir='ltr'><strong>quet</strong></span> <span class='ocrx_word' id='word_1_219' title='bbox 547 2831 715 2891; x_wconf 82' lang='lat' dir='ltr'><strong>accedunt?</strong></span> <span class='ocrx_word' id='word_1_220' title='bbox 737 2848 801 2891; x_wconf 81' lang='lat' dir='ltr'><strong>sea.</strong></span> <span class='ocrx_word' id='word_1_221' title='bbox 833 2834 933 2907; x_wconf 86' lang='lat' dir='ltr'><strong>quae?</strong></span> <span class='ocrx_word' id='word_1_222' title='bbox 955 2832 1087 2906; x_wconf 82' lang='lat' dir='ltr'><strong>qualitas</strong></span> <span class='ocrx_word' id='word_1_223' title='bbox 1107 2831 1288 2906; x_wconf 86' lang='lat' dir='ltr'><strong>conparatio</strong></span> <span class='ocrx_word' id='word_1_224' title='bbox 1307 2846 1404 2905; x_wconf 84' lang='lat' dir='ltr'><strong>penus</strong></span> 
     </span>
     <span class='ocr_line' id='line_1_25' title="bbox 112 2933 1404 3010; baseline 0.002 -21"><span class='ocrx_word' id='word_1_225' title='bbox 112 2948 256 2992; x_wconf 78' lang='lat' dir='ltr'><strong>rrrrnierus</strong></span> <span class='ocrx_word' id='word_1_226' title='bbox 275 2933 378 3005; x_wconf 79' lang='lat' dir='ltr'><strong>fipura</strong></span> <span class='ocrx_word' id='word_1_227' title='bbox 400 2949 498 2992; x_wconf 88' lang='lat' dir='ltr'><strong>casus.</strong></span> <span class='ocrx_word' id='word_1_228' title='bbox 544 2933 675 3007; x_wconf 82' lang='lat' dir='ltr'><strong>qualitas</strong></span> <span class='ocrx_word' id='word_1_229' title='bbox 697 2935 848 2994; x_wconf 88' lang='lat' dir='ltr'><strong>nominum</strong></span> <span class='ocrx_word' id='word_1_230' title='bbox 870 2934 901 2993; x_wconf 89' lang='lat' dir='ltr'><strong>in</strong></span> <span class='ocrx_word' id='word_1_231' title='bbox 924 2949 981 3008; x_wconf 84' lang='lat' dir='ltr'><strong>quo</strong></span> <span class='ocrx_word' id='word_1_232' title='bbox 1002 2935 1065 2992; x_wconf 84' lang='lat' dir='ltr'><strong>est?</strong></span> <span class='ocrx_word' id='word_1_233' title='bbox 1086 2933 1228 3009; x_wconf 79' lang='lat' dir='ltr'><strong>tripertita</strong></span> <span class='ocrx_word' id='word_1_234' title='bbox 1249 2939 1309 3010; x_wconf 88' lang='lat' dir='ltr'><strong>est,</strong></span> <span class='ocrx_word' id='word_1_235' title='bbox 1332 2935 1404 3007; x_wconf 79' lang='lat' dir='ltr'><strong>quia</strong></span> 
     </span>
     <span class='ocr_line' id='line_1_26' title="bbox 113 3033 1404 3112; baseline 0.002 -19"><span class='ocrx_word' id='word_1_236' title='bbox 113 3041 168 3093; x_wconf 84' lang='lat' dir='ltr'><strong>aiu</strong></span> <span class='ocrx_word' id='word_1_237' title='bbox 190 3035 408 3108; x_wconf 72' lang='lat' dir='ltr'><strong>appellativum</strong></span> <span class='ocrx_word' id='word_1_238' title='bbox 431 3051 537 3095; x_wconf 85' lang='lat' dir='ltr'><strong>noman</strong></span> <span class='ocrx_word' id='word_1_239' title='bbox 560 3042 603 3094; x_wconf 88' lang='lat' dir='ltr'><strong>est</strong></span> <span class='ocrx_word' id='word_1_240' title='bbox 625 3043 678 3095; x_wconf 88' lang='lat' dir='ltr'><strong>aut</strong></span> <span class='ocrx_word' id='word_1_241' title='bbox 696 3037 866 3112; x_wconf 85' lang='lat' dir='ltr'><strong>proprium,</strong></span> <span class='ocrx_word' id='word_1_242' title='bbox 885 3037 1047 3111; x_wconf 88' lang='lat' dir='ltr'><strong>proprium</strong></span> <span class='ocrx_word' id='word_1_243' title='bbox 1069 3041 1102 3096; x_wconf 90' lang='lat' dir='ltr'><strong>ut</strong></span> <span class='ocrx_word' id='word_1_244' title='bbox 1122 3036 1311 3096; x_wconf 83' lang='lat' dir='ltr'><strong>Hierusalem</strong></span> <span class='ocrx_word' id='word_1_245' title='bbox 1332 3033 1404 3095; x_wconf 82' lang='lat' dir='ltr'><strong>Sion</strong></span> 
     </span>
     <span class='ocr_line' id='line_1_27' title="bbox 115 3136 1403 3214; baseline 0.001 -19"><span class='ocrx_word' id='word_1_246' title='bbox 115 3136 275 3210; x_wconf 83' lang='lat' dir='ltr'><strong>Iardanis,</strong></span> <span class='ocrx_word' id='word_1_247' title='bbox 306 3137 522 3212; x_wconf 88' lang='lat' dir='ltr'><strong>appellatiuum</strong></span> <span class='ocrx_word' id='word_1_248' title='bbox 549 3144 646 3197; x_wconf 91' lang='lat' dir='ltr'><strong>autem</strong></span> <span class='ocrx_word' id='word_1_249' title='bbox 676 3143 720 3196; x_wconf 85' lang='lat' dir='ltr'><strong>cst</strong></span> <span class='ocrx_word' id='word_1_250' title='bbox 745 3139 855 3198; x_wconf 88' lang='lat' dir='ltr'><strong>ciuitas</strong></span> <span class='ocrx_word' id='word_1_251' title='bbox 875 3153 958 3198; x_wconf 91' lang='lat' dir='ltr'><strong>mons</strong></span> <span class='ocrx_word' id='word_1_252' title='bbox 980 3139 1103 3212; x_wconf 70' lang='lat' dir='ltr'><strong>fluuius.</strong></span> <span class='ocrx_word' id='word_1_253' title='bbox 1138 3140 1299 3214; x_wconf 83' lang='lat' dir='ltr'><strong>proprium</strong></span> <span class='ocrx_word' id='word_1_254' title='bbox 1320 3139 1403 3197; x_wconf 81' lang='lat' dir='ltr'><strong>sima</strong></span> 
     </span>
     <span class='ocr_line' id='line_1_28' title="bbox 113 3238 1405 3317; baseline 0.001 -19"><span class='ocrx_word' id='word_1_255' title='bbox 113 3241 186 3298; x_wconf 86' lang='lat' dir='ltr'><strong>liter</strong></span> <span class='ocrx_word' id='word_1_256' title='bbox 207 3245 240 3298; x_wconf 93' lang='lat' dir='ltr'><strong>ut</strong></span> <span class='ocrx_word' id='word_1_257' title='bbox 262 3238 397 3298; x_wconf 80' lang='lat' dir='ltr'><strong>Michael</strong></span> <span class='ocrx_word' id='word_1_258' title='bbox 419 3239 527 3299; x_wconf 84' lang='lat' dir='ltr'><strong>Patras</strong></span> <span class='ocrx_word' id='word_1_259' title='bbox 548 3238 719 3315; x_wconf 80' lang='lat' dir='ltr'><strong>Stephanus</strong></span> <span class='ocrx_word' id='word_1_260' title='bbox 742 3239 853 3300; x_wconf 86' lang='lat' dir='ltr'><strong>Esaias</strong></span> <span class='ocrx_word' id='word_1_261' title='bbox 874 3239 988 3314; x_wconf 77' lang='lat' dir='ltr'><strong>Aaron,</strong></span> <span class='ocrx_word' id='word_1_262' title='bbox 1013 3242 1231 3317; x_wconf 89' lang='lat' dir='ltr'><strong>appellaiiuum</strong></span> <span class='ocrx_word' id='word_1_263' title='bbox 1253 3245 1405 3302; x_wconf 88' lang='lat' dir='ltr'><strong>autemut</strong></span> 
     </span>
     <span class='ocr_line' id='line_1_29' title="bbox 113 3337 1405 3418; baseline 0.002 -19"><span class='ocrx_word' id='word_1_264' title='bbox 113 3342 242 3414; x_wconf 76' lang='lat' dir='ltr'><strong>aripelus</strong></span> <span class='ocrx_word' id='word_1_265' title='bbox 269 3342 424 3415; x_wconf 87' lang='lat' dir='ltr'><strong>apostulus</strong></span> <span class='ocrx_word' id='word_1_266' title='bbox 450 3346 568 3418; x_wconf 78' lang='lat' dir='ltr'><strong>martyr</strong></span> <span class='ocrx_word' id='word_1_267' title='bbox 592 3343 743 3418; x_wconf 79' lang='lat' dir='ltr'><strong>propheta</strong></span> <span class='ocrx_word' id='word_1_268' title='bbox 770 3359 828 3403; x_wconf 81' lang='lat' dir='ltr'><strong>rex</strong></span> <span class='ocrx_word' id='word_1_269' title='bbox 856 3373 899 3386; x_wconf 89' lang='lat'>—</span> <span class='ocrx_word' id='word_1_270' title='bbox 925 3337 977 3402; x_wconf 88' lang='lat' dir='ltr'><strong>De</strong></span> <span class='ocrx_word' id='word_1_271' title='bbox 999 3337 1221 3403; x_wconf 88' lang='lat' dir='ltr'><strong>interiectione</strong></span> <span class='ocrx_word' id='word_1_272' title='bbox 1243 3349 1350 3402; x_wconf 87' lang='lat' dir='ltr'><strong>metum</strong></span> <span class='ocrx_word' id='word_1_273' title='bbox 1372 3347 1405 3402; x_wconf 91' lang='lat' dir='ltr'><strong>ut</strong></span> 
     </span>
     <span class='ocr_line' id='line_1_30' title="bbox 114 3437 1406 3526; baseline 0.001 -24"><span class='ocrx_word' id='word_1_274' title='bbox 114 3450 193 3502; x_wconf 87' lang='lat' dir='ltr'><strong>attat</strong></span> <span class='ocrx_word' id='word_1_275' title='bbox 213 3449 243 3502; x_wconf 87' lang='lat' dir='ltr'><strong>ci</strong></span> <span class='ocrx_word' id='word_1_276' title='bbox 263 3444 367 3518; x_wconf 80' lang='lat' dir='ltr'><strong>siquae</strong></span> <span class='ocrx_word' id='word_1_277' title='bbox 387 3450 457 3502; x_wconf 90' lang='lat' dir='ltr'><strong>sunt</strong></span> <span class='ocrx_word' id='word_1_278' title='bbox 477 3444 596 3502; x_wconf 89' lang='lat' dir='ltr'><strong>similia.</strong></span> <span class='ocrx_word' id='word_1_279' title='bbox 642 3437 742 3526; x_wconf 83' lang='lat' dir='ltr'><strong>Aspri</strong></span> <span class='ocrx_word' id='word_1_280' title='bbox 768 3462 885 3504; x_wconf 92' lang='lat' dir='ltr'><strong>nomen</strong></span> <span class='ocrx_word' id='word_1_281' title='bbox 911 3449 1228 3526; x_wconf 88' lang='lat' dir='ltr'><strong>posteampartem</strong></span> <span class='ocrx_word' id='word_1_282' title='bbox 1250 3448 1406 3526; x_wconf 84' lang='lat' dir='ltr'><strong>quaeest</strong></span> 
     </span>
     <span class='ocr_line' id='line_1_31' title="bbox 113 3540 1404 3627; baseline 0 -23"><span class='ocrx_word' id='word_1_283' title='bbox 113 3541 155 3605; x_wconf 87' lang='lat' dir='ltr'><strong>dc</strong></span> <span class='ocrx_word' id='word_1_284' title='bbox 187 3542 379 3624; x_wconf 89' lang='lat' dir='ltr'><strong>pronomine</strong></span> <span class='ocrx_word' id='word_1_285' title='bbox 412 3551 444 3605; x_wconf 91' lang='lat' dir='ltr'><strong>et</strong></span> <span class='ocrx_word' id='word_1_286' title='bbox 476 3551 551 3606; x_wconf 89' lang='lat' dir='ltr'><strong>ante</strong></span> <span class='ocrx_word' id='word_1_287' title='bbox 580 3563 650 3604; x_wconf 89' lang='lat' dir='ltr'><strong>eam</strong></span> <span class='ocrx_word' id='word_1_288' title='bbox 678 3562 760 3627; x_wconf 90' lang='lat' dir='ltr'><strong>quae</strong></span> <span class='ocrx_word' id='word_1_289' title='bbox 788 3541 936 3627; x_wconf 87' lang='lat' dir='ltr'><strong>sequitur</strong></span> <span class='ocrx_word' id='word_1_290' title='bbox 963 3540 1003 3606; x_wconf 91' lang='lat' dir='ltr'><strong>de</strong></span> <span class='ocrx_word' id='word_1_291' title='bbox 1031 3541 1132 3607; x_wconf 89' lang='lat' dir='ltr'><strong>verbo</strong></span> <span class='ocrx_word' id='word_1_292' title='bbox 1160 3543 1317 3627; x_wconf 82' lang='lat' dir='ltr'><strong>scriptum</strong></span> <span class='ocrx_word' id='word_1_293' title='bbox 1344 3551 1404 3622; x_wconf 88' lang='lat' dir='ltr'><strong>est,</strong></span> 
     </span>
     <span class='ocr_line' id='line_1_32' title="bbox 113 3641 1404 3723; baseline 0.001 -17"><span class='ocrx_word' id='word_1_294' title='bbox 113 3648 209 3722; x_wconf 75' lang='lat' dir='ltr'><strong>eupli.</strong></span> <span class='ocrx_word' id='word_1_295' title='bbox 233 3661 270 3708; x_wconf 88' lang='lat' dir='ltr'><strong>a†</strong></span> <span class='ocrx_word' id='word_1_296' title='bbox 299 3650 410 3723; x_wconf 89' lang='lat' dir='ltr'><strong>asperi.</strong></span> <span class='ocrx_word' id='word_1_297' title='bbox 436 3648 473 3706; x_wconf 84' lang='lat' dir='ltr'><strong>dc</strong></span> <span class='ocrx_word' id='word_1_298' title='bbox 494 3648 598 3721; x_wconf 72' lang='lat' dir='ltr'><strong>ambo,</strong></span> <span class='ocrx_word' id='word_1_299' title='bbox 629 3643 716 3707; x_wconf 92' lang='lat' dir='ltr'><strong>etin</strong></span> <span class='ocrx_word' id='word_1_300' title='bbox 739 3641 848 3707; x_wconf 89' lang='lat' dir='ltr'><strong>indice</strong></span> <span class='ocrx_word' id='word_1_301' title='bbox 870 3643 931 3708; x_wconf 90' lang='lat' dir='ltr'><strong>sub</strong></span> <span class='ocrx_word' id='word_1_302' title='bbox 953 3641 1050 3708; x_wconf 90' lang='lat' dir='ltr'><strong>finem</strong></span> <span class='ocrx_word' id='word_1_303' title='bbox 1072 3641 1195 3709; x_wconf 89' lang='lat' dir='ltr'><strong>codicis</strong></span> <span class='ocrx_word' id='word_1_304' title='bbox 1218 3643 1243 3706; x_wconf 90' lang='grc'><strong>1.</strong></span> <span class='ocrx_word' id='word_1_305' title='bbox 1265 3642 1331 3706; x_wconf 84' lang='grc'><strong>92*</strong></span> <span class='ocrx_word' id='word_1_306' title='bbox 1353 3664 1404 3708; x_wconf 90' lang='lat' dir='ltr'><strong>ca-</strong></span> 
     </span>
     <span class='ocr_line' id='line_1_33' title="bbox 115 3744 1404 3832; baseline 0 -24"><span class='ocrx_word' id='word_1_307' title='bbox 115 3745 191 3809; x_wconf 89' lang='lat' dir='ltr'><strong>dem</strong></span> <span class='ocrx_word' id='word_1_308' title='bbox 213 3767 311 3808; x_wconf 88' lang='lat' dir='ltr'><strong>manu</strong></span> <span class='ocrx_word' id='word_1_309' title='bbox 338 3745 478 3832; x_wconf 91' lang='lat' dir='ltr'><strong>scripto,</strong></span> <span class='ocrx_word' id='word_1_310' title='bbox 506 3766 559 3810; x_wconf 86' lang='lat' dir='ltr'><strong>ars</strong></span> <span class='ocrx_word' id='word_1_311' title='bbox 581 3751 689 3809; x_wconf 76' lang='lat' dir='ltr'><strong>deitati</strong></span> <span class='ocrx_word' id='word_1_312' title='bbox 708 3751 848 3824; x_wconf 76' lang='lat' dir='ltr'><strong>exposita</strong></span> <span class='ocrx_word' id='word_1_313' title='bbox 870 3750 908 3809; x_wconf 81' lang='lat' dir='ltr'><strong>alr</strong></span> <span class='ocrx_word' id='word_1_314' title='bbox 929 3765 1049 3826; x_wconf 86' lang='lat' dir='ltr'><strong>aspero.</strong></span> <span class='ocrx_word' id='word_1_315' title='bbox 1094 3744 1208 3810; x_wconf 83' lang='lat' dir='ltr'><strong>Codex</strong></span> <span class='ocrx_word' id='word_1_316' title='bbox 1228 3745 1404 3810; x_wconf 89' lang='lat' dir='ltr'><strong>Bemensis</strong></span> 
     </span>
     <span class='ocr_line' id='line_1_34' title="bbox 113 3845 1405 3928; baseline 0.002 -18"><span class='ocrx_word' id='word_1_317' title='bbox 113 3847 176 3910; x_wconf 75' lang='lat'><strong>207</strong></span> <span class='ocrx_word' id='word_1_318' title='bbox 200 3868 285 3910; x_wconf 89' lang='lat' dir='ltr'><strong>saec.</strong></span> <span class='ocrx_word' id='word_1_319' title='bbox 309 3845 343 3909; x_wconf 88' lang='lat' dir='ltr'>X</span> <span class='ocrx_word' id='word_1_320' title='bbox 365 3846 388 3912; x_wconf 86' lang='lat' dir='ltr'><strong>f.</strong></span> <span class='ocrx_word' id='word_1_321' title='bbox 415 3846 564 3912; x_wconf 88' lang='grc'><strong>130-1.</strong></span> <span class='ocrx_word' id='word_1_322' title='bbox 590 3848 650 3910; x_wconf 89' lang='grc'><strong>140</strong></span> <span class='ocrx_word' id='word_1_323' title='bbox 677 3853 782 3927; x_wconf 85' lang='lat' dir='ltr'><strong>incipit</strong></span> <span class='ocrx_word' id='word_1_324' title='bbox 810 3868 864 3911; x_wconf 88' lang='lat' dir='ltr'><strong>ars</strong></span> <span class='ocrx_word' id='word_1_325' title='bbox 884 3849 993 3928; x_wconf 83' lang='lat' dir='ltr'><strong>&#39;asperi</strong></span> <span class='ocrx_word' id='word_1_326' title='bbox 1016 3859 1161 3927; x_wconf 81' lang='lat' dir='ltr'><strong>pramuii.</strong></span> <span class='ocrx_word' id='word_1_327' title='bbox 1206 3851 1314 3912; x_wconf 88' lang='lat' dir='ltr'><strong>Partes</strong></span> <span class='ocrx_word' id='word_1_328' title='bbox 1335 3868 1405 3912; x_wconf 90' lang='lat' dir='ltr'><strong>ora·</strong></span> 
     </span>
     <span class='ocr_line' id='line_1_35' title="bbox 114 3947 1405 4034; baseline -0.001 -20"><span class='ocrx_word' id='word_1_329' title='bbox 114 3955 205 4014; x_wconf 77' lang='lat' dir='ltr'><strong>tionis</strong></span> <span class='ocrx_word' id='word_1_330' title='bbox 226 3958 294 4013; x_wconf 89' lang='lat' dir='ltr'><strong>sunt</strong></span> <span class='ocrx_word' id='word_1_331' title='bbox 315 3959 381 4014; x_wconf 92' lang='grc'><strong>0010</strong></span> <span class='ocrx_word' id='word_1_332' title='bbox 407 3987 441 3996; x_wconf 87' lang='grc'>-</span> <span class='ocrx_word' id='word_1_333' title='bbox 466 3959 543 4014; x_wconf 92' lang='lat' dir='ltr'><strong>attat</strong></span> <span class='ocrx_word' id='word_1_334' title='bbox 564 3959 593 4014; x_wconf 87' lang='lat' dir='ltr'><strong>et</strong></span> <span class='ocrx_word' id='word_1_335' title='bbox 612 3957 699 4030; x_wconf 83' lang='lat' dir='ltr'><strong>siqua</strong></span> <span class='ocrx_word' id='word_1_336' title='bbox 720 3959 791 4014; x_wconf 89' lang='lat' dir='ltr'><strong>suut</strong></span> <span class='ocrx_word' id='word_1_337' title='bbox 812 3955 932 4015; x_wconf 88' lang='lat' dir='ltr'><strong>similia.</strong></span> <span class='ocrx_word' id='word_1_338' title='bbox 979 3947 1094 4015; x_wconf 82' lang='lat' dir='ltr'><strong>Codex</strong></span> <span class='ocrx_word' id='word_1_339' title='bbox 1116 3949 1405 4034; x_wconf 87' lang='lat' dir='ltr'><strong>Sangormanensis</strong></span> 
     </span>
    </p>
   </div>
   <div class='ocr_carea' id='block_1_5' title="bbox 20 4049 1403 4133">
    <p class='ocr_par' dir='ltr' id='par_1_6' title="bbox 20 4049 1403 4133">
     <span class='ocr_line' id='line_1_36' title="bbox 20 4049 1403 4133; baseline 0.002 -19"><span class='ocrx_word' id='word_1_340' title='bbox 20 4057 34 4086; x_wconf 79' lang='lat'><strong>⁹</strong></span> <span class='ocrx_word' id='word_1_341' title='bbox 116 4051 200 4115; x_wconf 88' lang='lat'>1180</span> <span class='ocrx_word' id='word_1_342' title='bbox 222 4072 305 4115; x_wconf 87' lang='lat' dir='ltr'><strong>saec.</strong></span> <span class='ocrx_word' id='word_1_343' title='bbox 329 4049 380 4114; x_wconf 88' lang='lat' dir='ltr'><strong>IX</strong></span> <span class='ocrx_word' id='word_1_344' title='bbox 402 4049 428 4115; x_wconf 92' lang='grc'><strong>1.</strong></span> <span class='ocrx_word' id='word_1_345' title='bbox 453 4051 491 4115; x_wconf 91' lang='grc'><strong>16</strong></span> <span class='ocrx_word' id='word_1_346' title='bbox 506 4050 579 4116; x_wconf 84' lang='grc'><strong>-1,</strong></span> <span class='ocrx_word' id='word_1_347' title='bbox 602 4053 643 4117; x_wconf 80' lang='grc'><strong>23</strong></span> <span class='ocrx_word' id='word_1_348' title='bbox 672 4059 780 4133; x_wconf 87' lang='lat' dir='ltr'><strong>incipit</strong></span> <span class='ocrx_word' id='word_1_349' title='bbox 805 4073 860 4117; x_wconf 90' lang='lat' dir='ltr'><strong>urs</strong></span> <span class='ocrx_word' id='word_1_350' title='bbox 887 4060 974 4132; x_wconf 88' lang='lat' dir='ltr'><strong>aspri</strong></span> <span class='ocrx_word' id='word_1_351' title='bbox 996 4058 1193 4132; x_wconf 81' lang='lat' dir='ltr'><strong>prnmmaiici</strong></span> <span class='ocrx_word' id='word_1_352' title='bbox 1218 4058 1256 4116; x_wconf 82' lang='lat' dir='ltr'><strong>iic</strong></span> <span class='ocrx_word' id='word_1_353' title='bbox 1277 4059 1403 4117; x_wconf 90' lang='lat' dir='ltr'><strong>nomine.</strong></span> 
     </span>
    </p>
   </div>
   <div class='ocr_carea' id='block_1_6' title="bbox 114 4157 1407 4958">
    <p class='ocr_par' dir='ltr' id='par_1_7' title="bbox 114 4157 1407 4958">
     <span class='ocr_line' id='line_1_37' title="bbox 115 4157 1404 4235; baseline 0 -18"><span class='ocrx_word' id='word_1_354' title='bbox 115 4161 225 4219; x_wconf 86' lang='lat' dir='ltr'><strong>Partes</strong></span> <span class='ocrx_word' id='word_1_355' title='bbox 247 4157 394 4218; x_wconf 87' lang='lat' dir='ltr'><strong>orationis</strong></span> <span class='ocrx_word' id='word_1_356' title='bbox 415 4165 485 4218; x_wconf 86' lang='lat' dir='ltr'><strong>sunt</strong></span> <span class='ocrx_word' id='word_1_357' title='bbox 507 4168 572 4220; x_wconf 90' lang='lat' dir='ltr'><strong>octo</strong></span> <span class='ocrx_word' id='word_1_358' title='bbox 586 4191 629 4202; x_wconf 84' lang='lat'><em>-</em></span> <span class='ocrx_word' id='word_1_359' title='bbox 643 4165 721 4220; x_wconf 89' lang='lat' dir='ltr'><strong>attat</strong></span> <span class='ocrx_word' id='word_1_360' title='bbox 742 4165 771 4220; x_wconf 87' lang='lat' dir='ltr'><strong>at</strong></span> <span class='ocrx_word' id='word_1_361' title='bbox 792 4159 881 4234; x_wconf 82' lang='lat' dir='ltr'><strong>siqua</strong></span> <span class='ocrx_word' id='word_1_362' title='bbox 901 4166 971 4220; x_wconf 87' lang='lat' dir='ltr'><strong>sunt</strong></span> <span class='ocrx_word' id='word_1_363' title='bbox 991 4161 1112 4219; x_wconf 83' lang='lat' dir='ltr'><strong>similia.</strong></span> <span class='ocrx_word' id='word_1_364' title='bbox 1142 4161 1224 4235; x_wconf 82' lang='lat' dir='ltr'><strong>capt.</strong></span> <span class='ocrx_word' id='word_1_365' title='bbox 1241 4175 1294 4220; x_wconf 85' lang='lat' dir='ltr'><strong>ars</strong></span> <span class='ocrx_word' id='word_1_366' title='bbox 1308 4162 1404 4235; x_wconf 83' lang='lat' dir='ltr'><strong>aspri.</strong></span> 
     </span>
     <span class='ocr_line' id='line_1_38' title="bbox 116 4254 1407 4339; baseline 0.001 -19"><span class='ocrx_word' id='word_1_367' title='bbox 116 4255 230 4320; x_wconf 86' lang='lat' dir='ltr'><strong>Codex</strong></span> <span class='ocrx_word' id='word_1_368' title='bbox 252 4254 472 4339; x_wconf 83' lang='lat' dir='ltr'><strong>Frisingonsis</strong></span> <span class='ocrx_word' id='word_1_369' title='bbox 494 4257 533 4320; x_wconf 87' lang='lat'><strong>81</strong></span> <span class='ocrx_word' id='word_1_370' title='bbox 558 4279 643 4322; x_wconf 88' lang='lat' dir='ltr'><strong>saec.</strong></span> <span class='ocrx_word' id='word_1_371' title='bbox 666 4257 700 4321; x_wconf 89' lang='lat' dir='ltr'>X</span> <span class='ocrx_word' id='word_1_372' title='bbox 722 4257 746 4322; x_wconf 89' lang='lat' dir='ltr'><strong>f.</strong></span> <span class='ocrx_word' id='word_1_373' title='bbox 773 4256 834 4320; x_wconf 91' lang='grc'><strong>114</strong></span> <span class='ocrx_word' id='word_1_374' title='bbox 847 4293 882 4304; x_wconf 95' lang='grc'>-</span> <span class='ocrx_word' id='word_1_375' title='bbox 897 4256 922 4321; x_wconf 87' lang='grc'><strong>1.</strong></span> <span class='ocrx_word' id='word_1_376' title='bbox 947 4257 1031 4321; x_wconf 84' lang='grc'><strong>120*</strong></span> <span class='ocrx_word' id='word_1_377' title='bbox 1053 4264 1144 4338; x_wconf 89' lang='lat' dir='ltr'><strong>incip.</strong></span> <span class='ocrx_word' id='word_1_378' title='bbox 1170 4277 1222 4321; x_wconf 87' lang='lat' dir='ltr'><strong>ars</strong></span> <span class='ocrx_word' id='word_1_379' title='bbox 1244 4263 1349 4337; x_wconf 86' lang='lat' dir='ltr'><strong>aspari</strong></span> <span class='ocrx_word' id='word_1_380' title='bbox 1369 4263 1407 4320; x_wconf 81' lang='lat' dir='ltr'><strong>alc</strong></span> 
     </span>
     <span class='ocr_line' id='line_1_39' title="bbox 114 4362 1404 4439; baseline 0.002 -19"><span class='ocrx_word' id='word_1_381' title='bbox 114 4362 254 4438; x_wconf 79' lang='lat' dir='ltr'><strong>partitus</strong></span> <span class='ocrx_word' id='word_1_382' title='bbox 276 4363 406 4422; x_wconf 87' lang='lat' dir='ltr'><strong>oration.</strong></span> <span class='ocrx_word' id='word_1_383' title='bbox 436 4363 544 4423; x_wconf 86' lang='lat' dir='ltr'><strong>Partes</strong></span> <span class='ocrx_word' id='word_1_384' title='bbox 566 4366 715 4425; x_wconf 87' lang='lat' dir='ltr'><strong>orationis</strong></span> <span class='ocrx_word' id='word_1_385' title='bbox 736 4371 805 4425; x_wconf 90' lang='lat' dir='ltr'><strong>sunt</strong></span> <span class='ocrx_word' id='word_1_386' title='bbox 818 4369 885 4424; x_wconf 89' lang='grc'><strong>0010</strong></span> <span class='ocrx_word' id='word_1_387' title='bbox 898 4395 942 4408; x_wconf 90' lang='lat'><em>-</em></span> <span class='ocrx_word' id='word_1_388' title='bbox 955 4370 1076 4425; x_wconf 85' lang='lat' dir='ltr'><strong>attatei</strong></span> <span class='ocrx_word' id='word_1_389' title='bbox 1089 4366 1177 4439; x_wconf 83' lang='lat' dir='ltr'><strong>siqua</strong></span> <span class='ocrx_word' id='word_1_390' title='bbox 1197 4373 1265 4424; x_wconf 87' lang='lat' dir='ltr'><strong>sunt</strong></span> <span class='ocrx_word' id='word_1_391' title='bbox 1285 4364 1404 4423; x_wconf 89' lang='lat' dir='ltr'><strong>similia.</strong></span> 
     </span>
     <span class='ocr_line' id='line_1_40' title="bbox 115 4459 1407 4547; baseline 0.001 -24"><span class='ocrx_word' id='word_1_392' title='bbox 115 4481 158 4523; x_wconf 86' lang='lat' dir='ltr'><strong>cx</strong></span> <span class='ocrx_word' id='word_1_393' title='bbox 190 4459 252 4524; x_wconf 90' lang='lat' dir='ltr'><strong>hoc</strong></span> <span class='ocrx_word' id='word_1_394' title='bbox 285 4459 469 4547; x_wconf 84' lang='lat' dir='ltr'><strong>descriptus</strong></span> <span class='ocrx_word' id='word_1_395' title='bbox 498 4471 548 4526; x_wconf 90' lang='lat' dir='ltr'><strong>est</strong></span> <span class='ocrx_word' id='word_1_396' title='bbox 573 4461 678 4527; x_wconf 90' lang='lat' dir='ltr'><strong>codex</strong></span> <span class='ocrx_word' id='word_1_397' title='bbox 708 4460 962 4546; x_wconf 86' lang='lat' dir='ltr'><strong>Tegernsecnsis</strong></span> <span class='ocrx_word' id='word_1_398' title='bbox 993 4461 1050 4526; x_wconf 91' lang='lat'><strong>181</strong></span> <span class='ocrx_word' id='word_1_399' title='bbox 1079 4483 1165 4525; x_wconf 89' lang='lat' dir='ltr'><strong>saec.</strong></span> <span class='ocrx_word' id='word_1_400' title='bbox 1194 4461 1257 4525; x_wconf 92' lang='lat' dir='ltr'><strong>XI.</strong></span> <span class='ocrx_word' id='word_1_401' title='bbox 1301 4460 1407 4525; x_wconf 86' lang='lat' dir='ltr'><strong>codex</strong></span> 
     </span>
     <span class='ocr_line' id='line_1_41' title="bbox 116 4557 1407 4651; baseline 0.002 -26"><span class='ocrx_word' id='word_1_402' title='bbox 116 4559 340 4647; x_wconf 63' lang='lat' dir='ltr'><strong>sangallensis</strong></span> <span class='ocrx_word' id='word_1_403' title='bbox 368 4564 430 4628; x_wconf 82' lang='grc'><strong>816</strong></span> <span class='ocrx_word' id='word_1_404' title='bbox 459 4587 543 4629; x_wconf 90' lang='lat' dir='ltr'><strong>saec.</strong></span> <span class='ocrx_word' id='word_1_405' title='bbox 573 4563 625 4628; x_wconf 85' lang='lat' dir='ltr'><strong>IX</strong></span> <span class='ocrx_word' id='word_1_406' title='bbox 652 4587 684 4650; x_wconf 91' lang='lat' dir='ltr'><strong>p.</strong></span> <span class='ocrx_word' id='word_1_407' title='bbox 708 4565 787 4628; x_wconf 88' lang='grc'><strong>3-</strong></span> <span class='ocrx_word' id='word_1_408' title='bbox 803 4587 836 4651; x_wconf 92' lang='lat' dir='ltr'><strong>p.</strong></span> <span class='ocrx_word' id='word_1_409' title='bbox 859 4564 901 4628; x_wconf 79' lang='lat'><strong>29</strong></span> <span class='ocrx_word' id='word_1_410' title='bbox 928 4562 1036 4628; x_wconf 88' lang='lat' dir='ltr'><strong>deleta</strong></span> <span class='ocrx_word' id='word_1_411' title='bbox 1062 4563 1274 4649; x_wconf 91' lang='lat' dir='ltr'><strong>inscriptione</strong></span> <span class='ocrx_word' id='word_1_412' title='bbox 1300 4557 1407 4628; x_wconf 81' lang='lat' dir='ltr'><strong>Partes</strong></span> 
     </span>
     <span class='ocr_line' id='line_1_42' title="bbox 116 4664 1406 4746; baseline 0.001 -17"><span class='ocrx_word' id='word_1_413' title='bbox 116 4672 286 4730; x_wconf 86' lang='lat' dir='ltr'><strong>orationum</strong></span> <span class='ocrx_word' id='word_1_414' title='bbox 322 4677 395 4744; x_wconf 76' lang='lat' dir='ltr'><strong>auor</strong></span> <span class='ocrx_word' id='word_1_415' title='bbox 425 4679 495 4732; x_wconf 90' lang='lat' dir='ltr'><strong>suut</strong></span> <span class='ocrx_word' id='word_1_416' title='bbox 520 4701 563 4713; x_wconf 95' lang='lat'><em>-</em></span> <span class='ocrx_word' id='word_1_417' title='bbox 595 4677 673 4731; x_wconf 88' lang='lat' dir='ltr'><strong>attat</strong></span> <span class='ocrx_word' id='word_1_418' title='bbox 707 4677 736 4730; x_wconf 89' lang='grc'><strong>01</strong></span> <span class='ocrx_word' id='word_1_419' title='bbox 766 4673 854 4746; x_wconf 83' lang='lat' dir='ltr'><strong>siqua</strong></span> <span class='ocrx_word' id='word_1_420' title='bbox 885 4679 954 4731; x_wconf 89' lang='lat' dir='ltr'><strong>sunt</strong></span> <span class='ocrx_word' id='word_1_421' title='bbox 983 4671 1103 4731; x_wconf 88' lang='lat' dir='ltr'><strong>similia.</strong></span> <span class='ocrx_word' id='word_1_422' title='bbox 1155 4664 1198 4729; x_wconf 92' lang='lat' dir='ltr'><strong>ad</strong></span> <span class='ocrx_word' id='word_1_423' title='bbox 1231 4664 1406 4731; x_wconf 89' lang='lat' dir='ltr'><strong>Aemilium</strong></span> 
     </span>
     <span class='ocr_line' id='line_1_43' title="bbox 115 4766 1407 4855; baseline 0.002 -24"><span class='ocrx_word' id='word_1_424' title='bbox 115 4767 259 4853; x_wconf 85' lang='lat' dir='ltr'><strong>Asprum</strong></span> <span class='ocrx_word' id='word_1_425' title='bbox 294 4777 419 4850; x_wconf 86' lang='lat' dir='ltr'><strong>autem,</strong></span> <span class='ocrx_word' id='word_1_426' title='bbox 454 4769 599 4834; x_wconf 84' lang='lat' dir='ltr'><strong>Terentii</strong></span> <span class='ocrx_word' id='word_1_427' title='bbox 621 4766 761 4852; x_wconf 88' lang='lat' dir='ltr'><strong>Vergilii</strong></span> <span class='ocrx_word' id='word_1_428' title='bbox 784 4766 931 4833; x_wconf 83' lang='lat' dir='ltr'><strong>Sallustii</strong></span> <span class='ocrx_word' id='word_1_429' title='bbox 962 4768 1190 4854; x_wconf 81' lang='lat' dir='ltr'><strong>interpretem,</strong></span> <span class='ocrx_word' id='word_1_430' title='bbox 1224 4768 1354 4855; x_wconf 87' lang='lat' dir='ltr'><strong>saepius</strong></span> <span class='ocrx_word' id='word_1_431' title='bbox 1386 4791 1407 4833; x_wconf 89' lang='lat' dir='ltr'><strong>a</strong></span> 
     </span>
     <span class='ocr_line' id='line_1_44' title="bbox 114 4867 1407 4958; baseline 0.002 -24"><span class='ocrx_word' id='word_1_432' title='bbox 114 4869 337 4956; x_wconf 85' lang='lat' dir='ltr'><strong>grammaticis</strong></span> <span class='ocrx_word' id='word_1_433' title='bbox 359 4869 495 4934; x_wconf 85' lang='lat' dir='ltr'><strong>citatum</strong></span> <span class='ocrx_word' id='word_1_434' title='bbox 518 4868 598 4935; x_wconf 92' lang='lat' dir='ltr'><strong>nihil</strong></span> <span class='ocrx_word' id='word_1_435' title='bbox 620 4893 662 4936; x_wconf 88' lang='lat' dir='ltr'><strong>ex</strong></span> <span class='ocrx_word' id='word_1_436' title='bbox 683 4869 744 4937; x_wconf 91' lang='lat' dir='ltr'><strong>hoc</strong></span> <span class='ocrx_word' id='word_1_437' title='bbox 766 4867 851 4936; x_wconf 92' lang='lat' dir='ltr'><strong>libro</strong></span> <span class='ocrx_word' id='word_1_438' title='bbox 872 4869 1028 4957; x_wconf 90' lang='lat' dir='ltr'><strong>pertinet,</strong></span> <span class='ocrx_word' id='word_1_439' title='bbox 1057 4871 1112 4957; x_wconf 91' lang='lat' dir='ltr'><strong>qui</strong></span> <span class='ocrx_word' id='word_1_440' title='bbox 1134 4891 1175 4935; x_wconf 86' lang='lat' dir='ltr'><strong>ea</strong></span> <span class='ocrx_word' id='word_1_441' title='bbox 1195 4880 1319 4955; x_wconf 86' lang='lat' dir='ltr'><strong>aetate,</strong></span> <span class='ocrx_word' id='word_1_442' title='bbox 1342 4893 1407 4958; x_wconf 87' lang='lat' dir='ltr'><strong>qua</strong></span> 
     </span>
    </p>
   </div>
   <div class='ocr_carea' id='block_1_7' title="bbox 0 0 1691 5442">
    <p class='ocr_par' dir='ltr' id='par_1_8' title="bbox 0 0 1691 5442">
     <span class='ocr_line' id='line_1_45' title="bbox 0 0 1691 5442; baseline 0 0"><span class='ocrx_word' id='word_1_443' title='bbox 0 0 1691 5442; x_wconf 95' lang='lat' dir='ltr'><strong> </strong></span> 
     </span>
    </p>
   </div>
  </div>
 </body>
</html>
