3350 5442
607 304 844 368 connunrvn
967 258 969 263 ⁵
1318 306 1379 370 135

1203 428 1224 469 p.
1238 417 1314 457 us-st
1328 416 1351 457 L.

100 515 155 557 nem
176 514 228 555 nec
249 495 395 563 officium,
419 494 477 555 nisi
499 494 559 554 sint
579 494 655 554 istae
676 500 777 574 partes
799 494 944 555 orationis
967 493 1148 575 principales
1171 497 1299 581 iunctae,
1324 516 1377 557 no·

101 617 155 659 nen
175 605 203 657 et
226 595 359 657 verbum.

169 700 238 759 Octo
259 708 361 778 partes
383 698 527 759 orationis
548 695 660 759 babent
682 696 804 768 Graeci,
827 704 895 758 octo
919 699 1007 759 etiam
1029 698 1141 769 Latini,
1166 699 1217 760 sed
1242 699 1298 762 boc
1320 700 1449 777 dil-428,
1464 716 1495 763 14

101 803 182 863 terunt
201 798 256 861 illi:
281 801 389 861 Graeci
410 798 522 861 babent
544 798 718 870 articulum,
748 818 837 880 quem
861 807 1023 879 conpetant
1043 801 1122 861 inter
1144 808 1245 881 partes
1267 804 1376 863 oratio·
1391 780 1448 839 534,
1463 784 1493 831 ¹⁷

81 905 148 971 rain
169 922 220 964 nos
242 921 311 963 eum
335 920 394 963 non
417 909 613 981 conputamus
635 902 714 964 inter
736 910 837 981 partes
861 902 1016 963 orationis.
1054 910 1120 963 octo
1143 902 1255 965 babent
1276 911 1376 984 partes
1451 954 1453 959 .

99 1006 236 1074 orationis,
259 1023 370 1066 nomen
392 1023 559 1084 pronomen
581 1003 705 1066 verbum
728 1002 901 1065 adverbium
924 1005 1113 1083 participium
1137 1008 1375 1067 coniunctionem

98 1108 330 1188 praepositionem
357 1106 525 1169 articulum.
571 1106 623 1167 sed
653 1105 813 1169 articulum
836 1125 892 1167 nos
915 1124 974 1167 non
997 1114 1207 1185 conputamus
1231 1106 1284 1167 sed
1306 1127 1374 1188 par·

89 1220 145 1275 tem
164 1210 346 1289 pronominis
368 1209 533 1278 credimus,
563 1215 595 1269 ut
616 1215 688 1287 puta
711 1208 759 1269 bic
782 1209 909 1285 etquis.
954 1208 1026 1269 dicit
1048 1208 1104 1269 boc
1126 1210 1158 1269 in
1187 1212 1373 1289 pronomine,

98 1312 151 1371 ‘bic
170 1315 282 1373 autem'
307 1310 379 1372 dicit
402 1315 481 1371 ‘non
505 1317 549 1372 est
570 1330 752 1390 prouornen,
776 1310 828 1371 sed
852 1316 896 1370 est
918 1309 1070 1381 articulus,
1094 1310 1143 1372 bic
1158 1313 1273 1373 deneas
1287 1312 1375 1373 buius

70 1414 220 1474 uleneae'.
266 1432 322 1475 nos
350 1413 490 1483 dicimus,
519 1432 579 1473 non
608 1420 653 1473 est
679 1412 833 1481 articulus,
863 1410 915 1473 sod
943 1430 1109 1493 pronomen
1138 1414 1215 1492 quod
1242 1414 1375 1492 iungitur

97 1514 194 1576 articuli
214 1515 323 1576 officio.
355 1534 422 1576 nam
446 1515 504 1576 boc
526 1516 651 1575 interest
672 1515 751 1575 inter
773 1499 941 1595 pronomen
957 1521 987 1575 et
1009 1514 1179 1585 articulum,
1204 1517 1282 1595 quod
1304 1536 1374 1595 pro-

97 1636 187 1677 nomen
212 1618 308 1679 solum
337 1618 465 1697 ponitur.
511 1626 581 1697 puta
608 1616 657 1676 bic
683 1617 771 1677 buius
799 1616 887 1687 buic,
917 1617 1015 1689 modo,
1033 1636 1201 1697 pronomen
1230 1626 1291 1687 cst;
1326 1618 1374 1679 bic

96 1721 191 1779 teneas
217 1718 304 1781 buius
332 1722 463 1790 Aeneae,
493 1719 581 1779 modo
604 1736 664 1779 non
688 1725 733 1780 est
753 1737 936 1799 pronomen,
961 1718 1014 1781 sed
1038 1726 1082 1779 est
1104 1719 1256 1781 articulus.
1301 1738 1374 1799 ergo

97 1840 152 1882 ecce
172 1820 261 1882 babes
289 1840 377 1882 unam
405 1828 521 1901 partem
550 1822 706 1892 orationis,
730 1840 818 1901 quam
841 1822 948 1884 Graeci
970 1828 1147 1901 conputant,
1171 1839 1226 1882 rros
1250 1820 1373 1901 [articu-

71 1922 157 2004 ulum]
178 1942 235 1983 non
256 1932 469 2003 conputamus,
493 1922 545 1984 sed
568 1925 599 1982 in
622 1922 852 2002 pronominibus
873 1924 1021 2002 ponimus.
1059 1924 1130 1984 item
1153 1942 1207 1984 nos
1229 1922 1374 1985 babemus

97 2045 168 2085 rrnam
193 2033 306 2105 partem
335 2025 493 2094 orationis,
523 2044 611 2104 quam
640 2026 746 2085 Gracci
775 2030 841 2085 non'
865 2032 1040 2105 conputant,
1072 2033 1104 2085 ut
1126 2032 1170 2085 est
1191 2027 1370 2088 interiectio.

95 2128 155 2188 bens
179 2130 202 2187 si
229 2126 311 2189 dicas
334 2128 454 2198 Latino,
484 2126 556 2187 dicit
583 2127 636 2188 tibi
664 2123 859 2210 ‘interliectio
889 2129 966 2195 est’;
996 2127 1113 2189 Graeco
1133 2129 1158 2189 si
1181 2128 1277 2196 dicas,
1301 2128 1374 2189 dicit

96 2231 137 2290 tibi
161 2229 347 2290 ‘adverbium
375 2234 448 2290 est’.
494 2248 562 2290 nam
591 2229 671 2309 quod
700 2248 755 2289 nos
781 2230 1020 2290 interiectionem
1049 2228 1206 2302 babemus,
1240 2229 1371 2291 illinon
1437 2278 1440 2285 .

96 2332 188 2392 habent
207 2333 460 2401 interiectionem,
485 2331 537 2392 sed
560 2332 591 2391 in
614 2330 755 2391 adverbio
778 2339 950 2410 conputant.
989 2350 1059 2410 ergo
1084 2330 1177 2403 vides,
1202 2310 1260 2412 qvio
1283 2333 1371 2393 modo

65 2434 194 2495 elocutus
213 2437 259 2495 'est
280 2435 335 2494 iste
358 2434 409 2511 qui
431 2435 552 2512 scripsit
573 2441 676 2494 artem.
715 2450 775 2492 non
798 2433 872 2494 dixit
893 2438 943 2493 aut
964 2432 1084 2494 Latinos
1108 2451 1168 2493 non
1190 2432 1302 2494 habere
1324 2453 1371 2495 ar-

95 2535 183 2596 ticulos
208 2544 259 2596 aut
281 2536 411 2596 Graecos
439 2554 499 2595 non
522 2534 633 2595 babere
652 2536 910 2605 interiectionem,
942 2554 1015 2605 non,
1039 2534 1174 2597 sednon
1198 2542 1369 2615 conputare.

94 2640 126 2697 ita
144 2639 216 2698 enim
239 2637 314 2698 dixit
335 2638 452 2698 ‘Latini
474 2634 614 2698 articulos
630 2654 690 2697 non
706 2637 933 2705 adnumerant’,
958 2656 1017 2697 non
1042 2637 1116 2697 dixit
1138 2641 1215 2698 ‘non
1231 2635 1369 2699 babent'.

93 2758 149 2799 nam
169 2748 197 2800 et
214 2738 261 2799 illi
282 2741 448 2817 iunguntur
471 2739 568 2800 ollicio
590 2739 807 2800 interiectionis
828 2739 859 2799 in
883 2737 1033 2799 adverbio·
1051 2746 1080 2800 et
1102 2757 1156 2801 nos
1179 2740 1277 2801 officio
1300 2742 1370 2801 arti·

92 2841 139 2900 culi
159 2844 188 2901 in
210 2843 397 2921 pronomine.

62 2954 82 2991 ’ὁ
163 2943 242 3004 blulti
270 2944 374 3004 dicunt
401 2942 475 3004 duas
506 2950 616 3023 partes
636 2961 700 3004 esse
729 2944 886 3013 orationis,
922 2962 1030 3004 nomen
1051 2951 1090 3005 ‚et
1118 2942 1255 3016 verbum,
1286 2943 1486 3023 multimarr

92 3047 221 3125 quinque,
242 3054 276 3105 nt
298 3044 400 3106 dicunt
415 3045 521 3115 Stoici,
544 3044 629 3106 multi
644 3053 726 3116 octo,
751 3054 784 3106 ut
799 3045 903 3106 dicunt
925 3047 1123 3125 grammatici,
1147 3044 1232 3107 nrulti
1254 3064 1370 3119 novem,

28 3225 29 3232 ἵ
91 3146 163 3206 multi
183 3146 300 3218 decem,
324 3147 408 3208 multi
431 3148 578 3207 undecim.
617 3146 669 3209 sed
692 3149 769 3208 scire
798 3146 912 3209 debetis
939 3147 1018 3225 quod
1040 3150 1080 3207 ita
1103 3147 1273 3209 dividuntur
1294 3150 1370 3209 istae

89 3258 183 3328 partes.
213 3268 270 3330 quo
294 3249 383 3310 modo
406 3248 594 3310 dividuntur?
617 3250 671 3310 ita:
695 3258 757 3310 tres
779 3257 850 3310 sunt
871 3256 972 3329 partes
994 3252 1136 3312 orationis
1158 3268 1233 3330 quae
1256 3250 1372 3312 casibus

28 3367 29 3370 ’
90 3352 221 3421 serviunt,
250 3370 308 3413 nna
331 3371 406 3432 quae
428 3349 615 3431 temporibus
637 3354 741 3424 servit,
771 3359 911 3432 quattuor
934 3370 1009 3432 quae
1031 3354 1153 3413 omnino
1176 3370 1231 3413 nec
1254 3360 1367 3433 tempo·

62 3451 162 3512 oritus
183 3472 235 3514 nec
258 3455 375 3515 casibus
396 3456 536 3515 serviunt.
581 3461 643 3515 tres
665 3453 783 3515 casibus
805 3455 939 3515 serviunt
960 3456 1047 3525 istae,
1072 3472 1181 3515 nomen
1203 3473 1370 3534 pronomen

88 3558 277 3636 participium:
317 3574 384 3618 narn
408 3563 438 3616 et
459 3574 569 3616 nomen
591 3555 681 3617 babet
703 3575 817 3624 casum,
843 3555 891 3617 bie
914 3558 1027 3617 deneas
1049 3556 1139 3617 buius
1161 3557 1278 3617 Aeneae
1300 3557 1369 3618 huic

89 3661 205 3729 ¹laneae,
229 3666 258 3719 et
279 3676 460 3739 pronomen,
484 3659 532 3719 hie
547 3658 635 3719 buius
649 3659 734 3728 buic,
758 3667 788 3719 et
808 3660 998 3738 participium
1020 3676 1122 3719 amans
1144 3661 1284 3721 amantis:
1307 3666 1369 3720 tres

89 3762 153 3820 istae
178 3759 294 3821 casibus
322 3761 464 3821 serviunt.
502 3760 688 3840 temporibus
717 3779 775 3821 una
802 3762 906 3832 servit,
936 3759 1073 3831 verbum,
1103 3758 1169 3840 lego
1192 3762 1265 3839 legis
1287 3760 1367 3838 legit.

89 3862 208 3941 reliquae
234 3881 339 3922 ornnes
366 3880 426 3923 non
454 3864 586 3923 serviunt
608 3881 664 3923 nec
687 3862 804 3923 casibus
831 3882 888 3924 nec
910 3862 1110 3943 temporibus,
1140 3870 1171 3923 ut
1193 3872 1263 3925 sunt
1284 3864 1366 3933 istae,

65 3964 247 4026 tadverbium
271 3966 441 4025 coniunctio
463 3965 642 4045 praepositio
664 3966 842 4026 interiectio.
872 3962 992 4045 idicirco
1008 3983 1068 4025 non
1085 3984 1139 4025 nos
1154 3963 1243 4025 debet
1264 3963 1367 4025 lallere

89 4066 126 4127 illa
147 4067 287 4137 elocutio,
318 4064 406 4146 [iam]
431 4074 460 4127 et
481 4068 539 4126 iam
563 4068 680 4146 saepius
708 4066 766 4128 boc
792 4069 997 4130 tractavimus:
1027 4067 1203 4147 plerumque
1225 4065 1368 4142 contingit

90 4179 114 4229 ut
131 4169 298 4230 nominibus
320 4176 437 4229 utamur
457 4187 514 4248 pro
536 4168 684 4229 adverbiis
707 4171 865 4231 etiterum
888 4169 1034 4231 adverbiis
1056 4178 1172 4231 utamur
1193 4186 1248 4247 pro
1272 4168 1366 4228 nomi·

89 4271 169 4332 nibus.
216 4270 386 4332 nominibus
407 4273 519 4332 utimur
540 4288 597 4349 pro
620 4270 783 4341 adverbiis,
806 4272 830 4331 si
853 4270 935 4332 dicas
956 4272 1116 4347 ‘torvum
1141 4268 1288 4331 clamat'
1311 4288 1366 4349 pro

142 4478 159 4527 n
177 4475 220 4525 bic
235 4484 319 4525 autem
337 4476 400 4542 dicit
418 4490 467 4525 non
483 4474 509 4524 B
516 4476 558 4525 Oa
578 4475 620 4525 bic
638 4485 722 4525 autern
743 4490 793 4525 non
812 4476 852 4527 A:
869 4478 904 4539 es.
921 4477 993 4529 Sero.
1011 4476 1037 4525 in
1051 4475 1117 4527 Dora.
1133 4490 1161 4538 p.
1181 4472 1242 4535 430,
1263 4471 1297 4523 23

90 4544 114 4594 ld
129 4546 242 4612 tangitur
256 4546 359 4596 articuli
377 4544 463 4595 omero
477 4546 502 4595 A
522 4544 643 4612 iungatur
660 4546 745 4596 oilloio
764 4545 861 4595 articuli
879 4546 955 4597 Bou
1022 4546 1054 4595 14
1072 4560 1119 4595 nos
1136 4544 1302 4608 -ponimns
1318 4559 1364 4598 om.

89 4616 219 4670 deddc
306 4619 340 4667 25
360 4617 562 4679 multiquinque
580 4617 741 4667 Baomulti
760 4617 975 4680 dicuntqninqne
994 4617 1045 4667 Ac
1124 4614 1158 4667 26
1174 4613 1246 4663 multi
1264 4622 1321 4663 octo
1340 4624 1366 4663 nt

89 4687 160 4735 dieunt
176 4687 338 4752 grammatici
357 4702 403 4740 om,
422 4687 454 4748 A,
467 4686 529 4740 add,
549 4703 566 4735 a
636 4688 785 4737 arneberto
804 4686 861 4735 AB
867 4688 888 4737 G
903 4686 1024 4737 debemus
1042 4704 1059 4736 a
1127 4684 1161 4737 33
1176 4685 1291 4749 fortasse
1309 4684 1365 4750 lego

89 4755 128 4819 legi
143 4758 227 4822 legam
297 4756 331 4807 35
351 4758 494 4807 coniunctio
519 4757 674 4822 praepositio
694 4758 718 4805 Α
742 4756 896 4822 praepositio
922 4757 1064 4807 coniunctio
1082 4756 1156 4806 Bca
1226 4768 1273 4807 nos
1291 4754 1366 4805 debet

91 4825 150 4875 rac
165 4827 241 4877 nobis
260 4827 334 4877 debet
355 4826 396 4878 Gb
465 4827 499 4878 38
517 4824 627 4893 torvum]
652 4830 731 4892 Verp.
748 4826 813 4877 Aen.
833 4828 879 4876 Vll
897 4824 948 4877 399
