3350 5442
334 376 398 442 510
879 373 1079 437 AVGVSTINI

360 499 382 540 p.
397 485 499 527 runo-er
512 479 535 523 r.

334 567 481 646 perlecto,
511 563 563 625 ubi
591 565 792 641 significamus
822 583 881 624 non
908 565 1003 624 solum
1031 582 1085 623 nos
1111 562 1224 644 aliquid
1252 564 1436 643 perfecisse,
1464 563 1592 624 sedetiam

334 651 458 720 dullum,
483 658 512 710 et
534 645 670 732 dilcimus
692 650 889 711 clamaveram
911 667 965 727 ego
987 648 1168 709 clarnaveras
1190 657 1222 710 tu
1244 649 1429 709 clamaverat
1451 647 1497 707 ille
1517 649 1592 709 claua

334 755 469 798 veranius
497 754 551 796 nos
580 735 785 796 clamaveratis
812 754 863 795 vos
890 733 1088 796 clamaverant
1115 735 1174 804 illi;
1204 741 1338 816 tempore
1368 735 1473 794 lutnro
1493 733 1594 794 clamne·

335 841 389 901 ego
412 820 555 882 clamabis
582 829 615 882 tu
644 821 783 884 clamabit
809 819 859 882 ille
887 818 1080 881 clamabimus
1107 837 1161 880 nos
1188 818 1354 880 clamabitis
1385 837 1439 878 vos
1461 818 1594 879 clamabunt
1620 796 1622 899 l

334 909 389 970 illi.
421 907 574 986 hucusque
590 909 627 968 de
641 907 728 968 modo
748 907 925 967 indicativo:
954 910 1048 966 totum
1063 905 1118 965 hoc
1132 905 1211 985 qnod
1233 905 1363 965 diximus
1387 904 1542 964 indicantis
1559 915 1623 981 istst

335 1013 413 1054 nunc
436 993 472 1053 de
495 991 581 1053 rnodo
604 993 786 1070 imperativo.
823 989 890 1050 ideo
918 997 1016 1050 autem
1044 989 1154 1052 dicitur
1183 991 1394 1069 imperativus,
1426 991 1498 1069 quia
1521 1009 1595 1050 sonno
1622 990 1623 1009 ³

335 1078 425 1139 habet
447 1077 624 1156 imperandi.
656 1076 707 1137 sed
724 1077 780 1164 iste
796 1075 900 1136 modus
914 1093 975 1136 uon
989 1074 1079 1135 hahet
1100 1077 1226 1155 primam
1247 1094 1426 1154 personam,
1450 1077 1518 1154 quia
1536 1093 1596 1135 uem
1623 1048 1624 1109 l

335 1163 394 1226 sibi
417 1165 557 1241 imperat,
581 1161 632 1222 sed
656 1161 691 1222 ad
714 1160 875 1222 secundam
895 1179 1054 1240 personam
1076 1160 1208 1241 loquitur
1228 1168 1258 1220 et
1281 1160 1317 1220 ad
1337 1162 1481 1222 tertiam:
1503 1179 1596 1220 onum
1624 1176 1625 1213 l

335 1247 478 1325 singulari
507 1246 544 1307 ad
572 1245 732 1308 secundam
759 1248 865 1317 clama,
895 1245 932 1307 ad
959 1246 1078 1306 tertiam
1106 1245 1225 1316 clamet,
1257 1246 1297 1324 pl.
1321 1245 1357 1333 ael
1381 1245 1541 1306 secundam
1558 1245 1596 1305 cla·
1625 1302 1626 1317 ,

336 1341 429 1401 mate,
452 1332 489 1394 ad
511 1334 631 1394 tertiam
654 1332 797 1402 clament;
820 1333 921 1392 luturo
942 1325 1076 1410 tempore
1098 1331 1135 1391 ad
1157 1330 1316 1392 secundam
1339 1331 1486 1398 clamato,
1508 1332 1541 1390 ad
1557 1340 1617 1391 ter-1.

337 1421 407 1478 tiam
430 1417 569 1478 similiter
591 1417 725 1478 clamato.
756 1417 807 1478 sed
830 1435 922 1496 quare
945 1415 1085 1477 similiter
1106 1417 1177 1478 lacit
1199 1418 1230 1476 in
1252 1416 1384 1477 secunda
1407 1424 1441 1476 et
1463 1418 1552 1483 tertia,
1569 1426 1598 1474 ol

335 1504 428 1573 ratio;
452 1502 504 1563 sod
525 1519 604 1562 nunc
625 1501 888 1582 praetermittenda
911 1509 971 1571 est,
994 1520 1032 1562 ne
1048 1501 1085 1561 ad
1100 1501 1188 1563 aliam
1210 1519 1274 1561 rem
1297 1509 1498 1562 transeamus.
1523 1501 1599 1560 redea-

336 1607 401 1648 mus
423 1587 457 1648 ad
482 1586 642 1665 pluralem:
667 1587 702 1648 avl
725 1588 885 1648 secundam
906 1587 1076 1656 clamatote,
1101 1586 1136 1647 ad
1159 1590 1277 1648 tertiam
1300 1587 1462 1647 clamanto.
1493 1603 1562 1645 nunc
1576 1586 1599 1642 vl

336 1672 422 1733 morlo
445 1674 584 1751 optativo.
629 1673 672 1732 sic
700 1681 798 1734 autem
826 1673 968 1742 dicimus,
996 1673 1065 1750 quia
1093 1673 1222 1751 optantis
1248 1672 1336 1732 modo
1357 1670 1509 1752 loquitur,
1530 1673 1599 1750 prinu

336 1775 462 1836 persona
488 1764 621 1836 ternpore
648 1759 799 1837 praesenti
827 1759 940 1819 utinam
968 1757 1142 1827 clamarem,
1170 1757 1299 1818 secunda
1327 1759 1446 1818 utinam
1473 1757 1621 1817 clamares.-.,

337 1843 372 1902 avl
402 1843 520 1903 tertiam
550 1844 662 1902 utinam
690 1843 844 1913 clamaret,
872 1842 912 1922 pl.
941 1841 978 1902 ad
1005 1844 1131 1922 primam
1158 1860 1316 1922 personam
1344 1845 1464 1903 utinam
1486 1843 1601 1903 clamara-

338 1945 415 1996 mus,
450 1926 486 1987 ad
520 1927 679 1988 secundam
711 1930 825 1989 utinam
857 1927 1043 1997 clamaretis,
1078 1927 1115 1988 ad
1147 1930 1266 1988 tertiam
1296 1929 1413 1987 utinam
1449 1926 1602 1987 clamarent:

336 2013 499 2092 praeterito
521 2019 655 2091 tempore
678 2013 714 2074 ad
743 2015 868 2093 primam
896 2031 1054 2092 personam
1077 2013 1188 2073 utinam
1217 2013 1390 2073 clamassem
1419 2031 1494 2090 ego,
1522 2013 1554 2072 ad
1571 2030 1603 2069 sr-

336 2097 463 2158 cunvlam
491 2099 602 2158 utinam
632 2098 789 2159 clamasses
816 2104 863 2167 tu,
893 2097 930 2158 ad
951 2096 1072 2158 tertiam
1094 2099 1206 2158 utinam
1229 2097 1385 2158 clamasset
1408 2097 1478 2167 ille,
1505 2097 1542 2176 pl.
1562 2099 1603 2156 uti·

337 2201 404 2244 narn
432 2182 641 2244 clamassemus
669 2202 739 2253 nos,
772 2186 887 2244 utinam
913 2182 1097 2243 clamassetis
1125 2201 1191 2252 vos,
1220 2184 1333 2243 utinam
1360 2183 1539 2244 clamassent
1562 2181 1622 2240 illiz:

335 2269 436 2329 loturo
464 2275 598 2347 tempore
626 2269 722 2347 prima
750 2285 878 2347 persona
911 2269 1026 2329 utinam
1053 2268 1177 2328 clamem
1204 2285 1274 2344 ego,
1303 2270 1418 2328 utinam
1447 2269 1553 2328 clames
1575 2275 1604 2329 tu,

336 2355 449 2414 utinam
478 2352 585 2414 clamet
611 2353 676 2422 ille,
706 2355 818 2414 utinam
847 2352 1008 2413 clamemus
1036 2352 1169 2414 clametis
1196 2352 1333 2413 clament.
1378 2371 1460 2414 nunc
1483 2354 1518 2413 de
1539 2351 1606 2412 molo

337 2436 537 2499 subiunctivo.
561 2439 628 2499 ideo
652 2446 750 2500 autem
772 2439 816 2499 sic
838 2438 965 2507 dicitur,
985 2440 1054 2518 quia
1078 2446 1145 2514 eget
1168 2438 1265 2517 aliqua
1287 2457 1335 2508 re,
1359 2446 1393 2498 ut
1416 2439 1537 2518 impleat
1555 2456 1606 2498 sen·

337 2524 460 2585 tentiam
487 2541 585 2593 suam,
614 2530 647 2584 ut
674 2530 745 2602 puta
773 2541 841 2583 curn
869 2524 992 2585 clamem
1020 2522 1130 2583 clames
1158 2522 1278 2592 clamet,
1307 2523 1418 2602 pendet
1445 2523 1498 2583 hie
1523 2539 1607 2582 sensu¹

337 2607 508 2687 indigetque
532 2608 629 2688 aliqua
651 2627 700 2677 re,
722 2616 756 2669 ut
778 2610 926 2670 sententia
941 2607 1138 2688 compleatur,
1161 2615 1194 2668 ut
1215 2609 1242 2668 si
1264 2607 1360 2668 dicam
1383 2607 1472 2669 ‘cum
1493 2609 1629 2669 elarneu‚.·

337 2711 429 2774 quare
457 2712 505 2753 mc
533 2701 634 2754 tacere
663 2693 785 2753 dicisl'.
815 2693 883 2754 ideo
906 2711 977 2770 ergo
1000 2695 1206 2754 coniunctims
1227 2692 1331 2753 modus
1354 2693 1452 2754 dictus
1475 2702 1534 2763 est,
1554 2694 1607 2770 quia

338 2781 366 2839 ei
390 2779 581 2855 coniungitur
605 2778 730 2859 aliquid,
754 2785 787 2839 ut
810 2780 957 2840 sententia
979 2777 1138 2839 locutionis
1160 2778 1248 2857 plena
1270 2780 1318 2839 sit.
1347 2796 1418 2856 crgo
1442 2778 1609 2839 declinent>

338 2864 417 2924 hunc
440 2863 574 2932 modom,
598 2871 632 2924 ut
654 2865 833 2942 superiores.
879 2863 1045 2925 declinatur
1068 2869 1167 2924 autem
1189 2882 1244 2942 per
1266 2880 1407 2942 personas
1429 2871 1508 2932 tres,
1530 2865 1608 2943 prima

338 2944 343 3030 Ι
366 2966 494 3028 persona
516 2951 684 3028 praesentis
706 2951 850 3028 temporis
878 2967 945 3009 cum
974 2949 1115 3027 clamem,
1144 2947 1273 3009 secunda
1301 2967 1368 3009 curn
1390 2949 1516 3018 clames,
1538 2947 1608 3008 tertia

337 3052 405 3094 cuvn
433 3033 553 3104 clamet,
584 3033 622 3113 pl.
652 3034 746 3113 prima
774 3052 902 3114 persona
931 3052 998 3094 curn
1025 3033 1199 3103 clamemus,
1228 3033 1358 3095 secunda
1384 3053 1453 3094 cnm
1482 3034 1632 3095 clanvetis..‹=

337 3119 426 3179 tertia
455 3136 522 3178 eum
551 3118 693 3189 clament;
722 3121 886 3197 praeterito
913 3126 1046 3198 tempore
1075 3120 1243 3197 inperfecto
1268 3121 1365 3198 prima
1397 3138 1527 3198 persona
1556 3135 1609 3176 criu

337 3203 511 3272 clamarem,
535 3203 664 3264 secunda
687 3223 753 3264 cum
770 3204 926 3274 clamares,
950 3207 1039 3265 tertia
1054 3223 1121 3264 cum
1139 3204 1293 3274 clamaret,
1317 3203 1356 3283 pl.
1380 3207 1478 3284 prima
1500 3219 1609 3285 persona

338 3306 405 3348 cum
427 3287 635 3358 clamaremus,
660 3287 795 3350 secunda'
811 3307 878 3349 oum
899 3289 1080 3359 clamaretis,
1104 3291 1193 3350 tertia
1209 3307 1275 3349 curn
1291 3289 1469 3360 clamarent;
1495 3299 1609 3367 ternpore

337 3375 500 3454 praeterito
527 3375 660 3453 perlecto
689 3392 755 3434 curn
784 3374 972 3435 clamaverim
1001 3375 1175 3435 clamaveris
1204 3374 1375 3436 clamaverit
1402 3375 1611 3436 clamaverimus

337 3460 536 3520 clamaveritis
565 3459 771 3530 clamaverint;
801 3467 933 3539 tempore
962 3462 1124 3538 praeterito
1153 3459 1444 3540 plusquamperfecto
1472 3479 1539 3521 cum
1564 3459 1632 3517 ela-s

337 3561 462 3606 massem
487 3545 644 3606 clamasses
667 3546 822 3606 clamasset
845 3544 1052 3606 clamassemus
1075 3545 1256 3606 clamassetis
1278 3545 1469 3614 clamassent:
1493 3554 1610 3622 tempore

337 3631 438 3691 luturo
466 3647 535 3689 cum
562 3629 726 3690 clamavero
758 3630 931 3690 clamaveris
964 3631 1136 3690 clamaverit
1168 3630 1394 3691 clamaverimus
1426 3630 1609 3693 clamaveritis

338 3715 541 3775 clamaverint.
586 3732 665 3775 nunc
688 3716 724 3774 de
749 3715 836 3775 modo
859 3717 991 3785 infinito,
1015 3716 1067 3794 qui
1089 3715 1156 3775 ideo
1177 3716 1312 3776 infinitus
1335 3716 1461 3784 dicitur,
1485 3718 1552 3795 quia
1571 3730 1609 3773 su·

337 3802 473 3879 periuros
496 3799 641 3861 definiunt
663 3819 805 3879 personas
828 3803 957 3880 primam
980 3799 1140 3861 secundam
1162 3808 1191 3860 et
1213 3804 1348 3870 tertiam;
1371 3801 1420 3861 liic
1442 3809 1540 3861 autem
1561 3816 1608 3857 mo-

337 3885 392 3946 dus
415 3886 479 3946 sine
502 3887 639 3964 personis
662 3893 706 3946 est
729 3894 758 3946 et
780 3885 871 3946 habet
892 3885 987 3946 solum
1008 3892 1126 3964 tempus
1148 3886 1352 3965 praefinitum,
1375 3904 1519 3966 praesens
1539 3899 1634 3963 praev

335 3971 460 4032 teritum
483 3978 512 4030 et
534 3971 683 4040 loturum,
707 3978 739 4032 ut
760 3979 831 4050 puta
854 3971 981 4032 clamare
1003 3988 1147 4050 praesens
1168 3977 1227 4040 est,
1257 3971 1399 4032 clamasse
1421 3972 1608 4049 praeteritum,

338 4057 494 4117 clamatum
521 4055 566 4116 ire
594 4057 737 4116 luturum.
782 4074 852 4116 ecce
880 4057 962 4117 vides
990 4055 1147 4133 designare
1170 4063 1284 4116 tantum
1306 4065 1453 4135 tempora,
1477 4075 1534 4117 non
1554 4070 1609 4133 per-

339 4159 440 4202 sonas:
465 4141 592 4201 clamare
616 4143 695 4201 enim
718 4149 747 4201 et
770 4141 911 4203 clamasse
933 4150 963 4202 ot
984 4141 1143 4202 clamatum
1164 4143 1226 4212 ire,
1250 4144 1382 4202 nescitur
1404 4159 1543 4220 persona,
1564 4137 1610 4197 nisi

339 4227 411 4287 velis
439 4227 564 4303 iungere
592 4233 621 4285 et
649 4225 748 4286 dicere
778 4226 921 4288 ‘clamare
948 4225 1038 4286 dehet
1065 4226 1150 4296 ille';
1180 4233 1249 4287 tunc
1271 4229 1357 4306 qnasi
1378 4227 1411 4287 fit
1431 4227 1553 4286 finitum.
1589 4221 1608 4280 si

339 4319 436 4372 autem
453 4328 512 4370 non
529 4310 689 4389 subiungas
712 4311 761 4372 illc
786 4311 831 4372 vel
852 4313 915 4391 ipse
931 4311 977 4370 vel
993 4313 1058 4380 iste,
1081 4313 1128 4381 lit,
1151 4317 1186 4370 ut
1208 4312 1332 4382 dicitur,
1356 4312 1491 4372 infinitus
1504 4308 1634 4370 movlus:o

339 4415 407 4457 nam
430 4401 460 4456 et
481 4413 606 4456 numero
629 4396 773 4474 singulari
795 4397 841 4458 vel
862 4397 970 4476 plurali
993 4397 1126 4457 infinitus
1141 4403 1197 4456 est.
1221 4416 1288 4457 cum
1310 4398 1389 4458 enim
1411 4396 1478 4457 dico
1499 4396 1607 4456 clamare

341 4481 498 4552 clamasse,
522 4500 578 4542 nec
601 4483 718 4543 finitum
741 4489 800 4552 est,
825 4491 924 4543 utrum
946 4481 983 4541 de
998 4500 1057 4542 uno
1072 4501 1109 4542 an
1132 4481 1168 4542 de
1191 4482 1307 4543 duobus
1328 4482 1435 4543 dicam.
1465 4482 1514 4542 isti
1528 4486 1609 4540 auten

413 4718 425 4767 1
447 4717 527 4768 solnm
546 4733 592 4771 orn.
614 4719 637 4767 F
700 4719 764 4769 bele
777 4735 822 4773 om.
844 4719 887 4774 re
958 4719 990 4769 12
1008 4733 1038 4767 uo
1057 4719 1089 4768 ed
1103 4717 1181 4769 oliam
1200 4719 1236 4782 (et
1253 4733 1284 4767 ne
1303 4718 1334 4768 ad
1351 4717 1400 4767 alia
1421 4718 1451 4783 ς)
1470 4723 1609 4766 transeamus

341 4786 473 4836 redeamus
492 4789 525 4838 ed
544 4803 596 4836 rem
613 4789 735 4852 pluralem
755 4791 801 4845 re
873 4787 904 4839 13
921 4785 1056 4854 clamanro]
1074 4788 1207 4839 clamatote
1224 4788 1249 4837 F
1316 4788 1350 4838 25
1363 4802 1393 4836 ac
1410 4788 1434 4856 si
1450 4786 1533 4837 dicem
1549 4781 1609 4841 5¹1it

321 4855 362 4906 'si
379 4855 484 4906 dicatF
552 4857 585 4908 27
604 4855 637 4924 el]
659 4866 683 4908 et
701 4859 725 4908 F
791 4859 825 4909 47
842 4855 937 4926 nutem]
958 4871 1051 4925 argos
