<?xml version="1.0" encoding="UTF-8"?>
<!DOCTYPE html PUBLIC "-//W3C//DTD XHTML 1.0 Transitional//EN"
    "http://www.w3.org/TR/xhtml1/DTD/xhtml1-transitional.dtd">
<html xmlns="http://www.w3.org/1999/xhtml" xml:lang="en" lang="en">
 <head>
  <title>
</title>
<meta http-equiv="Content-Type" content="text/html;charset=utf-8" />
  <meta name='ocr-system' content='tesseract 3.04.00' />
  <meta name='ocr-capabilities' content='ocr_page ocr_carea ocr_par ocr_line ocrx_word'/>
</head>
<body>
  <div class='ocr_page' id='page_1' title='image "./grammaticilatin02hagagoog_0264.png"; bbox 0 0 3350 5442; ppageno 0'>
   <div class='ocr_carea' id='block_1_1' title="bbox 605 373 1374 540">
    <p class='ocr_par' dir='ltr' id='par_1_1' title="bbox 605 373 1374 540">
     <span class='ocr_line' id='line_1_1' title="bbox 605 373 1374 441; baseline 0 -1"><span class='ocrx_word' id='word_1_1' title='bbox 605 375 842 440; x_wconf 73' lang='lat' dir='ltr'><strong>communivit</strong></span> <span class='ocrx_word' id='word_1_2' title='bbox 1309 373 1374 441; x_wconf 76' lang='lat'><strong>255</strong></span> 
     </span>
     <span class='ocr_line' id='line_1_2' title="bbox 1189 485 1348 540; baseline -0.025 -12"><span class='ocrx_word' id='word_1_3' title='bbox 1189 499 1210 540; x_wconf 77' lang='lat' dir='ltr'><strong>p.</strong></span> <span class='ocrx_word' id='word_1_4' title='bbox 1223 487 1313 528; x_wconf 79' lang='lat' dir='ltr'><strong>ass-os</strong></span> <span class='ocrx_word' id='word_1_5' title='bbox 1326 485 1348 524; x_wconf 73' lang='lat' dir='ltr'><strong>t„</strong></span> 
     </span>
    </p>
   </div>
   <div class='ocr_carea' id='block_1_2' title="bbox 1 563 1491 4218">
    <p class='ocr_par' dir='ltr' id='par_1_2' title="bbox 1 563 1491 4218">
     <span class='ocr_line' id='line_1_3' title="bbox 81 563 1373 645; baseline -0.002 -19"><span class='ocrx_word' id='word_1_6' title='bbox 81 568 155 626; x_wconf 90' lang='lat' dir='ltr'><strong>inter</strong></span> <span class='ocrx_word' id='word_1_7' title='bbox 184 571 305 624; x_wconf 90' lang='lat' dir='ltr'><strong>centum</strong></span> <span class='ocrx_word' id='word_1_8' title='bbox 334 563 398 624; x_wconf 93' lang='lat' dir='ltr'><strong>illas</strong></span> <span class='ocrx_word' id='word_1_9' title='bbox 427 565 574 634; x_wconf 90' lang='lat' dir='ltr'><strong>civitates,</strong></span> <span class='ocrx_word' id='word_1_10' title='bbox 605 581 677 642; x_wconf 90' lang='lat' dir='ltr'><strong>quas</strong></span> <span class='ocrx_word' id='word_1_11' title='bbox 703 564 845 644; x_wconf 80' lang='lat' dir='ltr'><strong>legimus,</strong></span> <span class='ocrx_word' id='word_1_12' title='bbox 876 567 969 628; x_wconf 91' lang='lat' dir='ltr'><strong>luisse</strong></span> <span class='ocrx_word' id='word_1_13' title='bbox 998 583 1087 627; x_wconf 91' lang='lat' dir='ltr'><strong>unam</strong></span> <span class='ocrx_word' id='word_1_14' title='bbox 1112 568 1273 636; x_wconf 88' lang='lat' dir='ltr'><strong>civitatem,</strong></span> <span class='ocrx_word' id='word_1_15' title='bbox 1297 584 1373 645; x_wconf 86' lang='lat' dir='ltr'><strong>quae</strong></span> 
     </span>
     <span class='ocr_line' id='line_1_4' title="bbox 81 665 1374 745; baseline 0 -19"><span class='ocrx_word' id='word_1_16' title='bbox 81 666 134 726; x_wconf 88' lang='lat' dir='ltr'><strong>boo</strong></span> <span class='ocrx_word' id='word_1_17' title='bbox 158 668 278 726; x_wconf 92' lang='lat' dir='ltr'><strong>nomine</strong></span> <span class='ocrx_word' id='word_1_18' title='bbox 300 665 480 745; x_wconf 85' lang='lat' dir='ltr'><strong>appellatur.</strong></span> <span class='ocrx_word' id='word_1_19' title='bbox 504 668 600 729; x_wconf 79' lang='lat' dir='ltr'><strong>Creta.</strong></span> <span class='ocrx_word' id='word_1_20' title='bbox 632 667 738 727; x_wconf 80' lang='lat' dir='ltr'>exinde</span> <span class='ocrx_word' id='word_1_21' title='bbox 760 667 871 729; x_wconf 88' lang='lat' dir='ltr'><strong>lactum</strong></span> <span class='ocrx_word' id='word_1_22' title='bbox 888 678 932 729; x_wconf 90' lang='lat' dir='ltr'><strong>est</strong></span> <span class='ocrx_word' id='word_1_23' title='bbox 947 674 980 730; x_wconf 92' lang='lat' dir='ltr'><strong>ut</strong></span> <span class='ocrx_word' id='word_1_24' title='bbox 995 668 1108 730; x_wconf 90' lang='lat' dir='ltr'><strong>diceret</strong></span> <span class='ocrx_word' id='word_1_25' title='bbox 1130 668 1256 730; x_wconf 79' lang='lat' dir='ltr'><strong>‘Creta</strong></span> <span class='ocrx_word' id='word_1_26' title='bbox 1278 667 1374 726; x_wconf 85' lang='lat' dir='ltr'><strong>lovis</strong></span> 
     </span>
     <span class='ocr_line' id='line_1_5' title="bbox 82 767 1372 849; baseline 0 -21"><span class='ocrx_word' id='word_1_27' title='bbox 82 768 227 846; x_wconf 83' lang='lat' dir='ltr'><strong>magni&#39;,</strong></span> <span class='ocrx_word' id='word_1_28' title='bbox 250 785 310 828; x_wconf 93' lang='lat' dir='ltr'><strong>non</strong></span> <span class='ocrx_word' id='word_1_29' title='bbox 333 769 497 846; x_wconf 79' lang='lat' dir='ltr'><strong>respiciens</strong></span> <span class='ocrx_word' id='word_1_30' title='bbox 520 767 555 830; x_wconf 93' lang='lat' dir='ltr'><strong>ad</strong></span> <span class='ocrx_word' id='word_1_31' title='bbox 579 770 775 848; x_wconf 88' lang='lat' dir='ltr'><strong>provinciam,</strong></span> <span class='ocrx_word' id='word_1_32' title='bbox 799 769 852 830; x_wconf 90' lang='lat' dir='ltr'><strong>sed</strong></span> <span class='ocrx_word' id='word_1_33' title='bbox 874 771 1039 849; x_wconf 77' lang='lat' dir='ltr'><strong>respiciens</strong></span> <span class='ocrx_word' id='word_1_34' title='bbox 1061 768 1097 832; x_wconf 95' lang='lat' dir='ltr'><strong>ad</strong></span> <span class='ocrx_word' id='word_1_35' title='bbox 1121 771 1276 830; x_wconf 80' lang='lat' dir='ltr'><strong>civitatem.</strong></span> <span class='ocrx_word' id='word_1_36' title='bbox 1320 768 1372 829; x_wconf 90' lang='lat' dir='ltr'><strong>sed</strong></span> 
     </span>
     <span class='ocr_line' id='line_1_6' title="bbox 80 869 1372 951; baseline 0 -21"><span class='ocrx_word' id='word_1_37' title='bbox 80 869 145 930; x_wconf 88' lang='lat' dir='ltr'><strong>ideo</strong></span> <span class='ocrx_word' id='word_1_38' title='bbox 167 872 200 931; x_wconf 94' lang='lat' dir='ltr'><strong>in</strong></span> <span class='ocrx_word' id='word_1_39' title='bbox 222 887 356 931; x_wconf 90' lang='lat' dir='ltr'><strong>errorem</strong></span> <span class='ocrx_word' id='word_1_40' title='bbox 378 871 458 930; x_wconf 91' lang='lat' dir='ltr'><strong>venit</strong></span> <span class='ocrx_word' id='word_1_41' title='bbox 479 873 534 931; x_wconf 90' lang='lat' dir='ltr'><strong>ista</strong></span> <span class='ocrx_word' id='word_1_42' title='bbox 555 873 646 941; x_wconf 88' lang='lat' dir='ltr'><strong>ratio,</strong></span> <span class='ocrx_word' id='word_1_43' title='bbox 669 873 810 951; x_wconf 88' lang='lat' dir='ltr'><strong>quoniam</strong></span> <span class='ocrx_word' id='word_1_44' title='bbox 833 870 1046 951; x_wconf 83' lang='lat' dir='ltr'><strong>homonymum</strong></span> <span class='ocrx_word' id='word_1_45' title='bbox 1069 879 1127 941; x_wconf 91' lang='lat' dir='ltr'><strong>est,</strong></span> <span class='ocrx_word' id='word_1_46' title='bbox 1151 869 1182 931; x_wconf 90' lang='lat' dir='ltr'><strong>id</strong></span> <span class='ocrx_word' id='word_1_47' title='bbox 1205 877 1250 931; x_wconf 88' lang='lat' dir='ltr'><strong>est</strong></span> <span class='ocrx_word' id='word_1_48' title='bbox 1270 869 1372 931; x_wconf 90' lang='lat' dir='ltr'><strong>simili·</strong></span> 
     </span>
     <span class='ocr_line' id='line_1_7' title="bbox 58 971 483 1034; baseline 0.009 -4"><span class='ocrx_word' id='word_1_49' title='bbox 58 971 213 1032; x_wconf 69' lang='lat' dir='ltr'><strong>erudirem</strong></span> <span class='ocrx_word' id='word_1_50' title='bbox 236 971 326 1032; x_wconf 89' lang='lat' dir='ltr'><strong>babet</strong></span> <span class='ocrx_word' id='word_1_51' title='bbox 347 973 483 1034; x_wconf 81' lang='lat' dir='ltr'><strong>nominis</strong></span> 
     </span>
     <span class='ocr_line' id='line_1_8' title="bbox 161 1072 1491 1156; baseline 0.003 -22"><span class='ocrx_word' id='word_1_52' title='bbox 161 1072 236 1134; x_wconf 93' lang='lat' dir='ltr'><strong>lllud</strong></span> <span class='ocrx_word' id='word_1_53' title='bbox 256 1081 404 1154; x_wconf 91' lang='lat' dir='ltr'><strong>superest:</strong></span> <span class='ocrx_word' id='word_1_54' title='bbox 429 1091 489 1135; x_wconf 91' lang='lat' dir='ltr'><strong>nou</strong></span> <span class='ocrx_word' id='word_1_55' title='bbox 510 1072 670 1145; x_wconf 90' lang='lat' dir='ltr'><strong>debemus,</strong></span> <span class='ocrx_word' id='word_1_56' title='bbox 695 1075 783 1146; x_wconf 86' lang='lat' dir='ltr'><strong>dicit,</strong></span> <span class='ocrx_word' id='word_1_57' title='bbox 807 1077 1042 1156; x_wconf 77' lang='lat' dir='ltr'><strong>praepositiones</strong></span> <span class='ocrx_word' id='word_1_58' title='bbox 1062 1077 1186 1153; x_wconf 76' lang='lat' dir='ltr'><strong>iungere</strong></span> <span class='ocrx_word' id='word_1_59' title='bbox 1208 1074 1371 1142; x_wconf 78' lang='lat' dir='ltr'><strong>adverbiis3</strong></span> <span class='ocrx_word' id='word_1_60' title='bbox 1387 1090 1445 1150; x_wconf 77' lang='lat'><strong>416,</strong></span> <span class='ocrx_word' id='word_1_61' title='bbox 1460 1090 1491 1137; x_wconf 79' lang='lat' dir='ltr'><strong>to</strong></span> 
     </span>
     <span class='ocr_line' id='line_1_9' title="bbox 79 1159 1472 1258; baseline 0.001 -23"><span class='ocrx_word' id='word_1_62' title='bbox 79 1174 129 1236; x_wconf 91' lang='lat' dir='ltr'><strong>sed</strong></span> <span class='ocrx_word' id='word_1_63' title='bbox 152 1175 293 1254; x_wconf 81' lang='lat' dir='ltr'><strong>legimus,</strong></span> <span class='ocrx_word' id='word_1_64' title='bbox 317 1177 366 1237; x_wconf 87' lang='lat' dir='ltr'><strong>ait.</strong></span> <span class='ocrx_word' id='word_1_65' title='bbox 410 1176 560 1238; x_wconf 85' lang='lat' dir='ltr'><strong>rideamus</strong></span> <span class='ocrx_word' id='word_1_66' title='bbox 582 1178 636 1237; x_wconf 88' lang='lat' dir='ltr'><strong>ista</strong></span> <span class='ocrx_word' id='word_1_67' title='bbox 663 1195 738 1257; x_wconf 90' lang='lat' dir='ltr'><strong>quae</strong></span> <span class='ocrx_word' id='word_1_68' title='bbox 761 1176 836 1238; x_wconf 89' lang='lat' dir='ltr'><strong>lecta</strong></span> <span class='ocrx_word' id='word_1_69' title='bbox 859 1186 942 1250; x_wconf 89' lang='lat' dir='ltr'><strong>suut,</strong></span> <span class='ocrx_word' id='word_1_70' title='bbox 965 1185 1037 1258; x_wconf 91' lang='lat' dir='ltr'><strong>puta</strong></span> <span class='ocrx_word' id='word_1_71' title='bbox 1059 1176 1194 1238; x_wconf 82' lang='lat' dir='ltr'><strong>desubito</strong></span> <span class='ocrx_word' id='word_1_72' title='bbox 1217 1176 1372 1237; x_wconf 85' lang='lat' dir='ltr'><strong>desursum</strong></span> <span class='ocrx_word' id='word_1_73' title='bbox 1385 1159 1472 1218; x_wconf 57' lang='lat'><strong>“⁰²⁷</strong></span> 
     </span>
     <span class='ocr_line' id='line_1_10' title="bbox 81 1277 1372 1359; baseline 0.001 -22"><span class='ocrx_word' id='word_1_74' title='bbox 81 1277 186 1338; x_wconf 77' lang='lat' dir='ltr'><strong>exinde</strong></span> <span class='ocrx_word' id='word_1_75' title='bbox 208 1278 349 1357; x_wconf 85' lang='lat' dir='ltr'><strong>deinceps</strong></span> <span class='ocrx_word' id='word_1_76' title='bbox 372 1284 401 1338; x_wconf 92' lang='lat' dir='ltr'><strong>et</strong></span> <span class='ocrx_word' id='word_1_77' title='bbox 421 1279 522 1338; x_wconf 92' lang='lat' dir='ltr'><strong>nescio</strong></span> <span class='ocrx_word' id='word_1_78' title='bbox 545 1297 621 1358; x_wconf 90' lang='lat' dir='ltr'><strong>quae</strong></span> <span class='ocrx_word' id='word_1_79' title='bbox 645 1279 723 1342; x_wconf 89' lang='lat' dir='ltr'><strong>talia.</strong></span> <span class='ocrx_word' id='word_1_80' title='bbox 769 1281 825 1340; x_wconf 90' lang='lat' dir='ltr'><strong>ista</strong></span> <span class='ocrx_word' id='word_1_81' title='bbox 850 1277 854 1358; x_wconf 85' lang='grc' dir='ltr'>Ι</span> <span class='ocrx_word' id='word_1_82' title='bbox 881 1297 952 1358; x_wconf 85' lang='lat' dir='ltr'><strong>ergo</strong></span> <span class='ocrx_word' id='word_1_83' title='bbox 974 1279 1046 1359; x_wconf 88' lang='lat' dir='ltr'><strong>quid</strong></span> <span class='ocrx_word' id='word_1_84' title='bbox 1069 1278 1212 1340; x_wconf 81' lang='lat' dir='ltr'><strong>dicimus?</strong></span> <span class='ocrx_word' id='word_1_85' title='bbox 1235 1296 1305 1339; x_wconf 92' lang='lat' dir='ltr'><strong>ecce</strong></span> <span class='ocrx_word' id='word_1_86' title='bbox 1327 1281 1372 1338; x_wconf 94' lang='lat' dir='ltr'><strong>in·</strong></span> 
     </span>
     <span class='ocr_line' id='line_1_11' title="bbox 79 1379 1373 1461; baseline 0.003 -24"><span class='ocrx_word' id='word_1_87' title='bbox 79 1381 212 1441; x_wconf 85' lang='lat' dir='ltr'><strong>venimus</strong></span> <span class='ocrx_word' id='word_1_88' title='bbox 240 1379 380 1461; x_wconf 90' lang='lat' dir='ltr'><strong>plurima;</strong></span> <span class='ocrx_word' id='word_1_89' title='bbox 410 1379 494 1449; x_wconf 88' lang='lat' dir='ltr'><strong>dicit,</strong></span> <span class='ocrx_word' id='word_1_90' title='bbox 526 1398 584 1442; x_wconf 94' lang='lat' dir='ltr'><strong>non</strong></span> <span class='ocrx_word' id='word_1_91' title='bbox 613 1389 681 1443; x_wconf 93' lang='lat' dir='ltr'><strong>sunt</strong></span> <span class='ocrx_word' id='word_1_92' title='bbox 704 1383 780 1442; x_wconf 82' lang='lat' dir='ltr'><strong>vitia.</strong></span> <span class='ocrx_word' id='word_1_93' title='bbox 824 1399 917 1461; x_wconf 88' lang='lat' dir='ltr'><strong>quare</strong></span> <span class='ocrx_word' id='word_1_94' title='bbox 940 1399 1000 1442; x_wconf 92' lang='lat' dir='ltr'><strong>non</strong></span> <span class='ocrx_word' id='word_1_95' title='bbox 1021 1389 1091 1443; x_wconf 90' lang='lat' dir='ltr'><strong>sunt</strong></span> <span class='ocrx_word' id='word_1_96' title='bbox 1113 1382 1198 1442; x_wconf 79' lang='lat' dir='ltr'><strong>vitiat</strong></span> <span class='ocrx_word' id='word_1_97' title='bbox 1234 1381 1373 1460; x_wconf 85' lang='lat' dir='ltr'><strong>quoniam</strong></span> 
     </span>
     <span class='ocr_line' id='line_1_12' title="bbox 47 1482 1373 1569; baseline 0.001 -29"><span class='ocrx_word' id='word_1_98' title='bbox 47 1491 68 1532; x_wconf 85' lang='lat'><strong>1⁰</strong></span> <span class='ocrx_word' id='word_1_99' title='bbox 80 1499 137 1541; x_wconf 91' lang='lat' dir='ltr'><strong>una</strong></span> <span class='ocrx_word' id='word_1_100' title='bbox 160 1499 229 1561; x_wconf 91' lang='lat' dir='ltr'><strong>pars</strong></span> <span class='ocrx_word' id='word_1_101' title='bbox 252 1483 392 1569; x_wconf 85' lang='lat' dir='ltr'><strong>orationis</strong></span> <span class='ocrx_word' id='word_1_102' title='bbox 415 1483 567 1562; x_wconf 90' lang='lat' dir='ltr'><strong>conposita</strong></span> <span class='ocrx_word' id='word_1_103' title='bbox 590 1485 650 1553; x_wconf 80' lang='lat' dir='ltr'><strong>est,</strong></span> <span class='ocrx_word' id='word_1_104' title='bbox 676 1502 734 1545; x_wconf 93' lang='lat' dir='ltr'><strong>non</strong></span> <span class='ocrx_word' id='word_1_105' title='bbox 758 1493 828 1545; x_wconf 91' lang='lat' dir='ltr'><strong>sunt</strong></span> <span class='ocrx_word' id='word_1_106' title='bbox 843 1483 920 1545; x_wconf 88' lang='lat' dir='ltr'><strong>duoe</strong></span> <span class='ocrx_word' id='word_1_107' title='bbox 943 1490 1041 1564; x_wconf 92' lang='lat' dir='ltr'><strong>partes</strong></span> <span class='ocrx_word' id='word_1_108' title='bbox 1063 1484 1214 1545; x_wconf 90' lang='lat' dir='ltr'><strong>orationis.</strong></span> <span class='ocrx_word' id='word_1_109' title='bbox 1246 1484 1272 1543; x_wconf 94' lang='lat' dir='ltr'><strong>si</strong></span> <span class='ocrx_word' id='word_1_110' title='bbox 1294 1482 1373 1542; x_wconf 88' lang='lat' dir='ltr'><strong>dice·</strong></span> 
     </span>
     <span class='ocr_line' id='line_1_13' title="bbox 79 1583 1374 1666; baseline -0.001 -22"><span class='ocrx_word' id='word_1_111' title='bbox 79 1601 125 1644; x_wconf 87' lang='lat' dir='ltr'><strong>res</strong></span> <span class='ocrx_word' id='word_1_112' title='bbox 155 1583 209 1643; x_wconf 77' lang='lat' dir='ltr'><strong>‘dx</strong></span> <span class='ocrx_word' id='word_1_113' title='bbox 231 1583 301 1644; x_wconf 88' lang='lat' dir='ltr'><strong>inde</strong></span> <span class='ocrx_word' id='word_1_114' title='bbox 323 1583 373 1644; x_wconf 91' lang='lat' dir='ltr'><strong>ille</strong></span> <span class='ocrx_word' id='word_1_115' title='bbox 395 1586 501 1654; x_wconf 84' lang='lat' dir='ltr'><strong>venit&#39;,</strong></span> <span class='ocrx_word' id='word_1_116' title='bbox 530 1603 564 1644; x_wconf 88' lang='lat' dir='ltr'><strong>re</strong></span> <span class='ocrx_word' id='word_1_117' title='bbox 592 1603 660 1646; x_wconf 83' lang='lat' dir='ltr'><strong>nera</strong></span> <span class='ocrx_word' id='word_1_118' title='bbox 690 1586 891 1648; x_wconf 87' lang='lat' dir='ltr'><strong>soloecismus</strong></span> <span class='ocrx_word' id='word_1_119' title='bbox 919 1594 996 1656; x_wconf 91' lang='lat' dir='ltr'><strong>erat,</strong></span> <span class='ocrx_word' id='word_1_120' title='bbox 1026 1605 1116 1666; x_wconf 90' lang='lat' dir='ltr'><strong>quem</strong></span> <span class='ocrx_word' id='word_1_121' title='bbox 1145 1584 1179 1646; x_wconf 88' lang='lat' dir='ltr'><strong>ad</strong></span> <span class='ocrx_word' id='word_1_122' title='bbox 1205 1584 1325 1645; x_wconf 93' lang='lat' dir='ltr'><strong>modum</strong></span> <span class='ocrx_word' id='word_1_123' title='bbox 1347 1585 1374 1644; x_wconf 91' lang='lat' dir='ltr'><strong>si</strong></span> 
     </span>
     <span class='ocr_line' id='line_1_14' title="bbox 79 1684 1374 1750; baseline 0.001 -6"><span class='ocrx_word' id='word_1_124' title='bbox 79 1684 209 1746; x_wconf 88' lang='lat' dir='ltr'><strong>dicamus</strong></span> <span class='ocrx_word' id='word_1_125' title='bbox 232 1685 287 1746; x_wconf 73' lang='lat' dir='ltr'><strong>‘de</strong></span> <span class='ocrx_word' id='word_1_126' title='bbox 310 1703 396 1747; x_wconf 92' lang='lat' dir='ltr'><strong>mane</strong></span> <span class='ocrx_word' id='word_1_127' title='bbox 419 1685 470 1747; x_wconf 91' lang='lat' dir='ltr'><strong>ille</strong></span> <span class='ocrx_word' id='word_1_128' title='bbox 492 1688 600 1748; x_wconf 88' lang='lat' dir='ltr'><strong>venit&#39;.</strong></span> <span class='ocrx_word' id='word_1_129' title='bbox 645 1695 778 1748; x_wconf 90' lang='lat' dir='ltr'><strong>ceterum</strong></span> <span class='ocrx_word' id='word_1_130' title='bbox 802 1687 891 1748; x_wconf 93' lang='lat' dir='ltr'><strong>modo</strong></span> <span class='ocrx_word' id='word_1_131' title='bbox 915 1688 1022 1750; x_wconf 84' lang='lat' dir='ltr'><strong>exinde</strong></span> <span class='ocrx_word' id='word_1_132' title='bbox 1042 1687 1101 1749; x_wconf 90' lang='lat' dir='ltr'><strong>tale</strong></span> <span class='ocrx_word' id='word_1_133' title='bbox 1124 1696 1168 1749; x_wconf 90' lang='lat' dir='ltr'><strong>est</strong></span> <span class='ocrx_word' id='word_1_134' title='bbox 1190 1705 1223 1747; x_wconf 91' lang='lat' dir='ltr'><strong>ac</strong></span> <span class='ocrx_word' id='word_1_135' title='bbox 1246 1687 1270 1747; x_wconf 91' lang='lat' dir='ltr'><strong>si</strong></span> <span class='ocrx_word' id='word_1_136' title='bbox 1293 1685 1374 1746; x_wconf 90' lang='lat' dir='ltr'><strong>dicas</strong></span> 
     </span>
     <span class='ocr_line' id='line_1_15' title="bbox 78 1786 1372 1869; baseline 0.001 -23"><span class='ocrx_word' id='word_1_137' title='bbox 78 1786 159 1847; x_wconf 91' lang='lat' dir='ltr'><strong>inde:</strong></span> <span class='ocrx_word' id='word_1_138' title='bbox 191 1789 250 1847; x_wconf 88' lang='lat' dir='ltr'><strong>iam</strong></span> <span class='ocrx_word' id='word_1_139' title='bbox 278 1807 337 1848; x_wconf 93' lang='lat' dir='ltr'><strong>non</strong></span> <span class='ocrx_word' id='word_1_140' title='bbox 366 1786 502 1850; x_wconf 91' lang='lat' dir='ltr'><strong>videntur</strong></span> <span class='ocrx_word' id='word_1_141' title='bbox 530 1789 607 1849; x_wconf 91' lang='lat' dir='ltr'><strong>duae</strong></span> <span class='ocrx_word' id='word_1_142' title='bbox 635 1797 735 1869; x_wconf 89' lang='lat' dir='ltr'><strong>partes</strong></span> <span class='ocrx_word' id='word_1_143' title='bbox 762 1809 827 1851; x_wconf 92' lang='lat' dir='ltr'><strong>esse</strong></span> <span class='ocrx_word' id='word_1_144' title='bbox 858 1791 1015 1859; x_wconf 88' lang='lat' dir='ltr'><strong>orationis,</strong></span> <span class='ocrx_word' id='word_1_145' title='bbox 1044 1789 1095 1849; x_wconf 91' lang='lat' dir='ltr'><strong>sed</strong></span> <span class='ocrx_word' id='word_1_146' title='bbox 1126 1808 1184 1851; x_wconf 93' lang='lat' dir='ltr'><strong>una</strong></span> <span class='ocrx_word' id='word_1_147' title='bbox 1211 1789 1372 1867; x_wconf 87' lang='lat' dir='ltr'><strong>conposita.</strong></span> 
     </span>
     <span class='ocr_line' id='line_1_16' title="bbox 79 1889 1374 1971; baseline 0.001 -23"><span class='ocrx_word' id='word_1_148' title='bbox 79 1904 135 1966; x_wconf 90' lang='lat' dir='ltr'><strong>quo</strong></span> <span class='ocrx_word' id='word_1_149' title='bbox 158 1889 264 1949; x_wconf 88' lang='lat' dir='ltr'><strong>modoi</strong></span> <span class='ocrx_word' id='word_1_150' title='bbox 298 1907 356 1950; x_wconf 94' lang='lat' dir='ltr'><strong>non</strong></span> <span class='ocrx_word' id='word_1_151' title='bbox 387 1897 431 1950; x_wconf 89' lang='lat' dir='ltr'><strong>est</strong></span> <span class='ocrx_word' id='word_1_152' title='bbox 458 1890 494 1952; x_wconf 93' lang='lat' dir='ltr'><strong>de</strong></span> <span class='ocrx_word' id='word_1_153' title='bbox 522 1890 637 1952; x_wconf 89' lang='lat' dir='ltr'><strong>duabus</strong></span> <span class='ocrx_word' id='word_1_154' title='bbox 665 1891 798 1971; x_wconf 89' lang='lat' dir='ltr'><strong>partibus</strong></span> <span class='ocrx_word' id='word_1_155' title='bbox 827 1893 952 1963; x_wconf 88' lang='lat' dir='ltr'><strong>iactum,</strong></span> <span class='ocrx_word' id='word_1_156' title='bbox 983 1890 1035 1951; x_wconf 85' lang='lat' dir='ltr'><strong>sed</strong></span> <span class='ocrx_word' id='word_1_157' title='bbox 1058 1909 1117 1952; x_wconf 88' lang='lat' dir='ltr'><strong>una</strong></span> <span class='ocrx_word' id='word_1_158' title='bbox 1139 1910 1209 1971; x_wconf 91' lang='lat' dir='ltr'><strong>pars</strong></span> <span class='ocrx_word' id='word_1_159' title='bbox 1231 1891 1374 1951; x_wconf 89' lang='lat' dir='ltr'><strong>orationis</strong></span> 
     </span>
     <span class='ocr_line' id='line_1_17' title="bbox 47 1992 1374 2075; baseline 0.002 -26"><span class='ocrx_word' id='word_1_160' title='bbox 47 2001 67 2040; x_wconf 74' lang='lat'><strong>15</strong></span> <span class='ocrx_word' id='word_1_161' title='bbox 78 1992 241 2070; x_wconf 89' lang='lat' dir='ltr'><strong>conposita.</strong></span> <span class='ocrx_word' id='word_1_162' title='bbox 277 2000 347 2070; x_wconf 90' lang='lat' dir='ltr'><strong>puta</strong></span> <span class='ocrx_word' id='word_1_163' title='bbox 370 1993 508 2053; x_wconf 72' lang='lat' dir='ltr'><strong>‘curator</strong></span> <span class='ocrx_word' id='word_1_164' title='bbox 531 2012 616 2054; x_wconf 89' lang='lat' dir='ltr'><strong>meus</strong></span> <span class='ocrx_word' id='word_1_165' title='bbox 639 1995 778 2060; x_wconf 81' lang='lat' dir='ltr'><strong>estiste’</strong></span> <span class='ocrx_word' id='word_1_166' title='bbox 802 1993 878 2056; x_wconf 88' lang='lat' dir='ltr'><strong>bene</strong></span> <span class='ocrx_word' id='word_1_167' title='bbox 901 1993 983 2063; x_wconf 90' lang='lat' dir='ltr'><strong>dico;</strong></span> <span class='ocrx_word' id='word_1_168' title='bbox 1007 1997 1200 2075; x_wconf 75' lang='lat' dir='ltr'><strong>‘procurator</strong></span> <span class='ocrx_word' id='word_1_169' title='bbox 1223 2011 1306 2054; x_wconf 91' lang='lat' dir='ltr'><strong>meus</strong></span> <span class='ocrx_word' id='word_1_170' title='bbox 1329 1998 1374 2052; x_wconf 91' lang='lat' dir='ltr'><strong>est</strong></span> 
     </span>
     <span class='ocr_line' id='line_1_18' title="bbox 78 2092 1374 2175; baseline 0.001 -23"><span class='ocrx_word' id='word_1_171' title='bbox 78 2092 160 2162; x_wconf 88' lang='lat' dir='ltr'><strong>iste’,</strong></span> <span class='ocrx_word' id='word_1_172' title='bbox 190 2099 219 2152; x_wconf 90' lang='lat' dir='ltr'><strong>et</strong></span> <span class='ocrx_word' id='word_1_173' title='bbox 246 2093 303 2154; x_wconf 89' lang='lat' dir='ltr'><strong>boe</strong></span> <span class='ocrx_word' id='word_1_174' title='bbox 331 2092 409 2154; x_wconf 90' lang='lat' dir='ltr'><strong>bene</strong></span> <span class='ocrx_word' id='word_1_175' title='bbox 439 2092 513 2155; x_wconf 88' lang='lat' dir='ltr'><strong>dico.</strong></span> <span class='ocrx_word' id='word_1_176' title='bbox 560 2095 606 2156; x_wconf 89' lang='lat' dir='ltr'><strong>lac</strong></span> <span class='ocrx_word' id='word_1_177' title='bbox 635 2099 706 2175; x_wconf 79' lang='lat' dir='ltr'><strong>‘pro</strong></span> <span class='ocrx_word' id='word_1_178' title='bbox 734 2103 854 2157; x_wconf 87' lang='lat' dir='ltr'><strong>curator</strong></span> <span class='ocrx_word' id='word_1_179' title='bbox 883 2114 967 2158; x_wconf 90' lang='lat' dir='ltr'><strong>meus</strong></span> <span class='ocrx_word' id='word_1_180' title='bbox 996 2104 1041 2158; x_wconf 91' lang='lat' dir='ltr'><strong>est</strong></span> <span class='ocrx_word' id='word_1_181' title='bbox 1067 2098 1151 2168; x_wconf 88' lang='lat' dir='ltr'><strong>iste’‚</strong></span> <span class='ocrx_word' id='word_1_182' title='bbox 1182 2104 1211 2157; x_wconf 90' lang='lat' dir='ltr'><strong>et</strong></span> <span class='ocrx_word' id='word_1_183' title='bbox 1233 2112 1293 2155; x_wconf 91' lang='lat' dir='ltr'><strong>oon</strong></span> <span class='ocrx_word' id='word_1_184' title='bbox 1316 2102 1374 2155; x_wconf 87' lang='lat' dir='ltr'><strong>stat</strong></span> 
     </span>
     <span class='ocr_line' id='line_1_19' title="bbox 79 2192 1373 2277; baseline 0 -23"><span class='ocrx_word' id='word_1_185' title='bbox 79 2192 222 2264; x_wconf 77' lang='lat' dir='ltr'><strong>elocutio,</strong></span> <span class='ocrx_word' id='word_1_186' title='bbox 252 2196 391 2274; x_wconf 91' lang='lat' dir='ltr'><strong>quoniam</strong></span> <span class='ocrx_word' id='word_1_187' title='bbox 420 2213 473 2274; x_wconf 92' lang='lat' dir='ltr'><strong>pro</strong></span> <span class='ocrx_word' id='word_1_188' title='bbox 508 2203 642 2277; x_wconf 90' lang='lat' dir='ltr'><strong>separata</strong></span> <span class='ocrx_word' id='word_1_189' title='bbox 670 2199 729 2258; x_wconf 91' lang='lat' dir='ltr'><strong>iam</strong></span> <span class='ocrx_word' id='word_1_190' title='bbox 762 2199 943 2277; x_wconf 83' lang='lat' dir='ltr'><strong>praepositio</strong></span> <span class='ocrx_word' id='word_1_191' title='bbox 977 2207 1030 2260; x_wconf 89' lang='grc' dir='ltr'><strong>εει.</strong></span> <span class='ocrx_word' id='word_1_192' title='bbox 1076 2197 1238 2258; x_wconf 82' lang='lat' dir='ltr'><strong>debueram</strong></span> <span class='ocrx_word' id='word_1_193' title='bbox 1272 2195 1373 2255; x_wconf 86' lang='lat' dir='ltr'><strong>dicere</strong></span> 
     </span>
     <span class='ocr_line' id='line_1_20' title="bbox 76 2297 1372 2380; baseline 0 -24"><span class='ocrx_word' id='word_1_194' title='bbox 76 2299 271 2375; x_wconf 75' lang='lat' dir='ltr'><strong>‘procurator</strong></span> <span class='ocrx_word' id='word_1_195' title='bbox 304 2315 389 2358; x_wconf 90' lang='lat' dir='ltr'><strong>meus</strong></span> <span class='ocrx_word' id='word_1_196' title='bbox 420 2305 464 2358; x_wconf 89' lang='lat' dir='ltr'><strong>est</strong></span> <span class='ocrx_word' id='word_1_197' title='bbox 496 2300 578 2360; x_wconf 88' lang='lat' dir='ltr'><strong>iste&#39;.</strong></span> <span class='ocrx_word' id='word_1_198' title='bbox 616 2298 655 2380; x_wconf 91' lang='lat' dir='ltr'><strong>[si</strong></span> <span class='ocrx_word' id='word_1_199' title='bbox 688 2301 870 2380; x_wconf 86' lang='lat' dir='ltr'><strong>praepositio</strong></span> <span class='ocrx_word' id='word_1_200' title='bbox 899 2308 997 2361; x_wconf 92' lang='lat' dir='ltr'><strong>autem</strong></span> <span class='ocrx_word' id='word_1_201' title='bbox 1030 2302 1178 2379; x_wconf 78' lang='lat' dir='ltr'><strong>iungitur,</strong></span> <span class='ocrx_word' id='word_1_202' title='bbox 1210 2302 1249 2359; x_wconf 72' lang='lat' dir='ltr'><strong>its</strong></span> <span class='ocrx_word' id='word_1_203' title='bbox 1282 2297 1372 2358; x_wconf 91' lang='lat' dir='ltr'><strong>debui</strong></span> 
     </span>
     <span class='ocr_line' id='line_1_21' title="bbox 77 2397 1371 2483; baseline 0.001 -27"><span class='ocrx_word' id='word_1_204' title='bbox 77 2397 190 2468; x_wconf 86' lang='lat' dir='ltr'><strong>dicere,</strong></span> <span class='ocrx_word' id='word_1_205' title='bbox 214 2409 391 2478; x_wconf 93' lang='lat' dir='ltr'><strong>procurator</strong></span> <span class='ocrx_word' id='word_1_206' title='bbox 413 2418 498 2462; x_wconf 90' lang='lat' dir='ltr'><strong>meus</strong></span> <span class='ocrx_word' id='word_1_207' title='bbox 522 2409 566 2462; x_wconf 91' lang='lat' dir='ltr'><strong>est</strong></span> <span class='ocrx_word' id='word_1_208' title='bbox 587 2401 658 2472; x_wconf 87' lang='lat' dir='ltr'><strong>iste,</strong></span> <span class='ocrx_word' id='word_1_209' title='bbox 687 2397 754 2483; x_wconf 90' lang='lat' dir='ltr'><strong>sed]</strong></span> <span class='ocrx_word' id='word_1_210' title='bbox 787 2404 926 2479; x_wconf 87' lang='lat' dir='ltr'><strong>quoniam</strong></span> <span class='ocrx_word' id='word_1_211' title='bbox 948 2403 991 2463; x_wconf 92' lang='lat' dir='ltr'><strong>sic</strong></span> <span class='ocrx_word' id='word_1_212' title='bbox 1013 2404 1113 2482; x_wconf 90' lang='lat' dir='ltr'><strong>posui,</strong></span> <span class='ocrx_word' id='word_1_213' title='bbox 1137 2408 1171 2463; x_wconf 91' lang='lat' dir='ltr'><strong>ut</strong></span> <span class='ocrx_word' id='word_1_214' title='bbox 1191 2419 1280 2461; x_wconf 92' lang='lat' dir='ltr'><strong>unam</strong></span> <span class='ocrx_word' id='word_1_215' title='bbox 1303 2417 1371 2478; x_wconf 93' lang='lat' dir='ltr'><strong>par·</strong></span> 
     </span>
     <span class='ocr_line' id='line_1_22' title="bbox 44 2500 1372 2583; baseline 0.001 -24"><span class='ocrx_word' id='word_1_216' title='bbox 44 2506 134 2560; x_wconf 74' lang='lat' dir='ltr'><strong>atem</strong></span> <span class='ocrx_word' id='word_1_217' title='bbox 157 2500 374 2579; x_wconf 79' lang='lat' dir='ltr'><strong>significarem,</strong></span> <span class='ocrx_word' id='word_1_218' title='bbox 404 2501 468 2562; x_wconf 76' lang='lat' dir='ltr'><strong>non</strong></span> <span class='ocrx_word' id='word_1_219' title='bbox 492 2502 629 2564; x_wconf 90' lang='lat' dir='ltr'><strong>videntur</strong></span> <span class='ocrx_word' id='word_1_220' title='bbox 657 2505 714 2563; x_wconf 92' lang='lat' dir='ltr'><strong>iam</strong></span> <span class='ocrx_word' id='word_1_221' title='bbox 743 2502 821 2564; x_wconf 92' lang='lat' dir='ltr'><strong>duae</strong></span> <span class='ocrx_word' id='word_1_222' title='bbox 847 2512 947 2583; x_wconf 89' lang='lat' dir='ltr'><strong>partes</strong></span> <span class='ocrx_word' id='word_1_223' title='bbox 969 2505 1112 2565; x_wconf 92' lang='lat' dir='ltr'><strong>orationis</strong></span> <span class='ocrx_word' id='word_1_224' title='bbox 1135 2521 1214 2572; x_wconf 91' lang='lat' dir='ltr'><strong>esse,</strong></span> <span class='ocrx_word' id='word_1_225' title='bbox 1238 2501 1290 2562; x_wconf 92' lang='lat' dir='ltr'><strong>sed</strong></span> <span class='ocrx_word' id='word_1_226' title='bbox 1313 2517 1372 2562; x_wconf 92' lang='lat' dir='ltr'><strong>una</strong></span> 
     </span>
     <span class='ocr_line' id='line_1_23' title="bbox 77 2604 1373 2684; baseline 0 -23"><span class='ocrx_word' id='word_1_227' title='bbox 77 2604 241 2682; x_wconf 82' lang='lat' dir='ltr'><strong>conposita.</strong></span> <span class='ocrx_word' id='word_1_228' title='bbox 285 2605 522 2683; x_wconf 89' lang='lat' dir='ltr'><strong>praepositiones</strong></span> <span class='ocrx_word' id='word_1_229' title='bbox 545 2607 623 2665; x_wconf 91' lang='lat' dir='ltr'><strong>onim</strong></span> <span class='ocrx_word' id='word_1_230' title='bbox 647 2604 764 2684; x_wconf 85' lang='lat' dir='ltr'><strong>quando</strong></span> <span class='ocrx_word' id='word_1_231' title='bbox 788 2607 818 2666; x_wconf 95' lang='lat' dir='ltr'><strong>in</strong></span> <span class='ocrx_word' id='word_1_232' title='bbox 841 2608 1035 2667; x_wconf 79' lang='lat' dir='ltr'><strong>conexionem</strong></span> <span class='ocrx_word' id='word_1_233' title='bbox 1058 2608 1193 2674; x_wconf 81' lang='lat' dir='ltr'><strong>veniunt,</strong></span> <span class='ocrx_word' id='word_1_234' title='bbox 1223 2621 1281 2664; x_wconf 93' lang='lat' dir='ltr'><strong>non</strong></span> <span class='ocrx_word' id='word_1_235' title='bbox 1305 2611 1373 2662; x_wconf 92' lang='lat' dir='ltr'><strong>sunt</strong></span> 
     </span>
     <span class='ocr_line' id='line_1_24' title="bbox 76 2704 1373 2787; baseline 0.002 -23"><span class='ocrx_word' id='word_1_236' title='bbox 76 2705 159 2783; x_wconf 89' lang='lat' dir='ltr'><strong>quasi</strong></span> <span class='ocrx_word' id='word_1_237' title='bbox 189 2704 266 2765; x_wconf 92' lang='lat' dir='ltr'><strong>duae</strong></span> <span class='ocrx_word' id='word_1_238' title='bbox 293 2711 407 2784; x_wconf 88' lang='lat' dir='ltr'><strong>partes,</strong></span> <span class='ocrx_word' id='word_1_239' title='bbox 437 2705 488 2766; x_wconf 88' lang='lat' dir='ltr'><strong>sed</strong></span> <span class='ocrx_word' id='word_1_240' title='bbox 519 2706 601 2785; x_wconf 90' lang='lat' dir='ltr'><strong>quasi</strong></span> <span class='ocrx_word' id='word_1_241' title='bbox 629 2706 798 2768; x_wconf 87' lang='lat' dir='ltr'><strong>membrum</strong></span> <span class='ocrx_word' id='word_1_242' title='bbox 826 2709 918 2787; x_wconf 89' lang='lat' dir='ltr'><strong>ipsius</strong></span> <span class='ocrx_word' id='word_1_243' title='bbox 945 2709 1038 2787; x_wconf 90' lang='lat' dir='ltr'><strong>partis</strong></span> <span class='ocrx_word' id='word_1_244' title='bbox 1072 2711 1117 2768; x_wconf 90' lang='lat' dir='ltr'><strong>cui</strong></span> <span class='ocrx_word' id='word_1_245' title='bbox 1153 2708 1373 2784; x_wconf 82' lang='lat' dir='ltr'><strong>coniunguntur</strong></span> 
     </span>
     <span class='ocr_line' id='line_1_25' title="bbox 74 2807 1373 2888; baseline 0.002 -23"><span class='ocrx_word' id='word_1_246' title='bbox 74 2807 156 2885; x_wconf 88' lang='lat' dir='ltr'><strong>ipsae</strong></span> <span class='ocrx_word' id='word_1_247' title='bbox 178 2808 425 2886; x_wconf 89' lang='lat' dir='ltr'><strong>praepositiones.</strong></span> <span class='ocrx_word' id='word_1_248' title='bbox 459 2813 489 2867; x_wconf 93' lang='lat' dir='ltr'><strong>et</strong></span> <span class='ocrx_word' id='word_1_249' title='bbox 512 2807 591 2869; x_wconf 91' lang='lat' dir='ltr'><strong>unde</strong></span> <span class='ocrx_word' id='word_1_250' title='bbox 614 2807 812 2887; x_wconf 81' lang='lat' dir='ltr'><strong>intellegimus</strong></span> <span class='ocrx_word' id='word_1_251' title='bbox 832 2811 972 2887; x_wconf 85' lang='lat' dir='ltr'><strong>quoniam</strong></span> <span class='ocrx_word' id='word_1_252' title='bbox 995 2828 1051 2872; x_wconf 90' lang='lat' dir='ltr'><strong>una</strong></span> <span class='ocrx_word' id='word_1_253' title='bbox 1067 2826 1136 2888; x_wconf 86' lang='lat' dir='ltr'><strong>pars</strong></span> <span class='ocrx_word' id='word_1_254' title='bbox 1152 2817 1197 2872; x_wconf 91' lang='lat' dir='ltr'><strong>est</strong></span> <span class='ocrx_word' id='word_1_255' title='bbox 1211 2808 1373 2870; x_wconf 75' lang='lat' dir='ltr'><strong>orationis?</strong></span> 
     </span>
     <span class='ocr_line' id='line_1_26' title="bbox 75 2906 1371 2993; baseline 0.002 -26"><span class='ocrx_word' id='word_1_256' title='bbox 75 2906 158 2978; x_wconf 90' lang='lat' dir='ltr'><strong>binc,</strong></span> <span class='ocrx_word' id='word_1_257' title='bbox 183 2907 263 2988; x_wconf 87' lang='lat' dir='ltr'><strong>quod</strong></span> <span class='ocrx_word' id='word_1_258' title='bbox 286 2926 377 2969; x_wconf 91' lang='lat' dir='ltr'><strong>unum</strong></span> <span class='ocrx_word' id='word_1_259' title='bbox 400 2917 554 2971; x_wconf 89' lang='lat' dir='ltr'><strong>accentum</strong></span> <span class='ocrx_word' id='word_1_260' title='bbox 578 2909 676 2972; x_wconf 90' lang='lat' dir='ltr'><strong>habet.</strong></span> <span class='ocrx_word' id='word_1_261' title='bbox 722 2913 747 2972; x_wconf 91' lang='lat' dir='ltr'><strong>si</strong></span> <span class='ocrx_word' id='word_1_262' title='bbox 770 2910 888 2975; x_wconf 89' lang='lat' dir='ltr'><strong>diceres</strong></span> <span class='ocrx_word' id='word_1_263' title='bbox 911 2912 966 2973; x_wconf 77' lang='lat' dir='ltr'><strong>‘de&#39;</strong></span> <span class='ocrx_word' id='word_1_264' title='bbox 988 2913 1057 2973; x_wconf 90' lang='lat' dir='ltr'><strong>lude</strong></span> <span class='ocrx_word' id='word_1_265' title='bbox 1080 2915 1175 2974; x_wconf 85' lang='lat' dir='ltr'><strong>reoit&#39;</strong></span> <span class='ocrx_word' id='word_1_266' title='bbox 1199 2913 1297 2993; x_wconf 79' lang='lat' dir='ltr'><strong>(nemo</strong></span> <span class='ocrx_word' id='word_1_267' title='bbox 1319 2929 1371 2971; x_wconf 93' lang='lat' dir='ltr'><strong>au·</strong></span> 
     </span>
     <span class='ocr_line' id='line_1_27' title="bbox 42 3010 1371 3094; baseline 0.002 -25"><span class='ocrx_word' id='word_1_268' title='bbox 42 3017 134 3070; x_wconf 66' lang='lat' dir='ltr'><strong>rotem</strong></span> <span class='ocrx_word' id='word_1_269' title='bbox 163 3010 222 3070; x_wconf 92' lang='lat' dir='ltr'><strong>hoc</strong></span> <span class='ocrx_word' id='word_1_270' title='bbox 253 3010 348 3090; x_wconf 85' lang='lat' dir='ltr'><strong>dicit),</strong></span> <span class='ocrx_word' id='word_1_271' title='bbox 372 3013 397 3071; x_wconf 91' lang='lat' dir='ltr'><strong>si</strong></span> <span class='ocrx_word' id='word_1_272' title='bbox 428 3010 544 3074; x_wconf 86' lang='lat' dir='ltr'><strong>diceres</strong></span> <span class='ocrx_word' id='word_1_273' title='bbox 571 3013 625 3072; x_wconf 73' lang='lat' dir='ltr'><strong>‘dx</strong></span> <span class='ocrx_word' id='word_1_274' title='bbox 654 3011 722 3074; x_wconf 88' lang='lat' dir='ltr'><strong>inde</strong></span> <span class='ocrx_word' id='word_1_275' title='bbox 750 3015 847 3074; x_wconf 88' lang='lat' dir='ltr'><strong>venit&#39;</strong></span> <span class='ocrx_word' id='word_1_276' title='bbox 872 3013 970 3094; x_wconf 83' lang='lat' dir='ltr'><strong>(nemo</strong></span> <span class='ocrx_word' id='word_1_277' title='bbox 999 3021 1096 3076; x_wconf 85' lang='lat' dir='ltr'><strong>autem</strong></span> <span class='ocrx_word' id='word_1_278' title='bbox 1124 3013 1182 3075; x_wconf 95' lang='lat' dir='ltr'><strong>boc</strong></span> <span class='ocrx_word' id='word_1_279' title='bbox 1210 3013 1296 3081; x_wconf 86' lang='lat' dir='ltr'><strong>dicit,</strong></span> <span class='ocrx_word' id='word_1_280' title='bbox 1319 3011 1371 3073; x_wconf 91' lang='lat' dir='ltr'><strong>sed</strong></span> 
     </span>
     <span class='ocr_line' id='line_1_28' title="bbox 75 3110 1372 3193; baseline 0.003 -23"><span class='ocrx_word' id='word_1_281' title='bbox 75 3110 200 3173; x_wconf 72' lang='lat' dir='ltr'><strong>‘deinde</strong></span> <span class='ocrx_word' id='word_1_282' title='bbox 223 3113 330 3182; x_wconf 88' lang='lat' dir='ltr'><strong>venit&#39;,</strong></span> <span class='ocrx_word' id='word_1_283' title='bbox 361 3113 487 3174; x_wconf 78' lang='lat' dir='ltr'><strong>‘exinde</strong></span> <span class='ocrx_word' id='word_1_284' title='bbox 509 3115 632 3193; x_wconf 84' lang='lat' dir='ltr'><strong>venit’),</strong></span> <span class='ocrx_word' id='word_1_285' title='bbox 657 3116 682 3176; x_wconf 90' lang='lat' dir='ltr'><strong>si</strong></span> <span class='ocrx_word' id='word_1_286' title='bbox 704 3114 755 3176; x_wconf 95' lang='lat' dir='ltr'><strong>illo</strong></span> <span class='ocrx_word' id='word_1_287' title='bbox 778 3116 866 3177; x_wconf 92' lang='lat' dir='ltr'><strong>modo</strong></span> <span class='ocrx_word' id='word_1_288' title='bbox 888 3116 1020 3185; x_wconf 86' lang='lat' dir='ltr'><strong>diceres,</strong></span> <span class='ocrx_word' id='word_1_289' title='bbox 1050 3115 1108 3177; x_wconf 90' lang='lat' dir='ltr'><strong>duo</strong></span> <span class='ocrx_word' id='word_1_290' title='bbox 1131 3116 1302 3177; x_wconf 90' lang='lat' dir='ltr'><strong>viderentur</strong></span> <span class='ocrx_word' id='word_1_291' title='bbox 1323 3132 1372 3174; x_wconf 92' lang='lat' dir='ltr'><strong>ac·</strong></span> 
     </span>
     <span class='ocr_line' id='line_1_29' title="bbox 75 3212 1372 3298; baseline 0.003 -27"><span class='ocrx_word' id='word_1_292' title='bbox 75 3219 194 3282; x_wconf 90' lang='lat' dir='ltr'><strong>centus,</strong></span> <span class='ocrx_word' id='word_1_293' title='bbox 226 3221 258 3274; x_wconf 91' lang='lat' dir='ltr'><strong>ut</strong></span> <span class='ocrx_word' id='word_1_294' title='bbox 282 3212 448 3294; x_wconf 69' lang='lat' dir='ltr'><strong>sepalratim</strong></span> <span class='ocrx_word' id='word_1_295' title='bbox 479 3215 593 3277; x_wconf 88' lang='lat' dir='ltr'><strong>diceres</strong></span> <span class='ocrx_word' id='word_1_296' title='bbox 616 3215 653 3278; x_wconf 89' lang='lat' dir='ltr'><strong>de&#39;</strong></span> <span class='ocrx_word' id='word_1_297' title='bbox 682 3217 760 3279; x_wconf 90' lang='lat' dir='ltr'><strong>inde.</strong></span> <span class='ocrx_word' id='word_1_298' title='bbox 807 3237 867 3280; x_wconf 91' lang='lat' dir='ltr'><strong>non</strong></span> <span class='ocrx_word' id='word_1_299' title='bbox 890 3227 989 3280; x_wconf 90' lang='lat' dir='ltr'><strong>autem</strong></span> <span class='ocrx_word' id='word_1_300' title='bbox 1011 3220 1054 3279; x_wconf 89' lang='lat' dir='ltr'><strong>sic</strong></span> <span class='ocrx_word' id='word_1_301' title='bbox 1076 3226 1159 3298; x_wconf 91' lang='lat' dir='ltr'><strong>potes</strong></span> <span class='ocrx_word' id='word_1_302' title='bbox 1181 3218 1296 3285; x_wconf 90' lang='lat' dir='ltr'><strong>dicere,</strong></span> <span class='ocrx_word' id='word_1_303' title='bbox 1319 3215 1372 3276; x_wconf 87' lang='lat' dir='ltr'><strong>sed</strong></span> 
     </span>
     <span class='ocr_line' id='line_1_30' title="bbox 75 3307 1372 3398; baseline 0.002 -24"><span class='ocrx_word' id='word_1_304' title='bbox 75 3333 162 3376; x_wconf 91' lang='lat' dir='ltr'><strong>unam</strong></span> <span class='ocrx_word' id='word_1_305' title='bbox 194 3322 308 3394; x_wconf 90' lang='lat' dir='ltr'><strong>partem</strong></span> <span class='ocrx_word' id='word_1_306' title='bbox 337 3316 425 3386; x_wconf 90' lang='lat' dir='ltr'><strong>lacis,</strong></span> <span class='ocrx_word' id='word_1_307' title='bbox 455 3316 534 3379; x_wconf 92' lang='lat' dir='ltr'><strong>unde</strong></span> <span class='ocrx_word' id='word_1_308' title='bbox 563 3327 686 3398; x_wconf 87' lang='lat' dir='ltr'><strong>apparet</strong></span> <span class='ocrx_word' id='word_1_309' title='bbox 714 3321 855 3397; x_wconf 88' lang='lat' dir='ltr'><strong>quoniam</strong></span> <span class='ocrx_word' id='word_1_310' title='bbox 878 3338 956 3380; x_wconf 90' lang='lat' dir='ltr'><strong>unus</strong></span> <span class='ocrx_word' id='word_1_311' title='bbox 978 3330 1119 3381; x_wconf 86' lang='lat' dir='ltr'><strong>accentus</strong></span> <span class='ocrx_word' id='word_1_312' title='bbox 1141 3326 1196 3380; x_wconf 89' lang='lat' dir='ltr'><strong>est.</strong></span> <span class='ocrx_word' id='word_1_313' title='bbox 1240 3307 1311 3396; x_wconf 55' lang='lat' dir='ltr'><strong>erpo</strong></span> <span class='ocrx_word' id='word_1_314' title='bbox 1334 3316 1372 3377; x_wconf 93' lang='lat' dir='ltr'><strong>ob</strong></span> 
     </span>
     <span class='ocr_line' id='line_1_31' title="bbox 74 3416 1373 3500; baseline 0.002 -24"><span class='ocrx_word' id='word_1_315' title='bbox 74 3416 151 3478; x_wconf 85' lang='lat' dir='ltr'><strong>banc</strong></span> <span class='ocrx_word' id='word_1_316' title='bbox 179 3434 316 3487; x_wconf 92' lang='lat' dir='ltr'><strong>causam,</strong></span> <span class='ocrx_word' id='word_1_317' title='bbox 346 3419 486 3495; x_wconf 90' lang='lat' dir='ltr'><strong>quoniam</strong></span> <span class='ocrx_word' id='word_1_318' title='bbox 515 3418 571 3480; x_wconf 89' lang='lat' dir='ltr'><strong>sub</strong></span> <span class='ocrx_word' id='word_1_319' title='bbox 600 3438 660 3481; x_wconf 91' lang='lat' dir='ltr'><strong>uno</strong></span> <span class='ocrx_word' id='word_1_320' title='bbox 688 3428 811 3482; x_wconf 88' lang='lat' dir='ltr'><strong>accentu</strong></span> <span class='ocrx_word' id='word_1_321' title='bbox 840 3423 1046 3500; x_wconf 81' lang='lat' dir='ltr'><strong>coniungitur,</strong></span> <span class='ocrx_word' id='word_1_322' title='bbox 1075 3421 1190 3482; x_wconf 86' lang='lat' dir='ltr'><strong>videtur</strong></span> <span class='ocrx_word' id='word_1_323' title='bbox 1218 3439 1276 3480; x_wconf 90' lang='lat' dir='ltr'><strong>una</strong></span> <span class='ocrx_word' id='word_1_324' title='bbox 1303 3436 1373 3500; x_wconf 92' lang='lat' dir='ltr'><strong>pars</strong></span> 
     </span>
     <span class='ocr_line' id='line_1_32' title="bbox 43 3519 1490 3604; baseline 0.004 -26"><span class='ocrx_word' id='word_1_325' title='bbox 43 3531 139 3578; x_wconf 65' lang='lat' dir='ltr'><strong>nesse</strong></span> <span class='ocrx_word' id='word_1_326' title='bbox 174 3520 328 3580; x_wconf 90' lang='lat' dir='ltr'><strong>orationis.</strong></span> <span class='ocrx_word' id='word_1_327' title='bbox 374 3519 462 3599; x_wconf 87' lang='lat' dir='ltr'><strong>plane</strong></span> <span class='ocrx_word' id='word_1_328' title='bbox 495 3520 532 3581; x_wconf 92' lang='lat' dir='ltr'><strong>de</strong></span> <span class='ocrx_word' id='word_1_329' title='bbox 564 3520 613 3584; x_wconf 91' lang='lat' dir='ltr'><strong>illa</strong></span> <span class='ocrx_word' id='word_1_330' title='bbox 646 3541 694 3594; x_wconf 90' lang='lat' dir='ltr'><strong>re,</strong></span> <span class='ocrx_word' id='word_1_331' title='bbox 730 3543 745 3584; x_wconf 94' lang='lat' dir='ltr'><strong>a</strong></span> <span class='ocrx_word' id='word_1_332' title='bbox 774 3541 876 3593; x_wconf 90' lang='lat' dir='ltr'><strong>mane,</strong></span> <span class='ocrx_word' id='word_1_333' title='bbox 905 3523 993 3584; x_wconf 92' lang='lat' dir='ltr'><strong>audio</strong></span> <span class='ocrx_word' id='word_1_334' title='bbox 1022 3523 1180 3604; x_wconf 84' lang='lat' dir='ltr'><strong>plerosque</strong></span> <span class='ocrx_word' id='word_1_335' title='bbox 1206 3524 1249 3583; x_wconf 91' lang='lat' dir='ltr'><strong>sic</strong></span> <span class='ocrx_word' id='word_1_336' title='bbox 1277 3519 1444 3598; x_wconf 78' lang='lat' dir='ltr'><strong>loquizsrt,</strong></span> <span class='ocrx_word' id='word_1_337' title='bbox 1457 3535 1490 3584; x_wconf 83' lang='grc'><strong>36</strong></span> 
     </span>
     <span class='ocr_line' id='line_1_33' title="bbox 74 3621 1391 3707; baseline 0.003 -27"><span class='ocrx_word' id='word_1_338' title='bbox 74 3622 202 3700; x_wconf 82' lang='lat' dir='ltr'><strong>iungunt</strong></span> <span class='ocrx_word' id='word_1_339' title='bbox 229 3621 480 3701; x_wconf 86' lang='lat' dir='ltr'><strong>praepositionem</strong></span> <span class='ocrx_word' id='word_1_340' title='bbox 510 3621 664 3694; x_wconf 85' lang='lat' dir='ltr'><strong>adverbio;</strong></span> <span class='ocrx_word' id='word_1_341' title='bbox 695 3643 783 3684; x_wconf 93' lang='lat' dir='ltr'><strong>nemo</strong></span> <span class='ocrx_word' id='word_1_342' title='bbox 813 3625 885 3685; x_wconf 88' lang='lat' dir='ltr'><strong>dicit</strong></span> <span class='ocrx_word' id='word_1_343' title='bbox 913 3644 929 3685; x_wconf 93' lang='lat' dir='ltr'><strong>a</strong></span> <span class='ocrx_word' id='word_1_344' title='bbox 957 3643 1052 3685; x_wconf 91' lang='lat' dir='ltr'><strong>mane.</strong></span> <span class='ocrx_word' id='word_1_345' title='bbox 1100 3628 1126 3686; x_wconf 92' lang='lat' dir='ltr'><strong>si</strong></span> <span class='ocrx_word' id='word_1_346' title='bbox 1153 3633 1251 3686; x_wconf 90' lang='lat' dir='ltr'><strong>autem</strong></span> <span class='ocrx_word' id='word_1_347' title='bbox 1273 3622 1391 3707; x_wconf 89' lang='lat' dir='ltr'><strong>dicere</strong></span> 
     </span>
     <span class='ocr_line' id='line_1_34' title="bbox 75 3721 1373 3812; baseline 0.003 -32"><span class='ocrx_word' id='word_1_348' title='bbox 75 3721 204 3784; x_wconf 81' lang='lat' dir='ltr'><strong>volueris</strong></span> <span class='ocrx_word' id='word_1_349' title='bbox 233 3741 249 3784; x_wconf 96' lang='lat' dir='ltr'><strong>a</strong></span> <span class='ocrx_word' id='word_1_350' title='bbox 276 3741 378 3793; x_wconf 90' lang='lat' dir='ltr'><strong>mane,</strong></span> <span class='ocrx_word' id='word_1_351' title='bbox 409 3731 524 3785; x_wconf 88' lang='lat' dir='ltr'><strong>mutare</strong></span> <span class='ocrx_word' id='word_1_352' title='bbox 553 3723 643 3786; x_wconf 88' lang='lat' dir='ltr'><strong>habes</strong></span> <span class='ocrx_word' id='word_1_353' title='bbox 672 3744 787 3795; x_wconf 88' lang='lat' dir='ltr'><strong>casum,</strong></span> <span class='ocrx_word' id='word_1_354' title='bbox 819 3735 850 3786; x_wconf 94' lang='lat' dir='ltr'><strong>et</strong></span> <span class='ocrx_word' id='word_1_355' title='bbox 878 3726 978 3788; x_wconf 92' lang='lat' dir='ltr'><strong>dicere</strong></span> <span class='ocrx_word' id='word_1_356' title='bbox 1000 3726 1092 3788; x_wconf 90' lang='lat' dir='ltr'><strong>habes</strong></span> <span class='ocrx_word' id='word_1_357' title='bbox 1114 3729 1203 3788; x_wconf 90' lang='lat' dir='ltr'><strong>mani.</strong></span> <span class='ocrx_word' id='word_1_358' title='bbox 1248 3725 1373 3812; x_wconf 79' lang='lat' dir='ltr'><strong>legimus</strong></span> 
     </span>
     <span class='ocr_line' id='line_1_35' title="bbox 75 3825 1373 3909; baseline 0.002 -25"><span class='ocrx_word' id='word_1_359' title='bbox 75 3827 152 3886; x_wconf 91' lang='lat' dir='ltr'><strong>enim</strong></span> <span class='ocrx_word' id='word_1_360' title='bbox 171 3825 261 3905; x_wconf 85' lang='lat' dir='ltr'><strong>apud</strong></span> <span class='ocrx_word' id='word_1_361' title='bbox 290 3825 425 3886; x_wconf 91' lang='lat' dir='ltr'><strong>Plautum</strong></span> <span class='ocrx_word' id='word_1_362' title='bbox 454 3830 488 3887; x_wconf 75' lang='lat' dir='ltr'><strong>‘a</strong></span> <span class='ocrx_word' id='word_1_363' title='bbox 517 3830 612 3887; x_wconf 92' lang='lat' dir='ltr'><strong>mani</strong></span> <span class='ocrx_word' id='word_1_364' title='bbox 641 3846 755 3907; x_wconf 88' lang='lat' dir='ltr'><strong>usque</strong></span> <span class='ocrx_word' id='word_1_365' title='bbox 784 3827 824 3888; x_wconf 87' lang='lat' dir='ltr'><strong>ad</strong></span> <span class='ocrx_word' id='word_1_366' title='bbox 853 3832 1078 3908; x_wconf 84' lang='lat' dir='ltr'><strong>vesperum’.</strong></span> <span class='ocrx_word' id='word_1_367' title='bbox 1122 3838 1151 3890; x_wconf 92' lang='lat' dir='ltr'><strong>et</strong></span> <span class='ocrx_word' id='word_1_368' title='bbox 1178 3847 1236 3909; x_wconf 92' lang='lat' dir='ltr'><strong>qua</strong></span> <span class='ocrx_word' id='word_1_369' title='bbox 1258 3830 1373 3889; x_wconf 88' lang='lat' dir='ltr'><strong>ratione</strong></span> 
     </span>
     <span class='ocr_line' id='line_1_36' title="bbox 74 3926 1373 4012; baseline 0.002 -26"><span class='ocrx_word' id='word_1_370' title='bbox 74 3929 198 3987; x_wconf 83' lang='lat' dir='ltr'><strong>mrrtavit</strong></span> <span class='ocrx_word' id='word_1_371' title='bbox 219 3927 339 3988; x_wconf 83' lang='lat' dir='ltr'><strong>casum?</strong></span> <span class='ocrx_word' id='word_1_372' title='bbox 362 3926 423 3988; x_wconf 93' lang='lat' dir='ltr'><strong>noli</strong></span> <span class='ocrx_word' id='word_1_373' title='bbox 446 3936 550 4007; x_wconf 88' lang='lat' dir='ltr'><strong>putare</strong></span> <span class='ocrx_word' id='word_1_374' title='bbox 565 3947 619 4009; x_wconf 94' lang='lat' dir='ltr'><strong>per</strong></span> <span class='ocrx_word' id='word_1_375' title='bbox 635 3931 818 4010; x_wconf 68' lang='lat' dir='ltr'><strong>inperitiam</strong></span> <span class='ocrx_word' id='word_1_376' title='bbox 842 3933 915 4011; x_wconf 89' lang='lat' dir='ltr'><strong>quin</strong></span> <span class='ocrx_word' id='word_1_377' title='bbox 939 3933 1030 3992; x_wconf 90' lang='lat' dir='ltr'><strong>immo</strong></span> <span class='ocrx_word' id='word_1_378' title='bbox 1046 3932 1103 3992; x_wconf 88' lang='lat' dir='ltr'><strong>boo</strong></span> <span class='ocrx_word' id='word_1_379' title='bbox 1118 3931 1282 4012; x_wconf 88' lang='lat' dir='ltr'><strong>prudenter</strong></span> <span class='ocrx_word' id='word_1_380' title='bbox 1304 3931 1373 3990; x_wconf 89' lang='lat' dir='ltr'><strong>iecit</strong></span> 
     </span>
     <span class='ocr_line' id='line_1_37' title="bbox 45 4028 1371 4112; baseline 0.004 -26"><span class='ocrx_word' id='word_1_381' title='bbox 45 4035 102 4087; x_wconf 75' lang='lat' dir='ltr'><strong>oet</strong></span> <span class='ocrx_word' id='word_1_382' title='bbox 124 4028 223 4091; x_wconf 85' lang='lat' dir='ltr'><strong>docte.</strong></span> <span class='ocrx_word' id='word_1_383' title='bbox 254 4031 382 4091; x_wconf 92' lang='lat' dir='ltr'><strong>maiores</strong></span> <span class='ocrx_word' id='word_1_384' title='bbox 405 4031 498 4091; x_wconf 93' lang='lat' dir='ltr'><strong>nostri</strong></span> <span class='ocrx_word' id='word_1_385' title='bbox 519 4031 576 4092; x_wconf 88' lang='lat' dir='ltr'><strong>hoo</strong></span> <span class='ocrx_word' id='word_1_386' title='bbox 598 4033 694 4111; x_wconf 89' lang='lat' dir='ltr'><strong>ipsum</strong></span> <span class='ocrx_word' id='word_1_387' title='bbox 718 4050 805 4094; x_wconf 90' lang='lat' dir='ltr'><strong>mane</strong></span> <span class='ocrx_word' id='word_1_388' title='bbox 826 4031 985 4095; x_wconf 87' lang='lat' dir='ltr'><strong>voluemnt</strong></span> <span class='ocrx_word' id='word_1_389' title='bbox 1006 4033 1117 4094; x_wconf 88' lang='lat' dir='ltr'><strong>habere</strong></span> <span class='ocrx_word' id='word_1_390' title='bbox 1138 4051 1249 4112; x_wconf 86' lang='lat' dir='ltr'><strong>genus:</strong></span> <span class='ocrx_word' id='word_1_391' title='bbox 1274 4030 1371 4091; x_wconf 78' lang='lat' dir='ltr'><strong>‘dum</strong></span> 
     </span>
     <span class='ocr_line' id='line_1_38' title="bbox 1 4131 1474 4218; baseline 0.005 -27"><span class='ocrx_word' id='word_1_392' title='bbox 1 4165 2 4218; x_wconf 36' lang='lat' dir='ltr'><strong>p</strong></span> <span class='ocrx_word' id='word_1_393' title='bbox 74 4147 178 4193; x_wconf 90' lang='lat' dir='ltr'><strong>mane</strong></span> <span class='ocrx_word' id='word_1_394' title='bbox 201 4135 362 4192; x_wconf 88' lang='lat' dir='ltr'><strong>novum&#39;.</strong></span> <span class='ocrx_word' id='word_1_395' title='bbox 407 4131 550 4194; x_wconf 75' lang='lat' dir='ltr'><strong>‘novum’</strong></span> <span class='ocrx_word' id='word_1_396' title='bbox 573 4151 666 4212; x_wconf 85' lang='lat' dir='ltr'><strong>genus</strong></span> <span class='ocrx_word' id='word_1_397' title='bbox 690 4144 743 4196; x_wconf 91' lang='lat' dir='ltr'><strong>est.</strong></span> <span class='ocrx_word' id='word_1_398' title='bbox 775 4135 920 4214; x_wconf 89' lang='lat' dir='ltr'><strong>numquid</strong></span> <span class='ocrx_word' id='word_1_399' title='bbox 944 4144 1042 4216; x_wconf 88' lang='lat' dir='ltr'><strong>potest</strong></span> <span class='ocrx_word' id='word_1_400' title='bbox 1064 4154 1158 4215; x_wconf 83' lang='lat' dir='ltr'><strong>genus</strong></span> <span class='ocrx_word' id='word_1_401' title='bbox 1180 4135 1300 4212; x_wconf 79' lang='lat' dir='ltr'><strong>adiungi</strong></span> <span class='ocrx_word' id='word_1_402' title='bbox 1321 4133 1372 4193; x_wconf 94' lang='lat' dir='ltr'><strong>ad·</strong></span> <span class='ocrx_word' id='word_1_403' title='bbox 1470 4192 1474 4198; x_wconf 92' lang='lat'><em>.</em></span> 
     </span>
    </p>
   </div>
   <div class='ocr_carea' id='block_1_3' title="bbox 1 4384 1376 4946">
    <p class='ocr_par' dir='ltr' id='par_1_3' title="bbox 1 4384 1376 4946">
     <span class='ocr_line' id='line_1_39' title="bbox 141 4384 1373 4458; baseline 0.002 -21"><span class='ocrx_word' id='word_1_404' title='bbox 141 4384 264 4453; x_wconf 80' lang='lat' dir='ltr'><strong>2Creto]</strong></span> <span class='ocrx_word' id='word_1_405' title='bbox 289 4389 368 4453; x_wconf 75' lang='lat' dir='ltr'><strong>Verp.</strong></span> <span class='ocrx_word' id='word_1_406' title='bbox 388 4387 503 4441; x_wconf 75' lang='lat' dir='ltr'><strong>Aemili</strong></span> <span class='ocrx_word' id='word_1_407' title='bbox 523 4385 574 4439; x_wconf 79' lang='lat'><strong>104</strong></span> <span class='ocrx_word' id='word_1_408' title='bbox 663 4387 916 4458; x_wconf 77' lang='lat' dir='ltr'><strong>dproepositiones]</strong></span> <span class='ocrx_word' id='word_1_409' title='bbox 939 4391 1072 4457; x_wconf 86' lang='lat' dir='ltr'><strong>conposito</strong></span> <span class='ocrx_word' id='word_1_410' title='bbox 1090 4392 1175 4444; x_wconf 81' lang='lat' dir='ltr'><strong>ABG</strong></span> <span class='ocrx_word' id='word_1_411' title='bbox 1254 4390 1373 4440; x_wconf 86' lang='lat' dir='ltr'><strong>8nescio</strong></span> 
     </span>
     <span class='ocr_line' id='line_1_40' title="bbox 75 4455 1372 4522; baseline 0.003 -18"><span class='ocrx_word' id='word_1_412' title='bbox 75 4471 122 4516; x_wconf 82' lang='lat' dir='ltr'><strong>qna</strong></span> <span class='ocrx_word' id='word_1_413' title='bbox 140 4457 205 4507; x_wconf 84' lang='lat' dir='ltr'><strong>telio</strong></span> <span class='ocrx_word' id='word_1_414' title='bbox 224 4457 310 4508; x_wconf 82' lang='lat' dir='ltr'><strong>ABG</strong></span> <span class='ocrx_word' id='word_1_415' title='bbox 325 4457 413 4508; x_wconf 82' lang='lat' dir='ltr'><strong>neseio</strong></span> <span class='ocrx_word' id='word_1_416' title='bbox 432 4466 525 4522; x_wconf 86' lang='lat' dir='ltr'><strong>quanta</strong></span> <span class='ocrx_word' id='word_1_417' title='bbox 543 4458 591 4508; x_wconf 82' lang='lat' dir='ltr'><strong>elio</strong></span> <span class='ocrx_word' id='word_1_418' title='bbox 609 4455 642 4508; x_wconf 74' lang='lat' dir='ltr'><strong>a*</strong></span> <span class='ocrx_word' id='word_1_419' title='bbox 715 4460 746 4510; x_wconf 78' lang='lat'><strong>12</strong></span> <span class='ocrx_word' id='word_1_420' title='bbox 766 4461 816 4511; x_wconf 88' lang='lat' dir='ltr'><strong>tale</strong></span> <span class='ocrx_word' id='word_1_421' title='bbox 831 4462 865 4510; x_wconf 87' lang='lat' dir='ltr'><strong>sit</strong></span> <span class='ocrx_word' id='word_1_422' title='bbox 883 4477 913 4510; x_wconf 88' lang='lat' dir='ltr'><strong>nc</strong></span> <span class='ocrx_word' id='word_1_423' title='bbox 926 4462 1008 4513; x_wconf 81' lang='lat' dir='ltr'><strong>ABG</strong></span> <span class='ocrx_word' id='word_1_424' title='bbox 1078 4463 1111 4513; x_wconf 78' lang='lat' dir='ltr'><strong>lb</strong></span> <span class='ocrx_word' id='word_1_425' title='bbox 1128 4470 1228 4512; x_wconf 85' lang='lat' dir='ltr'><strong>curator</strong></span> <span class='ocrx_word' id='word_1_426' title='bbox 1245 4469 1283 4511; x_wconf 89' lang='lat' dir='ltr'><strong>est</strong></span> <span class='ocrx_word' id='word_1_427' title='bbox 1300 4474 1372 4509; x_wconf 88' lang='lat' dir='ltr'><strong>meus</strong></span> 
     </span>
     <span class='ocr_line' id='line_1_41' title="bbox 78 4528 1372 4598; baseline 0.002 -24"><span class='ocrx_word' id='word_1_428' title='bbox 78 4528 122 4576; x_wconf 81' lang='lat' dir='ltr'><strong>iste</strong></span> <span class='ocrx_word' id='word_1_429' title='bbox 140 4528 230 4578; x_wconf 77' lang='lat' dir='ltr'><strong>Aue</strong></span> <span class='ocrx_word' id='word_1_430' title='bbox 311 4537 460 4593; x_wconf 84' lang='lat' dir='ltr'><strong>procurator</strong></span> <span class='ocrx_word' id='word_1_431' title='bbox 473 4537 511 4579; x_wconf 88' lang='lat' dir='ltr'><strong>est</strong></span> <span class='ocrx_word' id='word_1_432' title='bbox 528 4529 674 4579; x_wconf 78' lang='lat' dir='ltr'><strong>isteABG</strong></span> <span class='ocrx_word' id='word_1_433' title='bbox 759 4529 790 4581; x_wconf 88' lang='lat'><strong>18</strong></span> <span class='ocrx_word' id='word_1_434' title='bbox 809 4532 831 4581; x_wconf 88' lang='lat' dir='ltr'><strong>si</strong></span> <span class='ocrx_word' id='word_1_435' title='bbox 852 4532 1010 4598; x_wconf 84' lang='lat' dir='ltr'><strong>praepositio</strong></span> <span class='ocrx_word' id='word_1_436' title='bbox 1025 4541 1109 4584; x_wconf 84' lang='lat' dir='ltr'><strong>autern</strong></span> <span class='ocrx_word' id='word_1_437' title='bbox 1128 4530 1332 4597; x_wconf 82' lang='lat' dir='ltr'><strong>iungiturBGa</strong></span> <span class='ocrx_word' id='word_1_438' title='bbox 1350 4529 1372 4578; x_wconf 91' lang='lat' dir='ltr'><strong>si</strong></span> 
     </span>
     <span class='ocr_line' id='line_1_42' title="bbox 76 4598 1374 4666; baseline 0.003 -22"><span class='ocrx_word' id='word_1_439' title='bbox 76 4599 276 4663; x_wconf 81' lang='lat' dir='ltr'><strong>praepositiones</strong></span> <span class='ocrx_word' id='word_1_440' title='bbox 295 4607 379 4647; x_wconf 87' lang='lat' dir='ltr'><strong>autem</strong></span> <span class='ocrx_word' id='word_1_441' title='bbox 398 4599 536 4665; x_wconf 80' lang='lat' dir='ltr'><strong>iunguntur</strong></span> <span class='ocrx_word' id='word_1_442' title='bbox 553 4598 577 4647; x_wconf 86' lang='grc' dir='ltr'><em>Α</em></span> <span class='ocrx_word' id='word_1_443' title='bbox 632 4599 784 4654; x_wconf 81' lang='lat' dir='ltr'><strong>19sedom.</strong></span> <span class='ocrx_word' id='word_1_444' title='bbox 801 4602 835 4660; x_wconf 88' lang='grc' dir='ltr'><strong>Α,</strong></span> <span class='ocrx_word' id='word_1_445' title='bbox 854 4602 946 4651; x_wconf 68' lang='lat' dir='ltr'><strong>oddo</strong></span> <span class='ocrx_word' id='word_1_446' title='bbox 997 4601 1108 4653; x_wconf 65' lang='lat' dir='ltr'><strong>ilhinc</strong></span> <span class='ocrx_word' id='word_1_447' title='bbox 1125 4601 1288 4666; x_wconf 83' lang='lat' dir='ltr'><strong>quodChic</strong></span> <span class='ocrx_word' id='word_1_448' title='bbox 1305 4601 1374 4663; x_wconf 90' lang='lat' dir='ltr'><strong>quod</strong></span> 
     </span>
     <span class='ocr_line' id='line_1_43' title="bbox 1 4667 1376 4733; baseline 0.006 -20"><span class='ocrx_word' id='word_1_449' title='bbox 1 4697 3 4732; x_wconf 62' lang='lat'>;</span> <span class='ocrx_word' id='word_1_450' title='bbox 78 4667 122 4714; x_wconf 78' lang='lat' dir='ltr'><strong>Ba</strong></span> <span class='ocrx_word' id='word_1_451' title='bbox 144 4667 187 4717; x_wconf 88' lang='lat' dir='ltr'><strong>hie</strong></span> <span class='ocrx_word' id='word_1_452' title='bbox 203 4667 306 4730; x_wconf 83' lang='lat' dir='ltr'><strong>quando</strong></span> <span class='ocrx_word' id='word_1_453' title='bbox 322 4668 347 4719; x_wconf 75' lang='lat' dir='ltr'><em>A</em></span> <span class='ocrx_word' id='word_1_454' title='bbox 399 4669 432 4718; x_wconf 80' lang='lat' dir='ltr'><strong>at</strong></span> <span class='ocrx_word' id='word_1_455' title='bbox 452 4677 536 4733; x_wconf 84' lang='lat' dir='ltr'><strong>potest</strong></span> <span class='ocrx_word' id='word_1_456' title='bbox 553 4667 607 4718; x_wconf 74' lang='lat' dir='ltr'><strong>Ad</strong></span> <span class='ocrx_word' id='word_1_457' title='bbox 675 4669 709 4720; x_wconf 84' lang='lat'><strong>32</strong></span> <span class='ocrx_word' id='word_1_458' title='bbox 728 4671 844 4727; x_wconf 67' lang='lat' dir='ltr'><strong>casus&amp;</strong></span> <span class='ocrx_word' id='word_1_459' title='bbox 913 4671 1076 4722; x_wconf 82' lang='lat' dir='ltr'><strong>habesmeni</strong></span> <span class='ocrx_word' id='word_1_460' title='bbox 1093 4672 1119 4722; x_wconf 90' lang='lat' dir='ltr'><em>B</em></span> <span class='ocrx_word' id='word_1_461' title='bbox 1135 4671 1305 4722; x_wconf 85' lang='lat' dir='ltr'><strong>habesmane</strong></span> <span class='ocrx_word' id='word_1_462' title='bbox 1323 4670 1376 4721; x_wconf 79' lang='grc' dir='ltr'><strong>ΑΟ</strong></span> 
     </span>
     <span class='ocr_line' id='line_1_44' title="bbox 1 4734 1370 4807; baseline 0.007 -25"><span class='ocrx_word' id='word_1_463' title='bbox 1 4765 2 4796; x_wconf 34' lang='lat' dir='ltr'><strong>p</strong></span> <span class='ocrx_word' id='word_1_464' title='bbox 76 4734 153 4785; x_wconf 82' lang='lat' dir='ltr'><strong>hebes</strong></span> <span class='ocrx_word' id='word_1_465' title='bbox 172 4739 273 4787; x_wconf 81' lang='lat' dir='ltr'><strong>emani</strong></span> <span class='ocrx_word' id='word_1_466' title='bbox 292 4753 317 4798; x_wconf 85' lang='lat' dir='ltr'><strong>o,</strong></span> <span class='ocrx_word' id='word_1_467' title='bbox 332 4738 380 4788; x_wconf 79' lang='lat' dir='ltr'><strong>sed</strong></span> <span class='ocrx_word' id='word_1_468' title='bbox 397 4737 485 4790; x_wconf 82' lang='lat' dir='ltr'><strong>deletis</strong></span> <span class='ocrx_word' id='word_1_469' title='bbox 502 4740 592 4788; x_wconf 83' lang='lat' dir='ltr'><strong>litteris</strong></span> <span class='ocrx_word' id='word_1_470' title='bbox 610 4741 690 4789; x_wconf 84' lang='lat' dir='ltr'><strong>aeti</strong></span> <span class='ocrx_word' id='word_1_471' title='bbox 745 4740 777 4791; x_wconf 82' lang='grc'><strong>33</strong></span> <span class='ocrx_word' id='word_1_472' title='bbox 796 4741 865 4791; x_wconf 88' lang='lat' dir='ltr'><strong>enim</strong></span> <span class='ocrx_word' id='word_1_473' title='bbox 884 4758 930 4796; x_wconf 84' lang='lat' dir='ltr'><strong>om.</strong></span> <span class='ocrx_word' id='word_1_474' title='bbox 945 4741 984 4802; x_wconf 82' lang='lat' dir='ltr'><strong>A,</strong></span> <span class='ocrx_word' id='word_1_475' title='bbox 1001 4744 1064 4796; x_wconf 83' lang='lat' dir='ltr'><strong>add.</strong></span> <span class='ocrx_word' id='word_1_476' title='bbox 1084 4759 1102 4792; x_wconf 88' lang='lat' dir='ltr'><strong>o</strong></span> <span class='ocrx_word' id='word_1_477' title='bbox 1154 4742 1224 4807; x_wconf 85' lang='lat' dir='ltr'><strong>apud</strong></span> <span class='ocrx_word' id='word_1_478' title='bbox 1242 4738 1370 4807; x_wconf 84' lang='lat' dir='ltr'><strong>Plontum]</strong></span> 
     </span>
     <span class='ocr_line' id='line_1_45' title="bbox 1 4804 1306 4875; baseline 0.008 -24"><span class='ocrx_word' id='word_1_479' title='bbox 1 4809 3 4874; x_wconf 63' lang='lat' dir='ltr'><strong>i</strong></span> <span class='ocrx_word' id='word_1_480' title='bbox 79 4804 189 4860; x_wconf 61' lang='lat' dir='ltr'><strong>illustetl.</strong></span> <span class='ocrx_word' id='word_1_481' title='bbox 209 4808 244 4857; x_wconf 93' lang='grc'><strong>111</strong></span> <span class='ocrx_word' id='word_1_482' title='bbox 262 4807 338 4870; x_wconf 82' lang='grc'><strong>2,80</strong></span> <span class='ocrx_word' id='word_1_483' title='bbox 356 4805 420 4870; x_wconf 79' lang='lat' dir='ltr'><strong>(rut</strong></span> <span class='ocrx_word' id='word_1_484' title='bbox 438 4809 483 4870; x_wconf 83' lang='lat' dir='ltr'><strong>Il.)</strong></span> <span class='ocrx_word' id='word_1_485' title='bbox 502 4809 536 4872; x_wconf 84' lang='lat' dir='ltr'><strong>cf.</strong></span> <span class='ocrx_word' id='word_1_486' title='bbox 553 4822 633 4871; x_wconf 79' lang='lat' dir='ltr'><strong>nrpro</strong></span> <span class='ocrx_word' id='word_1_487' title='bbox 645 4825 671 4875; x_wconf 86' lang='lat' dir='ltr'><strong>p.</strong></span> <span class='ocrx_word' id='word_1_488' title='bbox 690 4810 725 4863; x_wconf 89' lang='lat'><strong>88</strong></span> <span class='ocrx_word' id='word_1_489' title='bbox 741 4812 780 4862; x_wconf 85' lang='lat' dir='ltr'><strong>ed.</strong></span> <span class='ocrx_word' id='word_1_490' title='bbox 801 4813 879 4864; x_wconf 80' lang='lat' dir='ltr'><strong>Lind.</strong></span> <span class='ocrx_word' id='word_1_491' title='bbox 950 4814 1052 4864; x_wconf 84' lang='lat' dir='ltr'><strong>amani</strong></span> <span class='ocrx_word' id='word_1_492' title='bbox 1070 4813 1147 4864; x_wconf 88' lang='lat' dir='ltr'><strong>Boe</strong></span> <span class='ocrx_word' id='word_1_493' title='bbox 1166 4812 1306 4862; x_wconf 83' lang='lat' dir='ltr'><strong>maneAO</strong></span> 
     </span>
     <span class='ocr_line' id='line_1_46' title="bbox 1 4873 531 4946; baseline 0.011 -23"><span class='ocrx_word' id='word_1_494' title='bbox 1 4935 2 4938; x_wconf 8' lang='grc' dir='ltr'><strong>Ἴ</strong></span> <span class='ocrx_word' id='word_1_495' title='bbox 77 4873 110 4926; x_wconf 79' lang='grc'><strong>35</strong></span> <span class='ocrx_word' id='word_1_496' title='bbox 129 4875 199 4944; x_wconf 88' lang='lat' dir='ltr'><strong>dnm]</strong></span> <span class='ocrx_word' id='word_1_497' title='bbox 224 4877 304 4944; x_wconf 76' lang='lat' dir='ltr'><strong>Verp.</strong></span> <span class='ocrx_word' id='word_1_498' title='bbox 323 4893 412 4946; x_wconf 69' lang='lat' dir='ltr'><strong>peorp.</strong></span> <span class='ocrx_word' id='word_1_499' title='bbox 429 4879 462 4929; x_wconf 95' lang='grc'><strong>111</strong></span> <span class='ocrx_word' id='word_1_500' title='bbox 480 4877 531 4929; x_wconf 77' lang='grc'><strong>325</strong></span> 
     </span>
    </p>
   </div>
   <div class='ocr_carea' id='block_1_4' title="bbox 0 0 1680 5442">
    <p class='ocr_par' dir='ltr' id='par_1_4' title="bbox 0 0 1680 5442">
     <span class='ocr_line' id='line_1_47' title="bbox 0 0 1680 5442; baseline 0 1"><span class='ocrx_word' id='word_1_501' title='bbox 0 0 1680 5442; x_wconf 95' lang='lat' dir='ltr'><strong> </strong></span> 
     </span>
    </p>
   </div>
  </div>
 </body>
</html>
