3350 5442
325 354 385 419 126
890 354 1044 418 Pouruu

365 494 371 505 .
383 466 460 507 os-ar
473 464 495 505 r„

324 478 426 606 dibuut
447 544 533 605 oden.
563 542 686 604 verbum
708 542 746 603 de
766 541 859 603 verbo
881 541 977 602 Latini
1000 549 1225 623 expresserunt,
1249 549 1282 602 ut
1303 540 1437 603 dicerent
1456 541 1603 621 prosodias

324 655 472 708 accentus.
518 644 570 707 sed
593 645 690 706 Latiui
711 642 823 705 habeut
845 650 875 705 et
896 644 952 705 alia
974 646 1109 706 uomina:
1131 652 1161 705 et
1181 652 1282 705 tonum
1305 651 1335 703 et
1348 651 1483 704 tenorem
1499 643 1600 704 dieunt.

323 748 397 810 nibil
423 752 563 818 interest,
592 750 654 808 sive
681 753 837 808 aooeutum
866 744 998 806 dicamus
1025 749 1085 808 sire
1113 756 1216 808 tonum
1245 747 1306 807 sive
1328 753 1480 815 tenorem;
1509 745 1602 807 eadem

323 853 399 912 ratio
428 859 485 922 est,
512 852 633 911 uomiua
660 857 729 910 suut
756 855 869 908 tautum
895 847 984 909 modo
1013 848 1164 911 dissimila.
1208 857 1346 909 accentus
1374 850 1425 928 qui
1452 850 1604 909 necessarii

323 952 410 1014 nobis
433 961 502 1015 suut
523 952 582 1013 duo
604 959 673 1014 suut
694 958 806 1011 tautum
826 948 831 1029 Ι
851 949 940 1011 modo
963 950 1042 1029 apud
1063 950 1197 1027 Latinos,
1222 958 1325 1012 acutus
1348 959 1378 1011 et
1392 950 1624 1012 circumflexus

324 1064 428 1116 acutus
450 1056 559 1118 dicitur
581 1064 734 1124 accentus,
757 1054 895 1133 quotious
916 1054 1026 1113 cursim
1049 1052 1189 1132 syllabam
1213 1052 1407 1132 proterimus,
1432 1060 1465 1113 ut
1487 1054 1513 1113 si
1534 1052 1606 1111 dieas

324 1158 407 1219 arma
435 1159 538 1219 aircus:
567 1176 627 1218 nou
661 1173 820 1237 possumus
848 1154 947 1215 dicere
975 1157 1072 1225 airma,
1103 1174 1162 1216 uon
1195 1172 1353 1236 possumus
1380 1154 1483 1216 dicero
1515 1158 1603 1215 mous.
1641 1200 1642 1213 ,

324 1269 427 1322 acutus
471 1278 541 1339 ergo
579 1261 700 1330 dieitur,
740 1256 858 1338 quaudo
896 1258 1005 1317 cursim
1048 1256 1190 1336 syllabam
1231 1258 1419 1340 prolerimus
1485 1258 1605 1317 circum·
1641 1250 1642 1335 y

323 1362 419 1424 llexus
453 1362 570 1433 dieitur,
605 1360 723 1440 quaudo
762 1362 880 1421 tractim
922 1358 1064 1440 syllabam
1096 1359 1292 1439 proferimus,
1332 1366 1365 1420 ut
1401 1362 1480 1421 meta
1517 1360 1605 1419 Musa:
1641 1344 1642 1407 ἒ

323 1484 384 1526 uon
420 1482 578 1545 possumus
614 1463 715 1524 dioere
751 1462 843 1531 me'ta,
881 1479 941 1522 uou
978 1479 1136 1540 possumus
1173 1461 1274 1522 dicere
1309 1461 1401 1522 bleisa.
1448 1479 1519 1540 ergo
1555 1460 1642 1523 cir-1⁰}

324 1565 502 1627 oumllexum
532 1566 657 1627 dicimus
684 1567 735 1646 qui
762 1565 882 1625 tractim
909 1565 1090 1647 prolerturk
1105 1572 1222 1625 acutum
1245 1562 1327 1623 illum
1351 1566 1401 1641 qui
1423 1565 1544 1625 cursim.
1568 1572 1608 1623 εει

324 1670 413 1729 etiam
434 1670 546 1746 gravis,
575 1668 628 1730 sed
648 1669 706 1728 iste
731 1684 827 1747 paone
854 1666 1023 1746 superfluus
1046 1674 1091 1727 est
1120 1665 1195 1744 apud
1224 1665 1352 1727 Latinos.
1398 1652 1457 1745 dua
1479 1666 1606 1727 rationo?
1641 1680 1642 1753 J

324 1790 381 1832 uec
402 1779 506 1833 acutus
527 1788 583 1832 neo
605 1768 812 1830 circumflexus
834 1777 888 1829 εει.
933 1771 1029 1829 omnis
1051 1786 1151 1830 sermo
1173 1785 1295 1828 neeesse
1318 1775 1362 1829 est
1383 1776 1415 1829 ut
1431 1775 1483 1828 aut
1497 1776 1605 1828 aeuum
1641 1766 1642 1849 l

324 1873 432 1934 babeat
452 1880 502 1933 aut
524 1872 762 1934 circumflexum:
786 1869 886 1931 nullus
909 1878 954 1931 est
976 1889 1089 1941 sermo,
1113 1872 1163 1950 qui
1186 1870 1250 1931 siue
1271 1870 1335 1931 istis
1357 1870 1408 1930 sit:
1431 1872 1457 1930 si
1480 1888 1540 1931 uou
1561 1868 1607 1929 ba·
1641 1850 1642 1941 l

325 1974 375 2035 bet
402 1984 535 2045 acutum,
563 1974 790 2035 oiroumllexum
821 1971 925 2041 babet;
961 1974 986 2033 si
1019 1992 1079 2034 uon
1107 1970 1199 2033 habet
1226 1972 1464 2041 circumflexum,
1495 1964 1642 2032 aeutum1⁵l

324 2076 422 2137 habet.
446 2084 477 2137 et
503 2076 601 2155 gravis
622 2076 674 2137 ubi
697 2078 766 2146 erit,
795 2076 822 2136 si
849 2074 894 2135 rel
915 2073 964 2135 ille
991 2074 1037 2135 vel
1058 2074 1108 2135 ille
1130 2075 1187 2135 sibi
1209 2092 1378 2136 sermonem
1400 2074 1547 2135 vindicat?
1579 2076 1606 2134 iu

323 2177 463 2257 reliquis,
493 2177 545 2240 ubi
571 2196 632 2239 uou
660 2185 706 2239 est
732 2195 788 2238 uoo
815 2182 919 2237 acutus
947 2194 1003 2237 neo
1031 2176 1253 2247 circumflexus,
1281 2178 1312 2237 iu
1340 2176 1465 2254 reliquis
1495 2174 1608 2255 syllabis

323 2282 417 2360 ipsius
440 2282 596 2341 sermonis.
642 2288 674 2340 ut
700 2288 771 2359 puta
792 2280 972 2347 malesanum
1002 2297 1034 2340 sa
1056 2280 1279 2340 circumflexum
1305 2279 1408 2349 babet,
1437 2296 1486 2339 ma
1509 2278 1537 2339 le
1558 2296 1608 2338 uus
1641 2318 1642 2321 κ

322 2385 398 2443 istae
420 2390 482 2443 tres
502 2381 631 2463 syllabae
653 2398 772 2459 gravem
800 2378 912 2441 habent
934 2388 1096 2442 accentum.
1139 2398 1207 2441 uam
1236 2380 1304 2442 ideo
1331 2382 1427 2442 dietam
1450 2389 1497 2442 εει
1519 2383 1608 2458 gravis
1641 2454 1642 2459 ἵ

324 2484 380 2545 baa
401 2486 531 2554 ratione,
561 2482 760 2562 quodminus
787 2490 888 2553 souet,
916 2502 1003 2564 quam
1030 2491 1115 2545 sonat
1142 2482 1193 2543 ille
1220 2482 1377 2561 legitimus.
1421 2501 1470 2543 ma
1499 2482 1527 2543 le
1549 2484 1642 2551 ausui

324 2586 466 2667 numquid
488 2588 531 2647 sio
553 2593 660 2647 sonant
682 2604 785 2647 omues
806 2588 882 2646 istae
904 2583 1047 2665 syllabae,
1077 2604 1166 2665 quem
1189 2586 1225 2647 ad
1247 2586 1369 2646 modum
1391 2596 1479 2646 souat
1499 2584 1550 2647 sal
1580 2602 1607 2645 sa

324 2689 391 2770 plus
414 2695 508 2750 soua't.
532 2687 599 2749 ideo
622 2687 718 2749 diotae
740 2696 809 2749 suut
822 2687 890 2749 illae
905 2686 1016 2749 habere
1036 2704 1154 2765 gravem
1170 2696 1333 2758 amentum,
1357 2686 1435 2766 quod
1451 2694 1483 2748 et
1498 2689 1608 2767 pigrum

326 2798 355 2851 ει
376 2792 476 2851 miuus
502 2798 619 2851 sonent.
664 2807 736 2868 ergo
765 2792 842 2850 seire
869 2788 961 2851 dobes
988 2791 1056 2868 quia
1083 2789 1165 2852 uullo
1192 2789 1258 2851 loco
1285 2792 1381 2869 gravis
1407 2792 1480 2869 poni
1508 2796 1607 2870 potest.

325 2900 469 2974 quantum
496 2892 533 2953 ad
561 2890 717 2954 utilitatem
743 2894 885 2972 pertinet,
915 2894 972 2952 uisi
1001 2891 1053 2953 ubi
1079 2910 1140 2953 nou
1168 2892 1258 2953 luerit
1284 2899 1388 2953 acutus
1416 2900 1466 2953 aut
1490 2894 1607 2954 circum-

324 2995 435 3064 llexus3
458 2996 489 3054 iu
512 2992 615 3055 eadem
636 3001 735 3054 tamen
757 3002 842 3074 parte
864 2996 1021 3065 orationis,
1050 3012 1110 3055 uou
1138 2994 1194 3055 sibi
1216 2993 1374 3075 specialem
1395 2994 1526 3055 vindieat
1546 2984 1642 3074 par-bl

324 3104 399 3168 tem,
421 3114 483 3157 nou
504 3094 594 3157 habet
615 3098 777 3176 propriam.
821 3096 874 3158 sed
895 3097 953 3158 hoc
975 3097 1054 3175 apud
1075 3096 1195 3158 Latinos
1216 3104 1341 3159 tautum.

206 3218 265 3278 426,
280 3217 311 3265 16
408 3198 445 3259 Et
467 3197 538 3276 quid
560 3204 606 3259 est
626 3200 690 3278 ipse
711 3200 870 3260 aoooutusi
893 3201 932 3259 ita
948 3198 1085 3260 definitus
1100 3207 1159 3270 εει,
1183 3200 1340 3261 ‘accentus
1355 3206 1399 3260 est
1416 3201 1504 3280 quasi
1519 3200 1608 3260 anima
1641 3262 1642 3267 ,

319 3293 431 3371 'roais’‚
455 3299 486 3360 id
508 3306 555 3360 est
576 3306 716 3361 accentus
738 3308 783 3361 est
804 3302 902 3362 auima
923 3299 1082 3363 verborum
1106 3303 1246 3363 etauima
1261 3302 1341 3362 voois
1357 3304 1606 3381 uniuscuiusque.
1641 3330 1642 3353 2

322 3420 412 3482 quem
435 3402 616 3463 admodum
638 3420 747 3482 corpus
768 3410 902 3464 nostrum
925 3421 986 3464 uou
1007 3411 1105 3483 potest
1127 3422 1192 3465 esse
1215 3406 1279 3465 siue
1302 3406 1415 3473 anima,
1439 3405 1484 3465 sio
1500 3422 1554 3464 uec
1570 3402 1607 3463 ul·
1641 3410 1642 3479 j

308 3504 385 3565 ‘lum
408 3503 531 3565 verbum
554 3522 610 3565 neo
633 3503 712 3566 ullus
733 3524 834 3566 sermo
856 3507 920 3566 siue
943 3512 1067 3567 aoooutu
1090 3514 1285 3585 potestesse.
1323 3514 1464 3586 atquem
1495 3506 1531 3567 ad
1552 3502 1642 3565 mo-ttl

323 3605 393 3667 dum
417 3608 514 3668 anima
536 3615 636 3668 nostra
658 3608 689 3666 iu
711 3615 775 3668 toto
797 3625 923 3687 corpore
945 3610 1007 3688 ipsa
1029 3608 1096 3688 plus
1116 3616 1229 3689 potest,
1254 3612 1296 3670 sio
1319 3611 1407 3670 etiam
1429 3608 1483 3669 illa
1506 3606 1609 3688 syllaba
1641 3660 1642 3671 ι

322 3708 391 3789 plus
414 3716 499 3769 sonat
521 3711 552 3769 iu
574 3716 636 3769 toto
658 3709 764 3780 verbo,
794 3726 870 3788 quae
897 3720 1054 3771 aooeutum
1082 3710 1181 3773 habet.
1218 3729 1288 3790 ergo
1310 3711 1361 3771 illa
1382 3709 1511 3791 syllaba,
1540 3728 1609 3790 quae
1641 3742 1642 3791 3

323 3816 482 3873 accentum
503 3811 608 3882 babet,
638 3810 708 3892 plus
735 3820 833 3884 sonat,
863 3814 948 3892 quasi
974 3814 1040 3893 ipsa
1066 3812 1158 3875 babet
1184 3816 1326 3876 maiorem
1353 3820 1542 3895 potestatem.
1585 3820 1610 3870 ει
1641 3810 1642 3819 ’

316 1742 323 1774 i

395 4037 407 4085 1
428 4043 456 4083 ut
477 4034 590 4084 dicerent
611 4034 746 4099 prosodias
765 4035 953 4085 Lindemannua
975 4044 1003 4085 ut
1021 4035 1134 4087 dioereut
1151 4033 1271 4101 prosodia
1290 4036 1374 4089 ABG
1443 4038 1460 4086 2
1485 4044 1511 4085 et
1528 4044 1609 4085 tonum
1641 4010 1642 4071 l

323 4121 369 4157 om.
386 4105 411 4154 A
417 4104 468 4155 BG
515 4104 532 4155 6
550 4113 578 4154 ιιι
598 4106 622 4153 si
636 4104 708 4154 dicas
723 4120 794 4154 arma
811 4120 861 4155 uou
873 4120 1010 4170 possumus
1026 4105 1111 4155 disere
1124 4106 1204 4155 armai
1217 4118 1290 4156 orcus
1308 4121 1357 4157 uon
1376 4120 1514 4171 possumus
1532 4106 1609 4155 dicore

324 4175 354 4239 (a
372 4176 433 4228 add.
454 4170 501 4240 a*)
519 4190 589 4223 arma
608 4189 683 4224 arcus
702 4190 751 4225 nou
769 4190 906 4241 possumus
925 4176 1009 4225 dicere
1026 4174 1055 4242 (a
1073 4177 1135 4226 odd.
1152 4174 1182 4241 a)
1200 4191 1274 4225 arcus
1292 4178 1317 4225 Α
1387 4177 1403 4225 7
1425 4176 1513 4227 dicere
1531 4174 1609 4224 aarum

898 4255 911 4283 ll
1315 4256 1328 4283 Ε

323 4311 398 4346 arcus
421 4310 470 4345 nou
491 4310 629 4361 possumus
646 4295 736 4345 aircua
756 4297 778 4347 0
799 4297 883 4347 dicere
900 4312 972 4346 arma
988 4310 1062 4347 meus
1081 4312 1132 4347 nou
1151 4312 1289 4363 possumus
1317 4310 1391 4348 arcus
1408 4296 1435 4347 B
1507 4297 1540 4349 10
1563 4309 1608 4344 nou
1641 4356 1642 4361 Ἰ

323 4381 425 4431 possum
449 4366 533 4416 dioere
552 4376 620 4415 meta
638 4381 689 4416 uou
706 4381 843 4431 possumus
862 4366 981 4432 (possum
1001 4367 1032 4427 0)
1052 4368 1136 4417 dicere
1159 4382 1232 4417 musa
1250 4366 1334 4419 Aue
1402 4368 1435 4418 12
1454 4368 1608 4430 quaratioue
1641 4366 1642 4373 ’

323 4437 384 4497 quia
400 4451 448 4485 ueo
465 4444 554 4486 acutus
572 4451 619 4485 nee
637 4436 815 4486 circumflexus
830 4438 913 4487 omnis
931 4438 951 4487 0
1021 4437 1054 4488 16
1073 4445 1098 4487 ει
1119 4436 1170 4501 (εει
1185 4439 1248 4487 odd.
1265 4437 1305 4504 B)
1322 4438 1412 4504 grauis
1430 4438 1475 4487 ubi
1493 4438 1541 4487 erit
1559 4437 1609 4485 siue

324 4505 359 4569 (si
376 4506 417 4556 uel
435 4506 471 4570 B)
494 4506 536 4554 ille
557 4507 598 4555 uel
620 4506 662 4556 ille
686 4507 735 4556 eibi
757 4522 900 4557 sermonem
918 4508 1037 4558 uindecat
1054 4508 1198 4571 (uindicem
1216 4506 1255 4572 B)
1273 4510 1299 4557 iu
1320 4508 1425 4572 reliquis
1443 4508 1488 4557 ubi
1507 4522 1557 4556 nou
1576 4514 1610 4554 est

324 4591 371 4624 ueo
394 4584 483 4626 acutus
502 4576 559 4625 AB
583 4584 621 4625 est
644 4585 669 4625 et
689 4577 778 4643 grauia
792 4577 837 4626 ubi
853 4592 903 4626 nou
926 4586 964 4628 εει
981 4579 1109 4629 acutusG
1174 4578 1207 4629 18
1222 4579 1367 4629 malesanus
1385 4580 1482 4628 maleae
1498 4592 1529 4627 aa
1542 4575 1609 4627 BCa

323 4645 469 4695 malesanus
492 4646 589 4695 molesa
612 4648 636 4697 Α
707 4644 842 4712 absonat]
869 4655 942 4698 sonet
966 4648 1051 4698 ABG
1118 4649 1151 4699 21
1173 4663 1261 4698 omues
1276 4648 1334 4699 illae
1349 4648 1462 4713 syllabae
1479 4648 1507 4699 B
1526 4660 1609 4697 omues

324 4717 388 4765 istae
405 4716 504 4766 litterae
521 4716 573 4765 Ad
639 4719 674 4769 22
691 4718 799 4784 pigreC
867 4717 901 4768 26
919 4718 988 4783 apud
999 4718 1103 4769 Latinos
1121 4726 1217 4769 tautum
1233 4720 1418 4770 Lindemanaus
1435 4718 1506 4785 apud
1523 4717 1609 4767 latinos

324 4794 407 4835 tamen
426 4786 509 4837 ABG
574 4787 607 4839 31
626 4790 701 4838 etiam
720 4788 1135 4854 illasyllabuBOoetiamipaa
1154 4788 1293 4853 syllabaA
1345 4788 1380 4841 33
1396 4790 1470 4853 quael
1487 4790 1546 4854 ipsa
1558 4786 1610 4835 AB

324 4857 397 4918 quasi
412 4856 468 4921 ipse
482 4858 523 4905 Co
