3350 5442
320 368 384 433 148
890 374 1041 437 POllPEIl

344 479 505 532 prta-1⁸1„

318 579 375 639 qua
397 579 431 621 re
452 561 493 621 ita
513 560 666 621 iecerunt?
687 560 766 640 apud
788 580 894 622 omnes
909 568 1031 629 constat,
1055 562 1106 639 qui
1127 563 1312 641 seripserunt
1333 562 1370 623 de
1392 561 1510 639 regulis,
1533 564 1596 641 quia
1645 559 1650 566 ’

317 660 408 723 debet
433 680 544 723 nomen
571 662 628 725 boe
654 649 879 743 plovincialium
902 665 1001 725 minus
1023 681 1087 723 esee
1108 661 1227 741 syllabis
1249 684 1266 725 a
1288 666 1407 726 nomine
1429 665 1599 744 provinciae.

317 772 387 844 puta
409 766 480 827 Alcr
508 764 585 827 duae
613 764 744 846 syllabae
766 773 851 836 sunt,
874 767 971 826 Africa
993 772 1055 827 tres
1076 774 1158 833 sunt;
1188 764 1276 827 ltalus
1297 775 1359 827 tres
1380 764 1508 845 syllabae
1531 774 1600 835 suot,

319 866 400 928 ltalia
417 874 557 948 quattuor
577 877 662 937 eunt3
686 867 790 930 Gallus
804 872 885 931 douc
898 869 1031 945 syllabae
1043 876 1121 935 nint,
1139 869 1239 929 Gallio
1254 876 1315 930 tres
1327 876 1407 929 suat.
1429 870 1601 929 contrarium

316 977 362 1031 est
377 976 410 1030 ιιι
424 988 533 1031 nomen
549 969 742 1033 derit'atitum
756 973 856 1033 minue
870 972 908 1033 sii
922 968 1042 1050 syllabis
1056 989 1074 1030 a
1088 969 1254 1049 principali.
1283 971 1335 1031 sed
1358 969 1430 1031 dicis
1451 969 1517 1041 hoe,
1541 972 1624 1049 quiae

315 1070 461 1133 derivatio
483 1081 530 1133 est
551 1072 590 1135 ab
611 1081 743 1135 auctore.
786 1093 856 1137 nam
878 1073 936 1134 boc
958 1072 1038 1154 quod
1060 1074 1100 1133 ita
1123 1071 1229 1134 dicitur
1252 1090 1306 1151 ego
1329 1072 1395 1133 dico
1417 1072 1601 1133 derivativum

315 1192 381 1235 csse
408 1174 446 1235 ab
473 1176 541 1255 ipso
568 1183 698 1237 auctore.
744 1194 812 1237 nam
840 1194 901 1237 non
929 1174 966 1236 de
988 1176 1110 1237 nomine
1131 1176 1299 1254 provinciae
1321 1172 1486 1253 appellatur
1508 1174 1602 1242 bomo,

313 1275 366 1337 sed
394 1278 457 1356 ipsa
484 1278 637 1356 provincia
664 1278 702 1339 dc
729 1278 851 1339 noudne
873 1277 1001 1339 bominis
1023 1275 1201 1357 appellatur,
1232 1285 1265 1337 ut
1288 1276 1418 1338 videatur
1441 1294 1506 1337 esse
1530 1276 1602 1336 deri·

314 1379 400 1439 ratio,
446 1396 518 1457 ergo
544 1380 601 1439 ista
628 1386 697 1441 eunt
723 1381 820 1458 gentis
848 1380 978 1441 nomina.
1021 1378 1136 1440 accedit
1158 1380 1246 1439 ctiam
1274 1380 1402 1457 patriae,
1426 1386 1459 1439 ιιι
1479 1379 1503 1437 si
1528 1377 1604 1437 dicas

313 1480 466 1541 Romanus
487 1479 658 1542 Thebanus.
688 1481 803 1543 accedit
823 1484 912 1543 etiam
935 1484 1064 1555 numeri,
1088 1491 1121 1542 ut
1142 1489 1214 1561 puta
1236 1482 1373 1563 quoique
1397 1478 1499 1540 decem
1524 1485 1602 1540 octo:
1615 1494 1634 1533 it

314 1583 434 1642 nomina
457 1590 526 1643 sunt
547 1600 753 1644 numerorum.
793 1582 909 1643 accedit
931 1586 1018 1645 etiam
1042 1582 1171 1653 ordinis,
1194 1583 1315 1661 quintus
1337 1581 1479 1641 decimus.

196 1694 256 1754 tati,
272 1694 303 1741 19
401 1685 478 1745 Sunt
499 1683 555 1745 alia
577 1703 652 1765 quac
675 1685 816 1747 dicuntur
837 1685 874 1746 ad
898 1684 1022 1765 aliquid,
1046 1702 1121 1764 quae
1143 1684 1179 1744 ad
1202 1701 1360 1763 personam
1383 1683 1557 1744 reseruntur
1579 1689 1606 1741 et

313 1804 368 1865 per
389 1804 423 1847 ae
450 1784 634 1847 intellectum
662 1806 722 1849 non
751 1786 878 1856 babent.
908 1794 940 1848 ut
966 1789 991 1848 si
1014 1787 1096 1848 dieas
1117 1786 1208 1855 ldius;
1232 1804 1292 1847 non
1314 1792 1411 1865 potest
1433 1784 1509 1846 filius
1534 1802 1604 1853 esse,

313 1889 371 1948 nisi
398 1896 514 1968 patrem
541 1888 664 1957 babeat:
694 1896 778 1968 pater
805 1908 866 1950 non
893 1896 991 1969 potest
1020 1908 1100 1959 esse,
1129 1890 1189 1949 nisi
1216 1888 1307 1949 lilium
1331 1886 1445 1949 babeat.
1490 1888 1547 1947 ista
1571 1885 1605 1945 ad

313 1988 423 2069 aliquid
445 2000 523 2052 sunt.
561 1991 632 2069 quid
656 2008 728 2070 crgo
749 1993 877 2053 interest
898 1993 976 2053 inter
997 1991 1033 2053 ad
1056 1988 1164 2071 aliquid
1189 1998 1218 2051 ct
1240 1992 1316 2050 inter
1339 1989 1533 2050 adiectivum?
1556 1987 1604 2048 ad·
1618 2004 1638 2047 ιι

311 2092 452 2153 iectirom
474 2111 534 2153 non
556 2100 655 2173 potest
676 2112 732 2173 per
753 2112 786 2155 se
807 2092 930 2173 plenum
952 2092 1064 2153 babere
1085 2110 1214 2153 sensum.
1253 2092 1279 2153 si
1301 2090 1382 2152 dieas
1404 2090 1511 2159 clarus,
1536 2089 1605 2169 quid

312 2192 427 2255 clarus?
459 2195 517 2255 scie
544 2195 665 2274 quidem
692 2195 748 2257 boc
775 2198 890 2275 ipsum,
920 2195 989 2275 quid
1017 2196 1055 2255 sit
1081 2194 1193 2264 clarus,
1222 2194 1252 2253 id
1275 2200 1319 2254 est
1341 2192 1530 2273 splendidos,
1555 2191 1605 2253 sed

312 2313 372 2355 non
394 2302 440 2356 est
466 2303 566 2357 tamen
587 2297 695 2377 plenus
716 2314 837 2366 sensus,
873 2299 930 2359 nisi
959 2296 1117 2364 adieceris.
1147 2295 1246 2357 clarus
1273 2297 1326 2356 vir.
1373 2294 1441 2375 quid
1465 2312 1539 2372 ergo
1562 2294 1606 2354 in-

313 2405 405 2459 terest
431 2400 510 2458 inter
537 2398 595 2459 boo
624 2399 703 2479 quod
733 2398 899 2478 appellatur
928 2398 964 2459 ad
986 2398 1097 2479 aliquid
1121 2405 1151 2459 et
1172 2396 1245 2459 illud
1268 2396 1347 2477 quod
1368 2395 1534 2477 appellatur
1557 2394 1606 2455 ad·

311 2500 467 2560 iectirumi
500 2499 570 2581 quid
590 2502 733 2562 interest?
761 2500 839 2581 quod
861 2499 922 2561 illio
945 2498 1130 2580 estquidam
1154 2517 1272 2571 semna,
1295 2500 1346 2561 scd
1366 2499 1462 2561 adbuc
1485 2506 1555 2577 eget
1577 2506 1641 2559 uteo

311 2600 500 2680 conpleatur;
523 2602 656 2664 hicnon
679 2604 809 2664 nascitur
831 2620 936 2664 seusus
958 2604 1023 2663 sine
1044 2601 1100 2663 alia
1122 2619 1258 2681 persona.
1296 2601 1374 2662 aliud
1398 2607 1442 2663 est
1464 2619 1532 2661 esse
1556 2598 1605 2660 ali-

311 2702 396 2781 quid,
424 2702 478 2763 sed
506 2722 664 2783 superesse
685 2711 718 2764 ut
739 2704 928 2783 conpleatur.
957 2703 1035 2764 aliud
1064 2711 1109 2765 est
1136 2704 1253 2782 penitus
1275 2721 1334 2764 non
1358 2721 1423 2764 esse
1445 2720 1502 2763 nec
1526 2702 1608 2763 nasci

309 2822 412 2883 posse,
441 2808 499 2865 nisi
525 2808 674 2885 acceperit
701 2805 789 2867 aliam
811 2824 978 2886 personam.
1023 2823 1092 2866 ecee
1115 2805 1213 2866 clarus
1235 2812 1279 2865 est
1300 2823 1403 2867 sensus
1426 2813 1456 2865 et
1477 2822 1540 2865 non
1564 2812 1608 2863 est

311 2902 316 2987 Ι
339 2905 460 2985 plenus,
484 2915 514 2968 ct
535 2914 634 2968 tamen
657 2914 688 2967 tu
711 2910 802 2979 nosti,
826 2907 896 2987 quid
917 2909 955 2967 sit
968 2906 1075 2968 clarus.
1108 2926 1124 2967 e
1147 2909 1297 2968 contrario
1318 2916 1403 2986 pater
1426 2924 1485 2967 non
1508 2911 1609 2984 potest

310 3025 388 3077 csse,
413 3008 469 3067 nisi
492 3007 600 3071 habeat
621 3006 724 3070 lilium.
756 3027 828 3088 ergo
850 3009 907 3070 hoc
928 3011 1062 3079 interest,
1086 3009 1165 3089 quod
1187 3008 1247 3070 illic
1269 3012 1366 3071 minus
1388 3018 1433 3070 est
1454 3007 1605 3087 quiddam,
1619 3024 1641 3063 ει

310 3107 358 3169 bie
380 3108 455 3169 nihil
479 3117 537 3179 est,
561 3112 619 3171 nisi
642 3112 765 3172 accedat
786 3111 842 3173 alia
863 3129 1002 3190 persona.
1048 3120 1093 3172 est
1114 3113 1204 3173 etiam
1233 3109 1309 3171 aliud
1333 3111 1411 3191 quod
1435 3109 1607 3190 appellatur

310 3214 361 3271 ‘ut
387 3210 424 3271 ad
451 3207 562 3291 aliquid
584 3212 709 3293 qualiter
731 3232 764 3275 se
786 3214 905 3275 habet'.
949 3212 1006 3273 boc
1032 3215 1080 3274 ‘ut
1101 3213 1137 3274 ad
1160 3211 1268 3293 aliquid
1292 3212 1417 3293 qualiter
1438 3231 1471 3273 se
1496 3210 1605 3274 babet’

309 3314 550 3375 contrarietatem
577 3316 722 3393 significat
750 3323 878 3384 tantum,
907 3314 979 3375 nibil
1012 3314 1103 3375 aliud:
1141 3321 1213 3393 puta
1239 3316 1320 3376 virus
1348 3322 1498 3376 mortuus:
1534 3313 1631 3394 quid,

310 3423 369 3477 tam
393 3417 575 3477 contrarium
598 3417 677 3487 vivo,
702 3436 789 3497 quam
812 3418 964 3479 mortuus?
992 3419 1077 3495 niger
1098 3416 1255 3487 candidus,
1283 3418 1346 3479 dies
1368 3435 1436 3477 nox.
1480 3418 1539 3477 ista
1563 3415 1606 3477 di·

309 3525 419 3577 cuntur
441 3516 491 3577 ‘ut
513 3516 548 3579 ad
572 3515 684 3597 aliquid
706 3519 831 3599 qualiter
854 3538 886 3580 se
908 3517 1074 3581 babentia’.
1620 3534 1643 3571 a>

191 3634 296 3696 t30‚23
394 3618 470 3678 Sunt
496 3619 661 3696 generalia:
695 3620 845 3699 generalia
874 3620 1014 3682 dicuntur
1042 3638 1116 3700 quae
1144 3620 1235 3680 multa
1258 3621 1287 3679 in
1310 3638 1342 3679 se
1364 3618 1548 3697 significant,
1574 3628 1607 3681 ut

308 3718 426 3782 animal.
455 3727 554 3800 potest
575 3721 683 3783 animal
706 3741 771 3783 esse
794 3728 824 3783 et
846 3721 950 3792 bomo,
974 3720 1082 3783 animal
1104 3740 1169 3783 csse
1184 3731 1214 3782 et
1234 3720 1380 3789 caballus,
1404 3720 1515 3781 animal
1540 3738 1607 3781 esse

308 3828 338 3881 ct
359 3820 464 3883 burdo.
495 3830 542 3883 est
562 3824 634 3884 item
657 3822 800 3902 speciale:
822 3824 951 3904 speciale
975 3824 1083 3884 dicitur
1098 3823 1178 3903 quod
1199 3831 1314 3902 partem
1337 3824 1460 3883 retinet:
1484 3830 1607 3903 utputa

308 3942 378 4002 pam
400 3924 535 3986 animalis
550 3934 596 3986 est
610 3924 713 3995 homo;
738 3943 810 4005 ergo
832 3925 922 3987 homo
944 3924 1071 4005 speciale
1093 3943 1201 3985 nomen
1226 3932 1282 3986 est:
1306 3944 1376 4005 pars
1399 3924 1537 3986 animalis
1562 3934 1609 3987 est

308 4044 427 4095 corvum
465 4044 536 4105 ergo
565 4046 673 4088 corvus
695 4027 825 4107 speciale
847 4044 957 4089 nomen
980 4034 1032 4088 cst.
1078 4044 1204 4149 napnque
1226 4029 1298 4088 istae
1320 4028 1436 4106 speeies
1458 4025 1608 4089 collectae
1621 4054 1646 4093 ιι

306 4128 445 4205 generale
474 4148 583 4190 nomen
609 4131 731 4190 iaciunt.
777 4129 834 4190 boc
863 4130 941 4189 enim
968 4129 1106 4199 interest,
1137 4128 1215 4208 quod
1237 4128 1376 4207 generale
1398 4146 1509 4189 nomen
1532 4129 1608 4191 iacit

306 4230 343 4290 de
366 4249 398 4291 se
419 4232 549 4311 speeies;
571 4230 699 4310 speciale
721 4249 831 4293 nomen
855 4249 871 4291 a
894 4248 1004 4308 genere
1026 4231 1194 4301 descendit,
1218 4227 1334 4293 aliunde
1358 4232 1446 4292 venit.

375 4384 474 4433 dduae
492 4384 605 4447 syllabae
622 4392 681 4434 sum
708 4383 791 4434 Gellio
812 4398 864 4434 tree
884 4392 942 4433 aurit
961 4399 1005 4434 om.
1026 4384 1113 4436 ABG
1180 4382 1265 4449 bego
1284 4384 1340 4433 dico
1360 4383 1398 4435 Ob
1416 4392 1479 4451 ergo
1498 4385 1559 4435 dieo
1581 4387 1608 4437 B

305 4451 532 4515 ‹iicoa*‚om.A
604 4454 670 4503 inb
691 4455 747 4519 ipso
766 4454 805 4504 Cb
824 4454 856 4503 ab
875 4454 957 4518 ipsine
977 4455 1034 4504 AB
1105 4454 1138 4505 12
1157 4462 1216 4503 sunt
1234 4454 1284 4503 elie
1302 4454 1335 4503 ad
1355 4455 1450 4518 aliquid
1470 4470 1538 4519 quoe
1566 4457 1610 4506 di-

305 4532 396 4573 cuntur
416 4524 449 4573 ad
467 4522 565 4587 aliquid
581 4526 607 4574 A
678 4524 710 4573 lb
729 4524 789 4587 quid
808 4538 870 4590 ergo
894 4526 999 4574 interest
1018 4524 1083 4574 inter
1100 4525 1133 4574 nd
1149 4523 1246 4587 aliquid
1264 4524 1312 4574 Bo
1331 4524 1392 4587 qnid
1411 4540 1473 4590 ergo
1493 4526 1610 4577 interest

306 4592 370 4641 inter
385 4593 482 4657 aliquid
501 4593 522 4644 G
538 4594 599 4656 quid
616 4607 677 4659 ergo
693 4602 731 4643 eat
748 4595 813 4643 inter
832 4594 929 4656 aliquid
948 4594 973 4643 Α
1044 4592 1076 4645 19
1091 4594 1235 4661 appelletur
1252 4593 1286 4643 ud
1300 4594 1396 4657 aliquid
1415 4593 1491 4645 nea
1509 4596 1609 4663 appel-

305 4661 371 4711 lntur
388 4662 524 4725 aliquidA
609 4665 644 4713 24
662 4672 783 4713 ettamen
802 4675 830 4715 tn
846 4665 911 4713 noeti
930 4664 992 4727 qnid
1010 4665 1044 4713 sit
1058 4664 1141 4713 clarus
1159 4679 1204 4717 om.
1226 4664 1260 4727 A,
1277 4665 1339 4715 add.
1358 4680 1375 4713 a
1454 4666 1487 4713 27
1506 4665 1611 4717 habeat

304 4745 371 4781 corr.
390 4731 466 4781 habet
482 4735 571 4796 priore
587 4734 641 4783 loeo
659 4734 690 4783 C:
716 4734 832 4796 sortasse
848 4740 875 4783 ut
894 4734 926 4783 ed
943 4734 1040 4797 aliquid
1057 4734 1165 4797 qualiter
1183 4748 1210 4784 se
1229 4733 1326 4785 babens
1413 4734 1448 4785 ³0
1467 4743 1495 4784 ut
1514 4752 1566 4788 om.
1589 4738 1611 4789 C

354 4801 463 4864 qualiter
479 4816 507 4851 ae
525 4801 643 4852 babentia
657 4804 786 4869 generalia
806 4812 866 4853 sitiit
882 4806 906 4853 io
925 4806 1001 4855 litura
1018 4820 1034 4852 α
1090 4804 1122 4855 31
1140 4804 1255 4869 serenare
1273 4802 1351 4855 multa
1368 4804 1394 4854 in
1410 4819 1438 4855 se
1456 4806 1609 4875 continent,

304 4868 351 4919 hoc
370 4879 408 4919 est
425 4868 503 4919 multe
518 4872 662 4937 significent
