3350 5442
670 403 740 474 Ans
1310 397 1350 470 19

1159 515 1324 570 precarer.

74 599 228 664 communia
258 619 334 681 quae
362 607 392 662 et
419 601 532 678 agentis
560 606 590 660 et
617 601 756 679 patientis
783 598 840 661 sibi
868 597 1018 660 vindicant
1039 597 1298 676 significationem
1322 605 1352 658 et

74 705 105 766 de
119 707 208 766 activo
223 705 372 782 passivum
388 703 434 772 srt,
459 709 486 762 et
503 700 540 762 de
555 703 669 782 passivo
686 703 819 762 activum.
840 735 877 746 -
894 699 1019 762 Osculor
1034 710 1104 760 tunc
1119 701 1244 760 activum
1260 699 1350 778 signi·
1363 704 1450 768 tutto
1470 753 1474 759 .

75 809 147 876 sicat,
177 805 293 886 quando
321 806 518 866 accusativum
549 821 648 865 casum
672 806 762 882 regit,
786 810 818 863 ut
840 801 959 864 osculor
980 801 1079 872 illum;
1101 809 1172 863 tunc
1194 803 1350 882 passivum,

77 908 181 988 quando
191 906 360 976 ablativum,
373 913 405 968 ut
420 904 538 968 osculor
553 903 590 966 ab
605 904 670 965 illo:
687 905 848 965 dicimus
864 906 959 965 enim
975 902 1129 966 osculor
1143 911 1179 964 te
1194 911 1228 964 et
1243 922 1350 965 oscu-

56 1010 152 1070 slora
173 1017 216 1070 te.
232 1043 275 1053 -
294 1007 454 1087 Figurae
477 1006 690 1069 verborum:
714 1007 826 1084 figurae
843 1007 885 1067 sic
900 1007 1039 1068 accidunt
1053 999 1166 1076 verbis,
1183 1025 1240 1086 quo
1263 1006 1379 1067 modos

78 1111 245 1181 nominibus,
262 1110 387 1189 simplex
404 1117 433 1170 et
448 1111 620 1189 composita.
638 1143 675 1153 -
700 1108 881 1188 Tempora
904 1108 1103 1170 verborum
1125 1117 1212 1188 quot
1233 1109 1379 1169 suntlztt
1475 1127 1478 1139 ·

79 1215 124 1274 tria
153 1223 284 1292 tempora
317 1219 402 1280 sunt,
439 1214 468 1272 in
498 1209 695 1272 declinatione
729 1212 875 1291 quinque,
911 1213 979 1290 quia
1006 1212 1159 1290 praeteriti
1192 1219 1254 1271 tres
1283 1218 1352 1271 sunt

81 1315 231 1382 distantiae,
253 1314 411 1394 inperfecti
433 1314 558 1392 perlecti
579 1312 873 1393 plusquamperlceti.
918 1305 1065 1393 praesens
1089 1312 1231 1393 estquod
1253 1313 1352 1374 iacere

82 1415 207 1484 ridemur,
236 1417 431 1494 praeteritum
460 1414 655 1494 inperfectum
688 1423 734 1476 est
761 1414 839 1495 qnod
868 1416 967 1475 lacere
994 1413 1167 1476 videbamur
1189 1422 1220 1475 et
1239 1400 1351 1495 inpenla

53 1520 172 1577 relectum
194 1516 373 1585 dimisimus,
398 1517 591 1596 praeteritum
620 1515 785 1596 perlectum
815 1524 859 1577 est
886 1516 965 1596 quod
988 1517 1096 1577 lactum
1119 1535 1199 1578 nunc
1220 1515 1350 1596 comple·

84 1621 170 1688 dmus,
197 1620 392 1698 praeteritum
413 1614 754 1700 plusquamleerleotum
782 1625 826 1678 est
859 1618 937 1698 quod
965 1617 1035 1679 olim
1065 1637 1114 1680 res
1140 1619 1271 1699 perlecta
1299 1626 1351 1688 est,

85 1723 194 1782 loturum
217 1728 258 1782 est
289 1720 367 1801 quod
391 1721 489 1781 lacere
512 1738 566 1780 nos
589 1720 764 1799 quandoque
787 1718 1036 1781 demonstramus.

148 1823 432 1901 Coniugationis
454 1823 596 1884 tertiae
619 1830 832 1901 correptae:
856 1823 943 1883 tertia
960 1823 1129 1900 coniugatio
1144 1841 1262 1902 semper
1284 1829 1394 1882 cor-it

82 1926 175 2004 cipitur.
206 1959 241 1968 -
278 1923 420 1985 Futuro
453 1923 572 2004 legam
606 1922 726 2002 leges:
757 1923 887 1984 secunda
920 1943 1048 2004 persona
1075 1925 1167 1985 loturi
1193 1924 1351 1985 indicativo
1363 1930 1396 1979 23

52 2047 71 2084 n
81 2025 201 2104 singulari
223 2045 350 2087 numero
373 2047 389 2087 e
411 2026 555 2106 producta
577 2025 797 2105 pronuntianda
822 2033 880 2095 est,
906 2043 943 2086 ne
964 2026 1093 2086 secunda
1116 2043 1243 2106 persona
1265 2045 1351 2106 prae·

80 2131 154 2187 sentis
179 2128 545 2208 temporis'intellegatur.
573 2162 607 2172 —
634 2127 828 2207 lmperativus
851 2127 956 2189 modus
977 2130 1126 2220 praesenti
1150 2136 1283 2208 tempore
1304 2144 1350 2188 se·
1363 2135 1397 2184 24

81 2230 186 2290 rundam
219 2241 248 2290 et
280 2232 398 2291 tertiam
432 2249 589 2311 personam
622 2228 724 2299 habet,
757 2231 824 2310 quia
859 2232 923 2308 ipse
951 2229 1010 2290 sibi
1036 2249 1124 2291 nemo
1151 2231 1287 2308 imperat.
1312 2263 1349 2274 -

80 2331 192 2392 Eodem
219 2332 324 2393 modo
352 2341 519 2414 tempore
548 2333 690 2393 tuturo:
726 2332 831 2392 modus
861 2334 1054 2410 imperativus
1087 2333 1230 2412 temporis
1261 2331 1396 2392 luturiuo

81 2435 177 2494 numeri
191 2432 313 2513 pluralis
328 2436 432 2496 tertiae
454 2452 599 2514 personae
614 2435 653 2494 ita
669 2435 715 2502 tit,
738 2438 765 2494 si
785 2432 901 2494 sublata
923 2453 942 2494 o
963 2434 1113 2495 indicativi
1136 2434 1216 2495 modi
1237 2436 1352 2513 primae

50 2559 69 2591 n
80 2553 205 2612 personae
232 2535 324 2596 addes
352 2543 438 2605 unto,
470 2546 501 2596 ut
530 2554 596 2596 amo
624 2542 761 2605 amunte,
791 2535 884 2595 doceo
908 2541 913 2612 Ι
940 2535 1102 2606 dooeunto,
1130 2535 1198 2615 lego
1219 2536 1350 2616 legunto,

81 2637 152 2696 audio
172 2635 322 2697 audiunto.
354 2673 389 2682 -
420 2639 561 2698 Futuro
588 2637 719 2717 legito:
746 2638 777 2698 in
800 2636 859 2698 hoo
880 2637 979 2698 tuturo
1003 2655 1058 2698 uec
1079 2639 1110 2697 in
1132 2637 1272 2718 singulari
1296 2657 1351 2700 nee

80 2739 105 2796 in
123 2737 220 2817 plurali
242 2741 337 2818 prima
359 2757 485 2820 persona
509 2748 560 2800 est.
600 2773 634 2782 -
670 2740 918 2801 Coniunctivo
948 2740 1067 2801 modo:
1101 2743 1243 2820 temporis
1264 2748 1396 2820 prae-33

79 2843 157 2900 sentis
177 2841 379 2902 coniunctivus
401 2842 506 2903 modus
535 2842 635 2904 tuturo
658 2843 779 2922 optativi
801 2841 906 2902 similis
929 2852 983 2902 est.
1015 2877 1045 2886 -
1080 2842 1140 2903 lol
1145 2844 1232 2902 initi
1254 2842 1453 2911 meditent

79 2945 224 3004 numeris
252 2952 288 3002 et
315 2945 504 3026 personis:
538 2945 668 3004 infinitus
700 2943 767 3004 ideo
798 2943 909 3013 dictus,
939 2944 1016 3024 quod
1043 2947 1076 3005 in
1103 2946 1234 3005 numeris
1263 2953 1293 3005 et
1320 2946 1350 3005 in

49 3044 245 3123 ntemporibus
274 3053 304 3105 et
331 3048 360 3104 in
389 3047 524 3124 personis
550 3045 684 3123 aequalis
712 3053 781 3107 est.x
811 3045 937 3106 dicimus
965 3047 1044 3107 enim
1067 3064 1082 3106 a
1106 3065 1230 3107 numero
1252 3045 1352 3124 legere

78 3143 155 3205 dehet
175 3155 203 3207 et
224 3145 325 3225 legere
348 3146 471 3216 debent,
500 3166 516 3207 a
540 3157 674 3227 tempore
697 3147 930 3236 legerenlrabent
957 3158 986 3208 et
1007 3147 1107 3226 legere
1129 3147 1312 3218 habuerunt,
1336 3167 1351 3208 a

78 3265 188 3323 persona
209 3247 311 3327 legere
334 3248 443 3319 habeo,
467 3249 567 3328 legere
590 3247 696 3318 habes,
722 3249 821 3328 legere
845 3249 942 3311 habet.
972 3250 1021 3310 iric
1043 3250 1178 3312 similiter
1201 3253 1256 3313 tria
1278 3259 1352 3311 tem·

78 3366 139 3425 pora
159 3349 260 3420 habet,
285 3353 419 3429 quamvis
434 3353 464 3411 in
480 3353 630 3430 praesenti
646 3353 742 3412 omnia
759 3351 988 3431 complectatur,
1010 3360 1043 3412 ut
1065 3361 1110 3413 est
1132 3353 1231 3432 legere
1253 3353 1351 3422 modo,

77 3447 163 3527 legere
177 3461 277 3522 antea,
293 3453 394 3532 legere
409 3460 520 3534 postea.
549 3487 583 3498 -
610 3453 728 3514 Verbo
750 3453 1001 3533 inpersonali:
1023 3455 1211 3534 inpersonale
1226 3456 1378 3517 verbum6

52 3561 115 3610 nest
133 3555 205 3632 quod
227 3557 363 3634 personis
387 3565 469 3617 caret
490 3558 550 3616 suis
573 3563 603 3616 et
624 3574 640 3616 a
662 3558 840 3634 pronomine
862 3557 969 3634 accipit
992 3559 997 3629 Ι
1022 3575 1164 3635 personas
1186 3566 1215 3617 et
1236 3560 1278 3618 sic
1300 3557 1351 3618 de·

79 3654 202 3717 dicatur:
236 3657 362 3718 dicimus
389 3660 468 3718 enim
489 3657 601 3736 legitur
629 3677 644 3718 a
675 3677 723 3718 nro
751 3677 766 3719 a
791 3667 818 3718 te
841 3657 879 3719 al)
900 3656 960 3718 illo.
997 3692 1034 3703 -
1069 3658 1244 3719 Geruodi:
1282 3657 1377 3719 ideos

79 3755 172 3819 dicitur
192 3759 333 3837 gerundi,
357 3759 435 3838 quod
459 3778 513 3820 nos
534 3759 645 3839 aliquid
668 3777 773 3837 gerere
796 3762 954 3838 significat,
978 3768 1012 3821 ut
1032 3768 1101 3840 puta
1123 3760 1242 3839 legendi
1264 3779 1351 3821 causa

80 3861 146 3928 veui,
173 3859 299 3938 legendo
321 3861 393 3922 mihi
416 3863 539 3941 contigit
561 3861 711 3932 valetudo,
740 3861 898 3941 legendum
926 3862 998 3922 milri
1027 3864 1096 3934 erit,
1124 3863 1233 3925 lectum
1256 3865 1350 3934 venio,

80 3962 155 4022 nimio
175 3962 250 4024 lectu
274 3964 412 4042 fatigatus
433 3982 512 4035 sum,
536 3973 568 4024 ut
591 3963 736 4042 Vergilius

212 4083 278 4126 uec
302 4067 380 4125 visu
404 4065 531 4126 laoilis
554 4085 619 4126 nec
642 4066 744 4126 dictu
768 4064 938 4128 allabilis
961 4066 1038 4127 ulli.

83 4165 122 4224 sed
147 4169 235 4245 magis
265 4163 384 4252 [melius
411 4162 466 4251 est]
490 4169 645 4248 participia
666 4177 749 4238 sunt,
779 4187 867 4249 quarn
894 4169 1020 4247 gerundi
1046 4169 1150 4232 verba:
1185 4156 1352 4230 bonusest

85 4301 146 4310 -h

136 4373 193 4423 Cod.
213 4373 294 4426 Bern.
318 4374 352 4422 lll
376 4371 478 4423 1*-3.
552 4374 726 4426 loommnnia
744 4389 809 4436 quae
830 4383 870 4424 est
890 4374 990 4439 agentis
1059 4371 1240 4440 2passinum]
1268 4375 1352 4438 passi-

85 4455 126 4488 uem
190 4443 322 4494 doscnlor
339 4457 383 4507 pro
398 4444 428 4493 ab
445 4443 490 4492 illo
543 4443 643 4495 osculor
658 4441 691 4510 tc]
715 4443 802 4494 osculo
821 4453 846 4493 te
915 4443 1018 4508 tiquod
1036 4453 1095 4492 sunt
1146 4440 1218 4509 tin]
1238 4459 1296 4494 cum

87 4510 296 4580 incompteuimus
316 4515 478 4579 praeteritum
497 4516 659 4579 praeteritum
683 4513 961 4580 plusquamperfectum
1033 4514 1065 4564 12
1085 4530 1135 4577 quo
1154 4512 1236 4564 iecere
1307 4516 1352 4564 de·

87 4595 232 4634 consuamus
251 4585 327 4634 tertia
350 4585 496 4650 coniugatio
519 4585 706 4650 coniugationis
729 4583 817 4633 tertiae
837 4595 967 4650 correptae
986 4599 1088 4650 semper
1174 4583 1209 4634 20
1227 4600 1353 4650 personae

87 4653 169 4703 :tedes
220 4653 251 4706 lu
266 4655 289 4704 si
306 4669 353 4706 om.
407 4658 441 4705 23
455 4653 533 4704 loturi
550 4655 655 4720 optatiui
708 4656 741 4706 25
757 4667 771 4704 a
785 4669 891 4705 nurnero
908 4658 965 4721 tege
980 4653 1066 4721 legere
1116 4655 1150 4706 26
1168 4655 1202 4705 ad
1217 4658 1296 4721 (com.
1315 4658 1350 4710 ol.

89 4735 132 4770 sev.
149 4725 175 4786 a)
191 4733 304 4790 tempore
359 4723 393 4774 ²9
411 4740 499 4776 uerum
518 4741 587 4780 corr.
606 4729 640 4776 at.
659 4741 725 4776 naon.
744 4725 850 4776 uerbum
909 4723 943 4775 34
961 4723 1093 4793 fatigatus]
1116 4726 1199 4776 iactus
1250 4725 1285 4778 36
1302 4727 1352 4776 siut

93 4839 225 4854 Ἇ--η-
232 4847 365 4854 ...ψ-...ψ-

140 4913 168 4966 ln
182 4915 256 4966 luturt
270 4915 369 4982 passivi
388 4915 508 4981 Hagenue
577 4914 611 4966 34
629 4911 769 4984 Vergilius]
788 4914 851 4969 Aen.
872 4915 904 4963 lll
919 4914 969 4968 6⁹21

544 5003 547 5012 .
1104 4998 1149 5064 2*
