3350 5442
614 283 851 346 collltENTvot
1318 281 1383 346 263

853 427 858 434 .
1151 393 1177 443 Ε
1195 404 1217 445 p.
1231 391 1357 434 crs-rci,

81 479 185 543 natus,
208 473 396 534 ‘cenatum
418 472 588 536 uoluerit
609 471 824 543 occidere',
860 491 935 552 quae
957 491 1028 552 pers
1051 474 1195 534 orationis
1217 475 1280 534 estl
1312 474 1382 554 quid

79 574 179 636 nabes
207 575 327 638 diceret
365 592 475 638 nomen
502 575 565 636 esti
601 593 657 654 quo
685 575 817 636 ratione?
853 577 922 656 quia
948 581 1071 637 cenatus
1101 593 1162 636 non
1188 583 1288 655 potest
1315 595 1382 637 esse

79 677 286 758 participium.
330 695 391 740 uon
421 677 502 738 enirn
524 679 620 739 oritur
641 685 765 738 cenatus
787 677 846 738 nisi
872 697 889 739 o
911 679 1073 758 praeterito
1102 684 1237 756 tempore
1260 686 1382 740 cenatus

78 797 160 842 mm.
202 787 329 842 emotus
349 796 414 840 sum
435 787 533 841 autem
555 780 587 840 in
608 777 736 840 neutrali
758 778 849 840 verbo
877 797 938 840 non
964 787 1064 861 potest
1091 798 1166 842 esse.
1212 797 1270 858 quo
1292 780 1381 842 modo

53 899 158 962 eergo
181 889 305 944 conotus
326 883 514 962 participium
539 882 601 942 esti
624 881 677 942 secl
700 882 846 960 originem
868 881 954 943 verbi
974 880 1074 943 habet
1120 885 1309 944 econtrario
1330 901 1381 961 ga·

78 984 180 1046 leatus
201 1003 262 1046 non
284 983 381 1046 solum
403 985 449 1047 sul
471 984 617 1063 originem
639 981 830 1053 nonhabet,
854 982 908 1043 sed
929 1001 986 1044 nec
1008 981 1091 1045 verbi
1112 985 1257 1063 originem
1279 983 1378 1046 babet.

77 1087 153 1149 ideo
176 1103 248 1165 ergo
270 1087 327 1148 isto
349 1095 462 1150 tontum
484 1087 604 1148 nomino
627 1093 705 1156 sunt,
728 1085 868 1165 quoniam
890 1087 946 1146 isto
964 1103 1026 1147 non
1047 1083 1145 1146 solum
1166 1088 1214 1147 sui
1235 1086 1402 1165 originem·

77 1207 144 1252 non
168 1189 294 1259 hebent,
323 1188 376 1282 sed
399 1207 456 1250 nec
478 1207 600 1251 suorum
623 1186 781 1249 verborum
805 1187 966 1269 originem3
996 1205 1118 1249 suorum
1145 1187 1322 1260 verborum,
1350 1190 1380 1250 id

78 1301 127 1354 est
155 1292 304 1371 originem
329 1291 410 1352 unde
436 1293 519 1353 nasei
546 1288 721 1353 debuerant.
771 1308 902 1371 pransus
928 1297 1052 1351 cenatus
1085 1296 1115 1350 et
1144 1289 1273 1371 reliqua,
1306 1290 1381 1352 haec

40 1418 65 1458 ro
78 1396 182 1456 omnio
205 1393 360 1475 participio
384 1399 460 1464 sunt,
484 1392 537 1455 sed
559 1394 623 1454 sinc
645 1391 806 1454 verborum
824 1411 947 1454 suorum
962 1393 1093 1472 origine;
1117 1393 1265 1471 originem
1280 1400 1380 1455 autem

78 1495 242 1558 verborum
265 1494 386 1557 hebent.
431 1494 503 1572 quid
525 1495 615 1575 ergo?
636 1493 740 1556 licebit
761 1493 848 1556 nobis
869 1495 906 1556 od
928 1497 1015 1556 istam
1040 1492 1268 1572 similitudinem
1292 1497 1379 1557 etiem

77 1599 136 1662 alio
158 1598 278 1660 locere?
301 1615 340 1660 ne
361 1598 439 1659 lorte
461 1596 542 1660 dicos
559 1593 566 1682 Ι
584 1596 666 1668 milri,
691 1596 815 1658 etmihi
836 1597 923 1658 datur
937 1604 1068 1678 potestas
1088 1606 1130 1668 ut,
1152 1596 1205 1658 olii
1224 1597 1378 1668 voluerim,

76 1703 108 1762 in
133 1700 226 1763 verbo
248 1707 355 1763 neutro
377 1700 484 1762 lumem
505 1698 565 1762 tole
595 1699 785 1780 participium
820 1707 851 1760 et
878 1699 974 1761 dicam
1002 1717 1109 1762 cerere
1135 1700 1266 1778 origine,
1294 1705 1329 1760 ut
1354 1702 1379 1761 si

77 1803 161 1866 dicus
184 1809 317 1872 notatus,
341 1801 479 1864 ‘notetus
506 1808 551 1862 est
578 1800 651 1862 milri
672 1801 801 1872 omnim,
832 1807 865 1862 ut
886 1803 912 1862 si
934 1801 1015 1864 dicos
1036 1801 1217 1864 ‘dormitum
1240 1809 1286 1863 est
1305 1801 1380 1863 mihi

43 1905 152 1970 uillnd
175 1909 324 1985 tempus'.
369 1911 471 1966 utrum
497 1921 619 1984 possum
646 1902 746 1988 dicere
773 1903 964 1965 ‘meridiatus
988 1921 1054 1965 sum
1075 1903 1126 1965 illo
1147 1906 1218 1966 re'l
1260 1903 1378 1984 [utrum

78 2009 193 2089 possim
222 2005 337 2088 dicere]
366 2013 467 2068 utrum
494 2024 619 2087 possum
646 2023 793 2086 usurpare
820 2007 877 2067 isto
904 2007 1060 2086 participia
1088 2005 1125 2066 od
1153 2007 1377 2070 similitudinem

77 2109 158 2172 illius
181 2110 401 2190 usurpationis?
431 2117 461 2170 et
481 2111 559 2170 scire
581 2107 724 2170 debemus
746 2109 886 2188 quoniam
907 2126 967 2169 nou
990 2127 1152 2188 possumus
1173 2112 1301 2190 penitus.
1348 2120 1376 2171 et

77 2211 154 2283 ride,
180 2220 290 2294 quante
312 2213 427 2282 ratione
449 2212 594 2293 probatur
610 2213 751 2290 quoniam
772 2229 832 2272 non
848 2208 926 2272 licet.
953 2213 1009 2272 iste
1031 2213 1131 2272 omnia
1152 2231 1229 2292 quae
1251 2212 1377 2277 dicimus

79 2314 251 2394 usurpativa
265 2321 343 2374 sunt.
368 2314 393 2374 si
407 2332 478 2392 ergo
494 2315 665 2394 usurpativa
677 2320 756 2384 sunt,
769 2314 827 2374 iem
841 2320 936 2375 artem
951 2331 1012 2375 non
1023 2312 1149 2382 hebent3
1165 2314 1190 2374 si
1205 2320 1299 2375 ortem
1315 2332 1376 2375 non

44 2416 200 2488 neliobem,
217 2413 361 2476 debemus
377 2413 474 2478 saltim
489 2415 535 2478 vel
557 2417 763 2478 auctoritatem
785 2417 879 2496 sequi.
909 2433 999 2477 omne
1022 2416 1102 2476 enim
1124 2416 1204 2496 quod
1226 2415 1377 2496 loquimur

77 2538 136 2580 non
152 2525 273 2580 constet
286 2518 344 2579 nisi
365 2535 422 2580 usu
444 2526 509 2580 orte
530 2520 714 2581 auctoritate.
739 2535 811 2597 ergo
827 2519 859 2578 in
877 2536 935 2579 usu
952 2534 1014 2578 non
1030 2515 1123 2578 habes
1138 2524 1173 2579 ut
1193 2518 1275 2580 dices
1297 2517 1371 2589 hoc;

78 2637 113 2682 er
135 2627 201 2683 orte
222 2621 325 2682 venire
347 2638 408 2682 non
430 2628 543 2701 potest3
567 2619 659 2682 debes
682 2627 781 2682 eutem
802 2619 850 2680 vel
871 2620 1080 2682 auctoritatem
1102 2623 1197 2701 sequi.
1227 2639 1288 2683 non
1304 2639 1375 2700 ergo
1446 2682 1453 2691 ,

78 2722 171 2785 debes
198 2730 232 2785 tu
259 2721 359 2784 dicere
389 2729 418 2784 et
445 2721 512 2786 elie.
555 2741 616 2785 non
645 2722 724 2784 enim
751 2730 832 2784 tuom
862 2723 1069 2785 auctoritatem
1097 2721 1205 2793 habes,
1240 2723 1293 2784 sed
1325 2723 1375 2784 illo
1426 2736 1428 2741 ·

77 2833 191 2888 tantum
214 2833 300 2906 potes
322 2825 433 2896 dicere,
457 2842 533 2903 quae
554 2822 661 2904 legisti.
706 2823 818 2886 idcirco
846 2826 903 2887 ista
926 2826 1033 2897 omnia,
1057 2841 1133 2904 quiae
1154 2831 1258 2888 contra
1279 2834 1374 2887 artem

45 2937 220 3009 rsusurpoto
242 2934 320 2999 sunt,
344 2927 407 2989 sola
430 2927 584 2998 dicuntum
608 2928 748 3007 quoniam
763 2927 821 2989 iam
837 2946 899 2989 non
913 2926 1026 2990 artibus
1041 2935 1174 3000 utuntur,
1197 2928 1251 2990 sed
1272 2936 1374 2990 aucto·

78 3032 175 3101 ritate,
198 3047 260 3092 nor
281 3032 340 3092 iem
364 3047 418 3092 nos
440 3030 575 3100 dicimus
597 3030 656 3090 nisi
678 3046 753 3108 quae
775 3031 887 3092 scimus
913 3028 992 3091 dicta
1021 3047 1097 3092 esse.
1141 3029 1254 3092 idcirco
1277 3030 1373 3091 soloe-

79 3134 202 3194 cismum
224 3132 305 3202 lacit,
327 3133 386 3194 nisi
408 3130 577 3212 exemplum
599 3131 686 3202 dicat,
708 3139 781 3212 putu
802 3130 862 3210 legi
880 3129 886 3214 Ι
904 3131 936 3192 in
956 3130 1007 3192 illo
1030 3139 1162 3194 auctore.
1203 3133 1229 3193 si
1251 3151 1299 3194 ors
1321 3133 1372 3194 de-

13 3249 14 3258 *
78 3237 146 3306 licit,
170 3234 316 3296 dehemus
338 3233 374 3295 od
397 3233 601 3297 auctoritatem
623 3251 793 3296 recurrere.

159 3337 226 3399 Non
259 3334 404 3399 debemus
436 3334 548 3397 habere
580 3335 730 3398 licentiam
768 3335 959 3417 conponendi
992 3337 1064 3398 istos
1100 3355 1160 3398 res.
1214 3344 1284 3397 sunt
1320 3335 1372 3397 ali·

48 3455 133 3516 equa
156 3439 327 3520 participio,
357 3455 432 3518 quoe
454 3446 513 3501 tum
535 3438 585 3500 diu
613 3445 684 3500 sunt
704 3439 878 3519 participia,
913 3455 1002 3516 quam
1030 3437 1081 3500 dlu
1113 3438 1259 3519 simplicio
1290 3449 1368 3500 sunt

79 3559 214 3622 conpone
240 3539 305 3612 illu,
335 3548 365 3602 et
385 3541 462 3602 liunt
483 3542 612 3603 nomina.
655 3547 727 3621 puta
752 3542 898 3602 innocens
933 3549 963 3602 et
989 3558 1114 3602 nocens:
1159 3559 1272 3602 nocens
1304 3560 1372 3621 par-

81 3645 210 3722 ticipium
243 3651 303 3714 est;
342 3660 453 3713 noceo,
488 3644 534 3704 loc
565 3643 768 3724 participium,
804 3660 932 3712 nocens;
966 3661 1103 3724 conpone
1130 3642 1218 3712 illud,
1254 3649 1284 3703 et
1313 3644 1372 3704 iam

80 3761 136 3805 non
180 3753 226 3807 est
262 3747 461 3826 participium.
516 3765 575 3826 qua
610 3746 743 3809 ratione?
797 3747 936 3826 quoniam
975 3747 1082 3826 recipit
1119 3746 1371 3826 conparationem,

81 3849 219 3910 innocens
240 3849 431 3912 innocentior
452 3849 723 3910 innocentissimus.
768 3846 876 3908 deinde
897 3849 1036 3928 quoniam
1059 3847 1183 3910 verbum
1205 3865 1266 3909 non
1288 3848 1371 3909 lecit:

53 3967 164 4012 enemo
187 3953 267 4013 enim
289 3950 362 4013 dicit
382 3953 519 4013 innoceo.
549 3952 622 4012 item
643 3958 714 4011 sunt
736 3949 835 4028 eliqua
856 3951 1012 4032 participia
1032 3953 1164 4031 exceptis
1179 3949 1238 4011 illis
1260 3949 1370 4010 discre-

83 4051 221 4122 tiooibus;
244 4053 305 4114 iem
327 4060 477 4115 memento
499 4051 563 4124 ille,
586 4054 643 4116 iste
665 4062 748 4115 extra
772 4062 849 4116 sunt.
893 4059 964 4115 sunt
985 4052 1085 4133 eliqua
1106 4053 1273 4133 participio,
1296 4069 1372 4130 quae
1383 4066 1444 4130 441,
1456 4066 1485 4115 21

147 4242 160 4293 l
178 4238 306 4308 cenatum]
327 4241 378 4292 Cic.
395 4257 422 4306 p.
440 4243 524 4292 Deiot.
542 4243 567 4300 7,
586 4240 621 4292 20
704 4241 784 4291 noluit
801 4240 826 4289 Α
915 4239 932 4291 3
949 4256 966 4289 a
980 4241 1118 4306 praeterito
1134 4248 1249 4306 tempore
1266 4245 1387 4289 cerutus¹

85 4317 161 4360 cotem
182 4313 208 4361 iu
227 4313 335 4362 neutrali
354 4311 393 4375 (in
417 4311 532 4362 neutrale
551 4311 576 4360 Α
593 4326 662 4364 corr.
682 4325 697 4360 a
715 4313 823 4362 neutrali
841 4311 872 4376 a)
889 4312 968 4362 uerbo
987 4309 1071 4360 ABG
1154 4312 1170 4360 5
1189 4323 1250 4375 ergo
1268 4324 1315 4358 om.
1334 4307 1371 4368 A,

13 4391 14 4416 i
85 4380 139 4434 add.
157 4397 174 4430 a
244 4391 349 4432 cenatos
365 4381 529 4447 perticipium
545 4391 583 4432 est
600 4387 704 4432 cenatus
722 4381 779 4432 AB
836 4381 885 4432 sed
899 4381 935 4447 (si
951 4381 1056 4433 Bcorr.
1073 4381 1119 4430 sed
1137 4378 1165 4442 b)
1184 4379 1309 4445 originem
1331 4380 1372 4428 sui

86 4451 151 4501 uerbi
168 4450 246 4503 hebet
263 4451 348 4502 ABG
362 4453 384 4504 si
403 4453 529 4520 originem
548 4453 588 4502 sui
607 4451 679 4500 uerbi
699 4467 749 4502 non
766 4451 876 4502 habeti
946 4451 978 4503 ll
998 4451 1075 4500 etium
1094 4449 1172 4500 aliem
1192 4449 1217 4500 A
1288 4448 1322 4499 12
1343 4458 1372 4498 ut

13 4571 14 4582 γ
86 4519 124 4568 ubi
139 4521 262 4572 noluerim
280 4520 336 4571 AB
354 4529 382 4571 ut
399 4522 443 4572 ubi
462 4522 505 4571 ubi
523 4520 647 4572 noluerim
660 4518 694 4570 a*
712 4530 740 4570 ut
757 4522 800 4572 nbi
819 4530 864 4571 aut
885 4521 930 4571 ubi
950 4521 1074 4571 coluerim
1093 4520 1115 4570 0
1201 4517 1235 4571 13
1256 4519 1371 4583 origines

87 4590 161 4642 ABG
227 4591 261 4644 15
274 4601 359 4643 utrum
377 4593 475 4658 possim
496 4591 583 4642 dicere
601 4607 648 4642 om.
665 4591 693 4653 G,
711 4599 913 4658 expunctum!
929 4594 956 4642 in
973 4591 999 4641 B
1082 4589 1116 4642 16
1132 4590 1230 4658 possim
1247 4602 1372 4655 usurpare

13 4673 14 4728 ᾗ
88 4659 257 4726 Apossnmus
275 4675 400 4728 usurpare
420 4663 459 4714 Ob
476 4663 606 4728 possimus
624 4675 747 4727 usurpare
763 4661 789 4712 B
841 4660 875 4714 23
890 4661 970 4712 hebes
988 4675 1034 4714 om,
1048 4660 1084 4721 A,
1102 4661 1164 4712 add.
1180 4676 1199 4710 a
1266 4659 1301 4709 25
1319 4673 1371 4710 non

13 4739 14 4752 ¹
88 4731 173 4781 ortibus
189 4739 294 4782 utuntur
311 4730 385 4782 BGa
403 4747 454 4783 non
473 4732 504 4782 ab
527 4732 624 4782 ortibus
641 4739 744 4783 utentur
762 4734 787 4784 Α
857 4733 1031 4784 alletoritatem
1050 4731 1104 4783 Bo
1171 4730 1205 4781 27
1224 4728 1370 4796 exemplum

90 4797 155 4850 lucet
172 4811 231 4869 putu
250 4801 308 4871 lege
326 4801 350 4852 Α
421 4802 455 4854 28
472 4818 574 4854 currere
592 4801 647 4856 AB
