3350 5442
312 340 375 404 568
743 345 791 406 DE
814 345 937 407 ovans
959 346 1166 409 NOMINlBVS

396 525 511 612 Itaque
540 548 614 589 cum
640 537 706 590 tres
736 528 803 592 sint
830 529 959 594 codices
982 530 1232 615 manuscripti,
1256 551 1367 595 omnes
1388 531 1437 593 ita
1458 530 1545 593 inter
1567 552 1601 592 se

312 628 532 706 consentiunt,
563 637 599 691 ut
626 651 668 693 ex
694 651 757 693 uno
780 630 870 695 fonte
892 631 1007 695 ductos
1030 653 1102 695 esse
1124 631 1292 719 adpareat.
1336 653 1415 696 nam
1436 653 1478 694 ne
1499 652 1600 694 unum

311 727 364 794 vel
385 729 522 793 alterum
544 729 659 793 horum
681 731 826 817 ipsorum
841 734 898 817 qui
913 734 1035 797 servati
1051 743 1126 798 sunt
1148 756 1166 797 e
1188 735 1283 797 tertio
1305 732 1507 819 descriptum
1529 755 1600 796 esse

311 840 477 916 putemus,
499 834 640 896 maxime
663 832 809 899 defectus
837 833 972 919 quidam
999 833 1158 901 librorum
1180 834 1319 899 diversis
1341 833 1424 899 locis
1446 833 1542 898 modo
1566 834 1600 895 in

309 933 371 997 hoc
393 934 488 997 modo
510 935 544 997 in
565 931 620 998 illo
643 935 769 998 inventi
793 934 936 1000 obstant.
971 958 1048 999 nam
1069 937 1104 998 in
1125 935 1372 1001 Vindobonensi
1394 935 1508 1000 codice
1529 937 1599 998 sota

309 1035 449 1099 omissae
478 1043 554 1098 sunt
582 1035 826 1100 observationes
856 1036 897 1100 de
925 1062 956 1102 v.
981 1049 1105 1117 0001100
1132 1061 1165 1124 p.
1188 1038 1229 1102 95
1250 1038 1299 1119 H,
1327 1044 1465 1118 supellex
1490 1061 1522 1123 p.
1546 1037 1599 1114 98,

309 1148 414 1201 000100
441 1160 473 1223 p.
499 1137 575 1220 1023
603 1139 638 1200 in
664 1137 854 1202 Monacensi
881 1160 960 1203 vero
988 1139 1149 1225 quaedam
1177 1138 1301 1203 lacunis
1329 1149 1484 1224 corrupta
1509 1151 1598 1220 suut,

309 1261 392 1324 quae
413 1236 466 1302 vel
488 1239 714 1304 Laudunensis
737 1242 865 1324 integra
886 1241 1045 1322 servavit,
1069 1251 1105 1306 ut
1126 1242 1160 1304 in
1180 1265 1212 1304 v.
1227 1248 1322 1306 ainis
1337 1253 1370 1306 et
1383 1248 1479 1318 callis,
1503 1247 1601 1304 crulter

308 1350 341 1404 et
362 1347 469 1418 cardo,
493 1339 545 1405 vel
568 1340 844 1424 Vindobonensis,
866 1351 903 1406 ut
924 1342 957 1405 in
980 1364 1011 1404 v.
1035 1350 1121 1422 oripo
1143 1353 1175 1407 et
1196 1350 1272 1408 ardo
1292 1366 1324 1429 p.
1348 1344 1401 1424 91,
1423 1349 1547 1422 scalper
1568 1355 1601 1406 ct

306 1448 420 1506 suboles
442 1465 473 1528 p.
499 1443 568 1506 101.
603 1465 704 1532 quare
731 1465 824 1507 suam
853 1445 989 1530 quisque
1016 1446 1243 1509 auctoritatem
1266 1445 1524 1531 adscripturum
1548 1468 1601 1507 ar-

307 1545 438 1632 chetypi
461 1546 714 1631 recuperandam
736 1544 850 1626 habet3
884 1545 942 1610 sed
968 1545 1048 1609 illud
1075 1548 1182 1633 ipsum
1209 1544 1358 1633 plurimis
1386 1556 1419 1611 et
1440 1547 1601 1630 gravissi-

307 1646 367 1708 mis
391 1646 481 1710 vitiis
509 1655 696 1732 corruptum
727 1648 829 1711 fnisse
852 1648 1059 1712 consentiens
1082 1649 1181 1712 trium
1202 1649 1353 1712 codicum
1375 1648 1601 1712 testimonium

306 1747 459 1812 ostendit.
504 1770 567 1833 quo
595 1747 719 1812 factum
746 1758 796 1812 est
822 1759 861 1812 ut
888 1748 1015 1814 duobus
1039 1749 1208 1815 codicibus
1230 1760 1305 1835 post
1327 1751 1507 1836 principem
1529 1750 1601 1813 edi-

305 1849 427 1914 tionem
449 1849 591 1915 inventis
614 1861 742 1936 praetor
764 1851 932 1915 restitutas
956 1851 990 1913 in
1016 1850 1109 1914 initio
1137 1848 1212 1915 libri
1235 1851 1479 1917 observationes
1502 1873 1602 1915 sexa·

304 1951 396 2036 ginta
422 1972 555 2032 novem,
584 1974 667 2038 quae
695 1953 728 2016 in
755 1950 811 2016 illa
839 1952 979 2016 omissae
1001 1961 1108 2034 erant,
1131 1974 1197 2016 non
1218 1950 1355 2018 multum
1378 1953 1421 2017 ad
1442 1953 1601 2017 emenda-

304 2054 424 2118 tionem
446 2051 591 2140 reliquae
613 2054 716 2138 partis
739 2053 942 2118 conferretur
962 2063 995 2118 et
1008 2077 1095 2118 nuuc
1108 2053 1250 2140 plurima
1264 2053 1325 2135 sic,
1348 2065 1385 2118 ut
1406 2053 1483 2121 olim
1505 2055 1604 2118 edita

305 2166 408 2236 erant,
430 2165 663 2241 repeterentur.
700 2177 775 2218 uam
796 2157 879 2220 vitia
900 2178 1028 2242 quoque
1051 2159 1242 2242 scripturae,
1266 2179 1349 2242 quae
1371 2155 1502 2243 quidem
1523 2179 1603 2222 eor-

303 2258 366 2342 rigi
395 2267 561 2343 poterant,
589 2258 742 2342 quoniam
769 2256 873 2322 multa
899 2279 983 2343 quae
1010 2280 1112 2344 prave
1139 2259 1262 2343 scripta
1289 2267 1366 2322 sunt
1392 2281 1458 2323 non
1491 2259 1604 2322 errori

247 2404 252 2414 ·
302 2358 511 2424 librariorum
534 2358 591 2423 sed
613 2358 838 2444 neglegentiae
866 2361 1034 2444 scriptoris
1057 2359 1233 2424 tribuenda
1254 2359 1498 2446 esse-adparet,
1527 2383 1603 2424 ma-

301 2462 424 2525 ximam
446 2469 572 2547 partem
599 2470 786 2525 correxerat
808 2461 990 2545 Hauptius,
1017 2460 1168 2548 idemque
1196 2461 1427 2527 molestissimo
1448 2465 1603 2546 negotio,

303 2586 322 2626 a
350 2584 413 2649 quo
440 2584 560 2647 magna
588 2585 664 2648 pars
693 2563 928 2627 emendationis
956 2563 990 2625 in
1019 2561 1080 2627 hoc
1108 2563 1192 2643 libro
1220 2563 1358 2650 pendet,
1385 2574 1422 2627 ut
1441 2565 1604 2650 exempta

302 2667 495 2752 scriptorum
522 2687 542 2727 a
569 2667 780 2748 grammatico
809 2666 911 2728 citata
938 2664 1026 2749 apud
1054 2662 1126 2729 illos
1153 2677 1388 2752 quaererentur
1414 2675 1447 2729 et
1466 2666 1604 2731 indica-

301 2776 430 2850 rentur,
458 2765 649 2853 perfunotus
680 2775 758 2830 erat.
802 2787 908 2853 pauca
934 2765 1073 2830 duorum
1102 2765 1264 2832 editorum
1291 2768 1347 2854 qui
1379 2789 1453 2830 eum
1486 2772 1604 2833 secuti

301 2880 377 2933 sunt
399 2891 499 2955 opera
520 2867 693 2956 praestitit
727 2869 921 2954 scripturam
936 2877 1043 2932 autem
1064 2869 1163 2933 trium
1185 2869 1347 2950 codicum,
1370 2869 1488 2956 quibus
1510 2893 1604 2934 usus

300 2995 391 3052 sum,
424 2961 586 3054 integram
618 2969 763 3034 exhibui.
808 2971 843 3032 in
874 2991 937 3056 quo
971 2970 1011 3033 dc
1038 2970 1287 3035 Vindobonensi
1319 2980 1353 3035 et
1379 2971 1603 3038 Laudunensi

300 3073 502 3156 superiorum
524 3072 684 3136 editorum
711 3069 808 3134 fidem
836 3082 966 3136 secutus
994 3094 1082 3154 sum,
1103 3073 1334 3137 Monacensem
1355 3073 1426 3159 ipse
1446 3078 1601 3139 excussi.

299 3183 441 3238 ceterum
472 3174 506 3236 in
538 3172 722 3238 indicandis
755 3174 796 3237 iis
829 3195 914 3260 quae
941 3195 960 3237 e
986 3173 1080 3238 libris
1112 3175 1308 3260 scriptorum
1338 3174 1603 3240 christianorum

299 3277 400 3340 citata
429 3285 504 3339 sunt
532 3275 706 3340 editionem
730 3275 916 3356 Gallandii,
945 3297 1011 3361 qua
1037 3275 1107 3341 sola
1128 3277 1162 3340 in
1184 3275 1332 3362 plurimis
1360 3278 1409 3341 uti
1430 3288 1601 3363 poteram,

299 3387 430 3441 secutus
453 3399 534 3441 sum.
579 3399 661 3464 quae
688 3399 740 3441 res
769 3377 877 3441 effecit
903 3386 945 3440 ut
967 3379 1094 3441 numeri
1121 3375 1198 3441 olim
1226 3399 1270 3440 ex
1291 3376 1364 3441 aliis
1386 3376 1600 3445 editionibus

299 3477 457 3566 adscripti
479 3480 609 3564 saepius
624 3477 772 3544 mutandi
795 3489 914 3543 essent.
944 3479 984 3542 de
1006 3501 1071 3544 non
1084 3478 1182 3543 nullis
1204 3488 1313 3543 autem
1335 3478 1427 3561 locis,
1449 3481 1505 3567 qui
1530 3506 1601 3547 nec

299 3603 319 3644 a
340 3581 504 3668 prioribus
528 3581 668 3646 inveniri
695 3603 755 3645 neo
778 3604 798 3646 a
825 3604 876 3645 me
904 3583 970 3645 suis
1000 3581 1187 3646 auctoribus
1210 3579 1379 3665 adsignari
1400 3593 1599 3667 potuerunt,

298 3684 480 3746 accuratius
504 3683 724 3768 quaerendum
746 3705 817 3747 esse
839 3705 903 3747 non
926 3683 1124 3747 existimavi.

382 3786 434 3849 De
461 3795 651 3868 argumento
673 3785 749 3849 libri
771 3807 966 3883 quamquam
993 3785 1126 3850 uberius
1154 3785 1321 3870 disputare
1341 3785 1421 3849 mihi
1442 3790 1599 3873 proposi-

298 4003 329 4010 -
346 3977 428 4025 multis
440 3983 465 4025 et
477 3977 554 4024 elaris
565 3975 733 4040 scriptoribus
746 3982 858 4024 tractata
871 3976 1007 4025 dilatetur:
1026 3979 1157 4040 excerpta
1174 3975 1207 4023 de
1226 3974 1430 4040 orthographia.
1448 3974 1457 4041 11
1475 3978 1494 4026 1.
1505 3977 1597 4028 3-5*

296 4059 416 4126 epistula
429 4059 561 4110 Coronati
580 4059 614 4110 ad
627 4061 784 4122 Luxuriam,
804 4058 837 4108 de
857 4061 955 4124 magis,
975 4059 1008 4110 de
1026 4060 1160 4119 trinitate,
1177 4059 1411 4126 interrogationes
1429 4066 1459 4111 et
1476 4077 1596 4127 respon-

296 4146 388 4195 siones
404 4145 512 4208 variae,
536 4150 694 4210 excerptum
712 4145 882 4207 Hieronymi.
901 4142 909 4209 11
928 4143 947 4193 f.
965 4141 1088 4194 stt—173
1110 4145 1199 4207 incipit
1214 4148 1337 4208 prolapus
1353 4146 1394 4196 ltic
1408 4149 1536 4211 prolapus
1554 4151 1595 4197 in·

296 4233 366 4280 dieat
383 4229 471 4295 quibus
487 4233 566 4294 plaste
583 4257 616 4264 —
634 4231 767 4280 adoneum
785 4245 829 4279 me.
850 4230 956 4294 explicit
970 4230 1101 4293 prolapus.
1120 4230 1243 4292 incipiunt
1258 4233 1345 4295 plasae
1363 4231 1463 4294 effatae
1481 4239 1507 4282 et
1524 4237 1595 4283 reli-

295 4332 360 4381 quae
379 4319 433 4365 etc.
469 4313 573 4363 Abauus
591 4339 622 4346 -
640 4315 731 4363 lolium.
761 4316 902 4377 expliciunt
917 4317 1005 4378 plosae
1023 4315 1070 4364 dea
1087 4316 1188 4378 pretias
1204 4331 1290 4365 amen:
1308 4315 1419 4382 glossae
1438 4331 1473 4365 ex
1491 4323 1593 4368 vetere

296 4405 324 4450 et
340 4415 410 4450 novo
430 4402 604 4448 testamento.
622 4395 630 4464 Η
648 4395 856 4452 i.1'l³*-l‘lt*
877 4401 909 4449 de
931 4401 1062 4449 (1001100101
1079 4400 1247 4463 scriptoribus
1265 4401 1424 4466 Hieronymi.
1456 4402 1503 4453 llis
1520 4421 1595 4452 nzunr

295 4509 327 4520 -
345 4485 464 4534 10010000
485 4491 551 4536 sunt.
575 4485 640 4546 finit.
664 4480 672 4548 11
694 4498 748 4533 000
772 4483 840 4533 10110
857 4498 946 4535 vacuo
968 4483 1066 4534 relicto
1089 4483 1109 4533 1.
1128 4483 1285 4534 tto-184*
1306 4489 1430 4549 incipiunt
1446 4503 1593 4553 spnanpmu

295 4569 433 4620 Ciceronis.
472 4569 576 4618 Uetrrria
598 4583 644 4617 suo
668 4595 699 4603 —
722 4571 837 4618 sustinet.
874 4572 980 4634 euplicil
1005 4572 1136 4632 spnanima
1162 4571 1226 4618 ortis
1248 4571 1392 4619 rethoricae
1414 4573 1462 4621 deo
1484 4577 1592 4635 prorius

295 4669 373 4702 umen.
391 4649 401 4719 ΙΙ
419 4654 439 4706 1.
457 4655 596 4702 tes-191
619 4655 707 4717 incipit
729 4655 811 4704 dubiis
833 4656 866 4703 cle
888 4654 1025 4704 naruniltue
1045 4679 1077 4689 —
1095 4662 1182 4704 atrax.
1204 4651 1537 4721 111.191-191*1001011
1556 4662 1591 4708 de

294 4741 471 4802 propriaetate
489 4754 628 4788 samonum
645 4742 687 4788 uel
702 4755 795 4790 reruni.
830 4740 907 4789 Inter
927 4748 1015 4789 metum
1037 4748 1063 4788 el
1084 4741 1195 4791 11000000
1212 4767 1246 4774 -—
1263 4743 1442 4792 eanumnturiu
1459 4745 1590 4792 uolumina

296 4825 420 4872 dicuntur.
452 4825 499 4872 dea
518 4825 616 4886 pretias
634 4825 702 4886 quad
715 4827 876 4888 perficiamus
894 4841 957 4889 opus
975 4832 1085 4874 nortuum
1103 4842 1188 4877 omen:
1206 4826 1239 4876 de
1257 4826 1430 4877 differentiis.
