3350 5442
316 343 380 410 454
657 416 663 431 ,
869 347 1052 411 amnonis

342 469 363 510 p.
378 457 421 498 teo.
434 457 458 496 et
475 454 496 495 L.
1406 466 1429 507 p,
1443 455 1544 494 eafa-52
1558 453 1577 491 t·.

316 555 352 596 ax
374 554 491 615 quoque
514 535 558 596 vel
581 554 631 604 ex,
655 543 688 596 ut
710 554 779 595 voro
802 555 906 605 vorax,
936 537 1031 597 audeo
1054 536 1163 605 audax,
1187 544 1286 596 tumeo
1307 544 1424 603 tumax,
1448 542 1601 594 contumeo

317 634 331 717 ΙΙ
355 645 524 707 contumax,
547 642 633 697 teneo
655 644 755 707 tenax,
780 637 847 697 dico
868 638 966 707 dicax,
990 639 1076 718 capio
1092 656 1199 718 capax,
1224 639 1308 716 rapio
1323 655 1430 715 rapax,
1453 639 1601 717 perspicio

315 741 485 819 perspicax,
510 739 607 800 cilicio
629 740 746 810 efficax,
771 740 841 801 lallo
863 740 966 810 fallax,
989 758 1055 801 emo
1078 759 1177 809 emax,
1200 741 1266 798 vivo
1288 741 1387 805 vivax,
1411 740 1493 816 sagio
1515 736 1600 814 (unde

316 841 487 920 praesagio)
517 858 621 918 sagax,
650 841 725 902 salio
753 841 832 902 salax
863 840 957 917 (unde
985 840 1227 920 ‘caudamque
1255 842 1434 902 salacem'
1464 840 1601 900 Horatios

315 959 485 1002 sermonum
514 941 591 1003 libro
613 943 656 1024 l),
687 945 814 1004 mentior
837 943 976 1012 mendax,
1006 943 1083 1003 lateo
1106 942 1196 1012 latex,
1227 950 1309 1004 verto
1331 949 1445 1002 vertex.
1489 945 1522 1002 in
1545 951 1620 1002 ter-⁵

315 1041 527 1106 minationibus
550 1052 648 1106 autem
671 1044 887 1124 incipientibus
901 1065 918 1106 a
932 1052 1112 1106 consonante
1127 1063 1293 1106 consonans
1315 1044 1495 1105 antecedens
1510 1046 1601 1122 ipsam

315 1148 492 1224 positionem
522 1145 603 1206 verbi
631 1147 781 1207 invenitur
807 1145 991 1226 praecedens
1013 1148 1148 1207 nominis·
1163 1146 1341 1216 clausulam,
1365 1149 1396 1207 in
1419 1149 1517 1226 prima
1539 1149 1599 1226 qui·

315 1248 382 1308 dem
404 1250 611 1326 coniugatione
634 1267 651 1308 a
672 1255 829 1328 sequente,
854 1250 886 1308 in
909 1249 1034 1329 reliquis
1049 1255 1148 1310 antem
1170 1250 1194 1318 i,
1219 1251 1250 1308 in
1274 1247 1376 1308 bulum
1399 1248 1446 1308 rel
1468 1250 1500 1307 in
1524 1237 1599 1309 bilis.

316 1358 347 1412 ut
370 1359 415 1411 sto
437 1359 497 1412 stas
520 1349 682 1419 stabulum,
711 1369 783 1409 voco
806 1368 892 1411 vocas
915 1349 1104 1420 vocabulum,
1134 1358 1222 1429 pateo
1244 1359 1328 1429 pates
1352 1349 1534 1427 patibulum,
1558 1353 1599 1408 in·

316 1452 406 1512 lundo
428 1452 561 1512 iniundis
583 1451 818 1520 infundibulum,
842 1453 914 1511 item
937 1458 982 1512 sto
998 1460 1058 1512 stas
1074 1451 1206 1521 stabilis;
1230 1453 1301 1511 item
1324 1453 1355 1510 in
1378 1449 1513 1520 hundos,
1537 1465 1629 1510 eruta

316 1573 399 1615 erras
428 1553 628 1624 errabundus
658 1553 727 1614 ludo
755 1552 832 1613 ludis
859 1551 1056 1623 ludibundus,
1090 1555 1202 1615 morior
1237 1555 1364 1613 moreris
1397 1553 1600 1614 moribundus.

315 1658 382 1716 iuro
404 1657 480 1716 iuris
502 1655 690 1717 furibundus.

400 1757 476 1818 Sunt
508 1765 538 1818 et
569 1757 644 1818 aliae
677 1757 824 1818 clausulae
858 1760 1011 1818 namnum
1045 1777 1062 1817 a
1095 1760 1245 1837 praesenti
1278 1755 1438 1818 verborum
1470 1765 1601 1837 tempore

316 1861 468 1920 venientes
490 1878 548 1920 non
570 1865 631 1920 tam
652 1858 806 1936 generales
829 1877 884 1918 nec
906 1861 950 1920 sic
972 1861 1004 1919 in
1026 1858 1128 1919 multis
1150 1859 1287 1919 inventae
1310 1859 1495 1928 nominibus,
1520 1869 1554 1918 nt
1575 1863 1601 1919 io

315 1961 398 2022 avel
422 1963 453 2021 in
476 1961 520 2022 ela
544 1961 589 2022 vel
611 1963 643 2021 in
666 1978 738 2020 erna
762 1960 806 2021 vel
829 1962 861 2020 in
885 1961 934 2020 ina
957 1961 1002 2022 vel
1025 1963 1056 2021 in
1079 1962 1119 2020 ile
1141 1962 1188 2021 rel
1209 1963 1241 2021 in
1264 1980 1281 2019 o
1303 1961 1348 2020 rel
1371 1963 1403 2020 in
1425 1960 1481 2021 edo
1505 1961 1552 2021 sel
1574 1964 1628 2020 ine

315 2063 364 2123 ido
393 2063 438 2122 vel
466 2064 497 2122 in
526 2064 555 2122 io
584 2062 630 2123 vel
658 2063 690 2122 in
718 2080 753 2122 us
781 2061 825 2121 vel
849 2063 879 2121 in
903 2080 953 2122 nm
977 2062 1020 2123 vel
1043 2064 1074 2122 in
1103 2080 1169 2123 rum
1193 2061 1400 2124 desinentibus
1422 2073 1601 2124 consonante

315 2166 471 2244 positionis
494 2165 752 2233 antecedentem
775 2161 877 2224 scribo
899 2163 1012 2234 scriba,
1037 2163 1117 2225 nubo
1139 2164 1289 2243 pronuba,
1321 2166 1404 2242 ingio
1426 2165 1513 2242 iuga,
1537 2183 1600 2243 per·

314 2269 396 2344 l'ugio
418 2268 556 2346 perfuga,
580 2267 704 2328 advenio
727 2265 853 2336 advena,
877 2268 1021 2327 convenio
1042 2284 1186 2336 convena,
1215 2265 1294 2326 lenio
1315 2265 1397 2334 lena,
1421 2286 1533 2346 sequor
1555 2266 1600 2326 ad·

314 2369 428 2438 secula,
451 2369 516 2430 colo
539 2368 691 2437 caelicola,
715 2369 804 2446 gigno
825 2367 870 2428 vel
893 2370 1014 2447 antiqno
1029 2385 1105 2445 geno
1121 2369 1287 2445 terrigena,
1313 2370 1377 2427 rivo
1399 2371 1539 2438 conviva;
1561 2371 1599 2428 sie

314 2471 430 2531 insideo
452 2471 579 2532 insidiae
601 2470 758 2550 pluraliter
781 2478 905 2530 tanturn.
950 2472 1022 2529 item
1045 2469 1158 2530 candeo
1180 2470 1317 2538 candela,
1341 2470 1450 2531 suadeo
1472 2469 1628 2531 suadela-*1

314 2571 398 2633 luceo
426 2573 548 2633 lucerna
575 2573 620 2632 vel
649 2573 739 2632 ctiam
765 2570 880 2641 lucina,
908 2571 987 2632 lateo
1013 2553 1143 2640 laterna,
1174 2589 1229 2631 ruo
1251 2574 1351 2641 ruina,
1381 2573 1465 2650 rapio
1487 2574 1599 2651 rapina.

314 2654 390 2734 cubo
417 2673 598 2744 concubina;
626 2676 698 2735 item
726 2672 803 2733 cubo
831 2671 946 2742 cubile,
976 2671 1066 2732 sedeo
1094 2672 1196 2733 sedile.
1241 2676 1313 2733 item
1335 2675 1366 2733 in
1388 2693 1406 2732 o
1427 2674 1597 2738 masculina,

314 2785 347 2836 ut
369 2776 473 2855 epulor
500 2776 601 2856 epulo,
629 2775 707 2838 lateo
734 2775 824 2844 latro,
854 2776 934 2837 lenio
960 2775 1044 2846 leno;
1073 2774 1196 2836 comedo
1222 2775 1310 2855 palpo
1332 2774 1460 2836 verbero
1481 2775 1597 2839 incubo.

316 2877 385 2936 licet
407 2880 438 2938 in
461 2877 565 2938 eadem
587 2896 657 2937 voce
681 2885 739 2938 tam
763 2875 854 2937 verba
876 2884 947 2937 sunt
978 2895 1067 2956 quam
1088 2878 1219 2938 nomina.
1264 2879 1407 2938 feminina
1429 2897 1549 2957 qnoque
1571 2880 1598 2936 io

314 2979 370 3038 edo
399 2980 444 3038 vel
473 2981 503 3039 in
532 2977 595 3047 ido,
625 2985 657 3038 ut
685 2986 788 3057 torpeo
812 2979 950 3058 torpedo,
980 2981 1068 3058 cupio
1090 2978 1211 3059 cupido,
1234 2978 1310 3040 libet
1331 2979 1440 3040 libido:
1474 2979 1626 3039 fortuitos:-

314 3083 386 3140 item
414 3087 443 3139 et
470 3080 565 3156 caligo
593 3097 738 3160 propago,
768 3081 907 3141 similiter
936 3088 969 3141 ut
990 3081 1126 3150 comedo,
1155 3083 1188 3142 in
1210 3080 1314 3142 eadem
1335 3099 1408 3142 voce
1429 3089 1489 3142 tam
1513 3081 1596 3142 verba

314 3199 402 3260 quam
430 3183 548 3242 nomina
577 3189 655 3242 sunt.
701 3184 774 3242 item
801 3184 832 3242 in
861 3185 890 3244 io
917 3201 1048 3262 quoqne,
1078 3191 1112 3244 nt
1136 3182 1147 3262 ll
1178 3185 1284 3261 opinor
1311 3186 1427 3263 opinio,
1457 3188 1596 3262 suspicor,

314 3285 457 3362 suspicio.
496 3286 526 3344 in
549 3301 585 3344 ns
608 3301 725 3363 quoque
748 3285 822 3345 siunt
845 3284 1038 3346 antecedente
1061 3292 1242 3346 consonante
1263 3287 1434 3364 positionis,
1458 3294 1492 3345 ut
1514 3287 1622 3364 prame·

315 3403 435 3464 parcus,
465 3403 536 3446 coco
558 3403 661 3455 cocus,
690 3385 759 3446 lndo
782 3385 883 3454 ludus,
906 3385 964 3446 [ido
988 3385 992 3465 1
1016 3387 1104 3457 lidus,
1128 3387 1226 3466 pando
1248 3387 1378 3467 pandus,
1402 3387 1486 3448 luceo
1508 3387 1595 3447 lucus.

314 3505 402 3547 arceo
424 3507 524 3558 arcus,
553 3495 652 3548 metuo
679 3496 790 3557 metus,
819 3470 940 3566 gradior
962 3489 1073 3565 gradus
1097 3486 1175 3568 [scio
1197 3491 1277 3550 scius
1299 3489 1467 3550 multiscius
1488 3491 1623 3548 inscim:a

315 3592 482 3669 praescius,
506 3589 565 3650 fluo
589 3590 700 3650 refluus
722 3588 946 3670 septemfluus];
974 3590 1159 3651 sic-invideo
1181 3591 1312 3659 invidus,
1336 3591 1475 3670 profugio
1498 3593 1593 3671 proin·

314 3709 384 3770 gns,
414 3711 430 3751 a
456 3693 534 3752 facio
562 3691 709 3753 luctilicns
735 3694 885 3753 terrificus
912 3691 1056 3754 laetificus
1085 3692 1237 3753 beneficus
1264 3691 1413 3754 maleficus
1440 3695 1590 3754 veneticus.

314 3811 329 3853 a
358 3793 425 3853 dico
453 3793 593 3854 fatidicus
620 3794 775 3862 veredicus
803 3793 979 3865 maledicus,
1009 3813 1025 3855 a
1052 3795 1118 3855 volo
1146 3797 1191 3855 vis
1213 3793 1368 3856 benivolus
1388 3794 1553 3862 malivolam,
1579 3813 1591 3852 a

313 3968 370 3974 ...—
378 3967 611 3974 ..---—--·.-—.-

385 4067 394 4118 1
414 4077 500 4116 tumcx
519 4076 650 4117 contumeo
667 4081 713 4116 orn.
731 4068 757 4118 B
825 4069 842 4117 2
861 4068 933 4132 capio
948 4082 1030 4132 capax
1048 4066 1092 4118 Bt
1110 4082 1184 4116 carco
1198 4082 1274 4116 corax
1288 4068 1331 4129 Pr
1395 4069 1413 4118 4
1428 4069 1501 4132 sagio
1519 4081 1590 4132 sagax

314 4137 380 4185 oncle
400 4138 534 4203 praesagio
551 4138 575 4185 P
590 4138 664 4203 sagio
683 4151 764 4202 sagax
783 4138 849 4186 xinde
869 4138 1003 4202 prsesagio
1022 4151 1166 4203 praesagas
1184 4145 1194 4187 t
1262 4139 1279 4188 5
1296 4151 1442 4186 sermonum
1460 4140 1485 4186 io
1508 4137 1590 4186 librat

316 4209 350 4257 P:
370 4207 435 4260 Hor.
452 4215 501 4259 sot.
523 4208 572 4266 12,
590 4209 624 4259 45
711 4207 728 4256 9
747 4215 804 4269 post
821 4207 948 4256 stabulum
968 4208 1025 4258 eud.
1046 4223 1110 4261 mon.
1127 4216 1217 4269 postea
1234 4207 1296 4256 add.
1315 4207 1375 4255 item
1391 4209 1489 4257 stabilis
1507 4209 1533 4258 B

317 4277 347 4327 10
365 4277 424 4326 item
442 4286 481 4327 sto
499 4275 573 4325 abilis
592 4284 603 4326 t
621 4278 679 4326 item
699 4277 724 4326 in
745 4277 803 4326 bilis
821 4284 861 4326 sto
878 4292 907 4326 aa
921 4276 1021 4326 stabilis
1035 4277 1133 4339 [insto
1155 4277 1235 4328 instas
1253 4277 1378 4327 instabilis
1394 4279 1427 4341 P,
1445 4293 1490 4328 om.
1508 4279 1533 4328 B

315 4347 346 4397 14
364 4348 388 4394 in
408 4362 423 4394 a
439 4346 478 4396 uel
497 4347 523 4394 in
545 4346 594 4397 ella
607 4348 647 4396 uel
665 4348 690 4395 in
710 4345 757 4396 ensi
775 4345 815 4396 uel
836 4348 862 4396 in
881 4362 941 4396 erne
959 4347 1000 4396 uel
1015 4347 1041 4396 in
1061 4349 1103 4396 ins
1120 4347 1160 4397 uel
1180 4347 1205 4396 in
1225 4347 1248 4396 le
1268 4347 1309 4395 trel
1328 4347 1354 4396 in
1373 4364 1387 4396 o
1407 4348 1447 4396 arel
1472 4351 1495 4396 io
1516 4349 1541 4396 io
1557 4343 1589 4392 ιιι-1

314 4418 338 4465 in
358 4431 388 4465 us
404 4415 577 4466 desinentibus
593 4417 619 4467 B
673 4417 704 4468 16
723 4419 747 4466 in
765 4414 806 4482 ns]
826 4418 851 4465 in
868 4432 897 4465 us
912 4415 953 4465 niel
969 4417 994 4465 io
1007 4418 1047 4466 ins
1062 4417 1086 4464 P
1137 4417 1168 4467 li
1187 4417 1304 4481 perfugio
1323 4417 1431 4482 perlugs
1447 4418 1546 4482 refragio
1559 4431 1588 4461 m·

314 4485 376 4552 luge
394 4486 419 4536 B
490 4485 522 4536 18
546 4486 665 4536 adsecula
685 4487 710 4534 P
728 4485 844 4536 assecula
863 4486 888 4536 B
906 4486 1035 4537 adseclas
1060 4488 1192 4549 asseclas
1259 4487 1351 4537 leuet
1371 4489 1587 4550 111111111111111111ς

314 4557 372 4604 bont
390 4571 457 4622 geno
476 4563 499 4606 t:
519 4556 557 4604 vel
575 4571 620 4611 ona.
641 4557 667 4607 B
736 4556 770 4607 20
789 4557 887 4606 insideo
906 4557 985 4614 (corr.
1003 4557 1082 4619 -diorl
1104 4557 1214 4606 insidiae
1230 4555 1255 4605 B
1272 4556 1366 4604 lusidio
1383 4556 1465 4618 (corr.
1483 4559 1518 4608 ol.
1534 4570 1581 4603 mos

281 4657 284 4663 -
313 4625 385 4686 -deol
404 4627 512 4676 insidiae
531 4627 555 4674 P
572 4626 678 4676 insidior
694 4627 803 4676 insidiae
817 4633 839 4674 t:
858 4627 893 4688 cs.
906 4641 933 4688 p.
952 4626 1022 4677 stau
1109 4627 1214 4676 candela
1233 4627 1315 4690 (corr.
1335 4627 1409 4690 -ellsl
1427 4627 1522 4676 suadeo
1539 4640 1586 4672 soa-

314 4695 379 4758 della
398 4695 422 4744 B
491 4694 525 4746 32
543 4697 606 4746 cubo
625 4697 764 4746 concubina
785 4695 1080 4760 (superaccendens
1098 4696 1124 4744 B
1193 4695 1227 4746 ⁶26
1248 4697 1365 4745 similiter
1382 4706 1410 4745 ut
1428 4697 1533 4745 comedo
1548 4702 1587 4745 tet

314 4763 429 4813 similiter
446 4764 530 4829 (corr.
549 4766 665 4816 similiter
685 4775 711 4815 ot
730 4767 766 4826 B)
785 4767 890 4815 comedo
908 4766 963 4815 BP
1020 4767 1064 4828 Ι21
1082 4775 1142 4816 sunt
1160 4768 1224 4826 item
1236 4781 1281 4815 om.
1304 4767 1328 4814 P
1395 4767 1431 4816 28
1451 4767 1556 4832 suspitio
1572 4762 1589 4810 Ρ

382 4833 414 4884 32
435 4833 574 4899 veneticus]
595 4835 716 4887 neniilcus
732 4836 794 4901 Btf
838 4835 871 4889 33
891 4837 950 4886 item
968 4852 983 4886 a
1001 4835 1059 4888 dico
1073 4836 1098 4885 P
