3350 5442
585 364 821 429 cuuuuuvvu
1292 357 1351 421 191

1070 482 1074 489 ·
1169 480 1191 523 p.
1203 466 1328 509 vlt-1⁷1.

74 557 143 615 niam
169 554 351 615 admiserunt
378 572 472 631 genus
495 553 688 615 masculinum
711 559 834 633 propter
857 551 989 612 adverbii
1011 552 1227 612 necessitatem.
1273 557 1351 610 cete·

74 676 129 717 vum
152 658 176 717 si
199 674 259 717 nou
282 658 320 718 sit
342 654 474 717 adverbii
497 658 672 723 necessitas.
696 673 791 733 genus
815 662 860 714 est
880 655 1065 726 femininum.

145 756 158 817 l
179 760 353 818 terminatus
375 756 533 819 ablativus:
567 760 623 819 ista
646 758 748 836 regula
771 756 924 835 multiplex
948 762 1001 817 est.
1046 758 1056 815 i
1077 757 1251 817 terminatus
1273 754 1353 817 abla-

73 861 138 921 tivus
160 858 320 937 singularis
342 861 509 938 genetivum
533 861 564 920 in
587 861 648 921 ium
669 861 774 931 mittit,
799 859 928 919 dativum
951 866 980 917 et
1002 856 1159 918 ablativum
1181 860 1212 918 in
1235 857 1299 927 bus,
1322 864 1355 918 ut

52 962 105 1024 vab
126 962 178 1023 bac
201 963 293 1041 puppi
315 964 457 1043 puppium
482 963 526 1023 bis
549 968 579 1023 et
601 961 638 1023 ab
661 961 706 1023 bis
729 960 888 1041 puppibus.
927 962 1080 1039 quaeritur
1102 962 1133 1020 in
1155 962 1226 1040 ipsa.
1240 958 1352 1039 regula,

72 1064 177 1145 quando
201 1064 333 1125 dicamus
356 1063 410 1125 bas
432 1083 559 1145 puppeS.
585 1064 629 1125 vel
652 1065 769 1144 quando
792 1064 924 1124 dieamus
945 1061 999 1123 has
1021 1059 1152 1142 puplpis;
1184 1063 1300 1140 quando
1323 1065 1354 1122 in

71 1169 105 1237 is,
128 1166 243 1246 quando
265 1168 295 1226 in
319 1185 359 1227 es.
407 1166 472 1227 talis
500 1166 600 1244 regula
624 1176 681 1227 est:
711 1168 977 1246 quotienscumque
1004 1167 1157 1242 genetivus
1179 1164 1302 1243 pluralis
1323 1166 1355 1225 in

72 1272 124 1329 ium
151 1270 223 1337 evit,
254 1270 361 1330 totiens
390 1270 574 1329 accusativus
600 1270 632 1329 in
660 1270 686 1329 is
714 1270 788 1338 erit,
817 1276 887 1347 puta
916 1266 1035 1345 agilium
1062 1266 1191 1327 facilium
1214 1265 1355 1338 debilium

73 1372 220 1450 puppium;
245 1389 315 1431 eece
337 1372 476 1451 quoniam
499 1373 529 1432 in
551 1372 612 1431 ium
629 1372 688 1432 exit
709 1371 877 1448 genetivus,
901 1372 1083 1431 accusativus
1104 1370 1162 1429 iam
1186 1371 1215 1429 in
1237 1370 1263 1430 is
1286 1369 1354 1440 exit,

45 1472 120 1533 rohos
141 1469 223 1550 agilis
250 1472 306 1533 bos
333 1472 428 1534 facilis
458 1474 512 1535 bos
541 1472 654 1534 docilis.
698 1474 723 1533 si
746 1480 843 1534 autem
866 1474 1020 1551 genetivus
1042 1490 1102 1532 non
1125 1479 1210 1533 exeat
1229 1473 1261 1531 in
1282 1474 1354 1541 ium,

74 1574 166 1635 sedin
189 1591 255 1643 um,
285 1574 315 1633 in
345 1593 377 1635 cs
405 1576 465 1635 exit
491 1577 686 1645 accusativus,
717 1582 801 1654 peter
823 1582 942 1654 patrum
971 1583 1087 1654 patres,
1111 1581 1207 1635 mater
1228 1581 1356 1635 matrum

75 1684 179 1737 matres.
224 1694 284 1737 non
307 1695 427 1756 possum
450 1677 551 1739 dicere
573 1678 667 1758 petris
689 1679 805 1745 metris,
834 1677 887 1739 sed
909 1676 964 1737 hos
985 1684 1086 1756 patres
1108 1676 1160 1739 bas
1182 1684 1299 1737 matres.
1345 1678 1357 1735 i

74 1796 135 1857 ergo
156 1780 330 1840 terminatus
352 1778 497 1841 ablativus
519 1778 675 1858 singularis
698 1779 855 1859 aliquando
883 1780 1051 1857 genetivum
1072 1778 1219 1859 pluralem
1241 1781 1272 1839 in
1294 1780 1356 1839 ium

74 1882 164 1949 mittit,
192 1880 351 1960 aliquando
378 1884 408 1942 in
437 1901 497 1943 um.
543 1881 659 1961 quando
689 1884 776 1943 etiam
804 1883 988 1943 accusativus
1017 1880 1138 1960 pluralis
1160 1883 1191 1941 in
1213 1883 1239 1941 is
1262 1889 1355 1952 exeat,

45 1982 180 2062 nquando
206 1984 237 2042 in
267 2002 314 2053 es,
345 1984 487 2053 diximum
527 1983 616 2044 modo
649 1983 720 2045 illud
753 1984 917 2055 videamus,
950 1985 1014 2063 ipsc
1046 1984 1199 2061 genetivus
1231 1983 1357 2063 pluralis

74 2084 179 2162 quando
201 2086 231 2145 in
255 2104 304 2147 um
329 2094 428 2155 exeat,
458 2086 575 2166 qnando
598 2088 629 2147 in
651 2088 721 2147 ium.
765 2086 862 2147 babeo
884 2094 945 2146 tres
967 2084 1095 2163 regulas.
1139 2087 1428 2166 quotiensnon-434,
1443 2087 1473 2137 ¹⁷

74 2207 124 2267 que
144 2189 340 2249 nominativus
362 2188 521 2267 singularis
543 2208 562 2249 n
586 2198 616 2251 et
638 2209 652 2251 s
673 2189 781 2250 litteris
804 2190 993 2259 terminatur,
1017 2190 1048 2249 in
1070 2190 1131 2249 ium
1156 2188 1229 2259 exit,
1254 2207 1356 2249 amans

74 2292 249 2359 amantium:
267 2289 378 2351 docens
405 2290 590 2361 docentium,
620 2290 750 2352 olamans
779 2289 979 2352 clamantium.
1025 2293 1146 2352 omniuo
1179 2291 1276 2351 omnia
1310 2292 1356 2350 vel

74 2394 214 2471 participia
239 2391 284 2451 vel
314 2394 432 2453 uomina
454 2393 559 2454 similia
583 2394 746 2473 participiis
768 2394 936 2471 praesentis
957 2394 1099 2473 temporis
1121 2395 1151 2453 in
1174 2411 1193 2452 n
1215 2400 1245 2453 et
1267 2410 1281 2452 s
1304 2412 1355 2453 ex-

43 2496 159 2555 uenntia
187 2497 217 2555 iu
248 2496 427 2555 nominativo
456 2494 598 2575 singulari
624 2497 793 2575 genetivum
822 2493 969 2574 pluralem
990 2497 1021 2555 in
1044 2496 1105 2556 ium
1129 2496 1257 2556 mittunt.
1300 2496 1357 2555 ista

73 2598 215 2676 participia
245 2608 328 2661 sunt.
351 2616 454 2659 amans
477 2597 600 2667 docens;
632 2606 661 2659 et
684 2599 802 2659 uomina
826 2595 976 2667 similiter,
1000 2604 1106 2676 potens
1128 2599 1279 2675 inpotens,
1302 2616 1355 2677 po-

75 2700 186 2759 tentium
206 2696 210 2781 l
230 2700 439 2779 inpotentium.
484 2718 554 2761 ecce
577 2702 776 2761 nominativus
797 2692 822 2760 s'i
846 2717 865 2759 n
889 2707 918 2759 et
939 2718 953 2759 s
975 2698 1082 2761 litteris
1105 2700 1193 2760 luerit
1215 2701 1357 2761 termina·

73 2810 127 2872 tus,
160 2803 328 2881 genetivum
362 2800 507 2882 pluralem
539 2804 569 2863 in
597 2804 658 2863 ium
686 2804 783 2863 mittit.
818 2802 900 2869 ‚item
929 2802 954 2862 si
982 2801 1123 2862 ablativus
1150 2800 1310 2880 singularis
1340 2821 1357 2861 e

73 2912 200 2983 correpto
229 2904 406 2965 terminetur
434 2906 463 2964 in
491 2922 602 2982 genere
632 2906 790 2974 lemiuino,
818 2905 972 2983 genetivus
998 2903 1122 2983 pluralis
1149 2906 1179 2965 in
1201 2906 1263 2965 ium
1287 2905 1355 2975 exit,

43 3012 101 3065 snt
125 3004 160 3065 ab
187 3006 242 3067 bac
272 3005 355 3067 clade
384 3004 521 3067 cladium.
566 3010 637 3068 item
666 3010 690 3069 si
712 3008 723 3067 i
745 3007 922 3067 terminetur
947 3008 1012 3086 ipse
1034 3005 1177 3068 ablativus
1199 3009 1230 3068 in
1253 3008 1358 3085 quovis

74 3124 182 3183 genere,
205 3114 275 3187 puta
300 3107 463 3169 masculino
486 3108 628 3169 leminino
651 3116 767 3178 neutro,
793 3115 825 3169 ut
848 3106 885 3168 ab
907 3106 963 3169 bac
984 3111 1077 3190 puppi
1098 3111 1252 3190 puppium.
1287 3128 1357 3171 ecee

75 3208 157 3269 habes
184 3218 243 3271 tres
271 3210 405 3289 regulas,
434 3192 541 3291 quibus
574 3210 685 3289 regulis
713 3208 883 3289 intellegas,
912 3211 1030 3290 quando
1057 3214 1210 3290 genetivus
1235 3214 1267 3271 in
1294 3214 1357 3273 ium

74 3319 158 3372 exeat.
200 3312 226 3371 si
247 3320 345 3373 autem
369 3314 567 3375 nominativus
589 3313 746 3393 singularis
769 3332 828 3374 non
851 3332 871 3373 n
893 3321 958 3374 ets
986 3313 1092 3375 litteris
1112 3316 1303 3385 terminetur,
1332 3315 1359 3374 si

74 3411 205 3473 ablativus
231 3413 389 3492 singularis
412 3432 471 3475 non
495 3434 511 3475 e
533 3424 672 3495 correpto
695 3418 871 3478 terminetur
892 3416 924 3477 in
946 3433 1057 3493 genere
1080 3417 1238 3483 feminino.
1262 3424 1312 3477 aut
1332 3416 1358 3475 si

48 3517 82 3573 ui
102 3534 156 3575 non
184 3517 362 3578 terminetur
390 3515 534 3579 ablativus
562 3518 594 3578 in
622 3534 808 3597 quocumque
835 3536 962 3596 genere,
984 3520 1015 3579 iu
1038 3537 1088 3579 um
1112 3521 1171 3578 exit
1193 3519 1355 3597 genetivus.

75 3618 118 3677 sed
140 3617 209 3679 illud
233 3626 262 3678 te
284 3618 444 3695 admoneo,
469 3638 573 3681 omnes
595 3621 666 3681 istas
688 3619 806 3697 regulos
828 3638 887 3679 non
903 3639 938 3681 ex
954 3622 1128 3682 necessitate
1148 3622 1248 3682 iacere
1268 3622 1358 3681 istum

76 3723 232 3797 genetivum
255 3719 416 3799 pluralem:
451 3740 527 3792 non,
551 3723 817 3802 quotienscumque
839 3724 915 3784 istae
938 3730 998 3783 tres
1019 3722 1139 3801 regulae
1162 3724 1281 3794 luerint,
1305 3741 1357 3784 ne-

75 3840 148 3885 cesse
175 3830 220 3884 est
246 3830 278 3884 ut
306 3826 458 3900 genetivus
485 3824 610 3904 pluralis
637 3827 666 3885 in
700 3826 763 3886 ium
794 3834 892 3894 exeat,
920 3824 971 3886 sed
1000 3828 1265 3904 quotienscumque
1293 3827 1359 3905 ipse

76 3927 216 3999 genetivus
246 3924 371 4004 pluralis
397 3927 428 3987 in
457 3928 517 3987 ium
542 3930 615 3997 erit,
639 3927 676 3989 ab
698 3930 761 3989 istis
783 3927 878 3988 tribus
899 3926 1012 4006 regulis
1034 3930 1173 3990 nascitur.
1218 3948 1256 3989 ne
1278 3928 1359 3988 dicas

52 4027 139 4087 votui
159 4031 246 4087 ‘ecce
275 4046 293 4087 n
317 4034 383 4088 cts
410 4027 515 4090 litteris
544 4031 717 4092 terminatus
740 4038 786 4091 est
807 4032 1005 4091 nominativus
1029 4039 1058 4092 et
1080 4010 1169 4091 debet
1190 4032 1359 4110 genetivum

77 4129 98 4187 in
118 4130 174 4189 ium
199 4129 346 4189 mittere'.
391 4129 498 4192 falsum
527 4140 585 4201 est:
615 4133 681 4193 dico
709 4150 788 4194 nune
816 4132 953 4213 ‘quando
975 4135 1129 4211 genetivus
1151 4136 1182 4195 in
1204 4136 1265 4195 ium
1289 4136 1357 4204 erit,

79 4248 188 4292 necesse
212 4238 312 4291 estut
334 4230 371 4291 ab
393 4230 442 4292 illa
464 4232 576 4315 regulis
598 4236 697 4295 veniat
712 4250 731 4286 v·
753 4234 803 4295 sed
828 4235 946 4315 quando
961 4237 992 4295 in
1007 4236 1069 4297 ium
1092 4238 1212 4307 exierit,
1236 4254 1359 4319 necesse

78 4342 112 4393 ot
138 4341 167 4395 ut
195 4332 263 4393 inde
292 4334 416 4394 veniat'.
461 4334 539 4396 dabo
566 4338 654 4399 etiam
683 4337 867 4417 exemplum,
895 4337 974 4399 unde
1001 4337 1059 4399 boc
1086 4338 1221 4417 probem.
1264 4346 1360 4400 matre

208 4454 366 4461 --——----

136 4506 147 4559 l
173 4520 255 4570 genus
280 4518 343 4571 ergo
367 4504 408 4555 lrie
426 4506 595 4558 masculinum
614 4508 687 4559 BCo
712 4524 795 4575 genus
814 4524 876 4576 ergo
898 4509 939 4559 bie
958 4508 1113 4559 masculinus
1132 4511 1157 4558 A
1229 4510 1260 4561 ll
1280 4522 1361 4560 mater

79 4590 114 4627 on.
132 4576 155 4624 A
228 4573 260 4625 18
278 4575 391 4625 clumvms
407 4576 568 4627 clementium
583 4593 627 4632 orn.
646 4580 679 4634 A.
697 4581 757 4630 odd.
776 4596 793 4629 o
863 4580 897 4631 ‘26
914 4590 978 4645 puto
995 4580 1021 4628 iu
1039 4581 1179 4629 musculiue
1198 4591 1222 4629 et
1238 4581 1360 4630 feminino

80 4654 154 4694 neutro
169 4644 195 4693 A
264 4644 297 4695 ³1
318 4646 421 4711 regulos
440 4662 472 4696 ex
492 4648 643 4699 necessitate
662 4648 746 4700 ABG
815 4648 849 4701 33
868 4658 896 4700 nt
913 4652 1049 4716 genetiuus
1068 4650 1175 4715 pluralis
1190 4650 1263 4702 BCa
1284 4667 1361 4717 geue-

79 4715 135 4763 tiuus
152 4714 259 4779 pluralis
274 4724 301 4765 ut
319 4716 345 4764 A
398 4716 431 4767 37
450 4720 481 4767 ab
497 4718 539 4767 illo
555 4719 643 4784 regule
657 4720 731 4769 uua
750 4721 780 4769 nb
801 4720 859 4771 illos
878 4720 981 4787 regulus
999 4720 1033 4775 A.
1053 4724 1146 4771 lacuna
1160 4738 1232 4787 quom
1250 4724 1362 4773 indicunt

78 4780 128 4867 ξαρ
140 4788 197 4846 sere
212 4788 341 4839 audisse
358 4786 482 4854 videntur,
496 4803 546 4841 non
565 4790 667 4852 quondo
680 4791 711 4839 ab
728 4789 772 4839 illo
791 4792 881 4859 regule
899 4794 993 4853 veniet,
1012 4806 1116 4841 neeesse
1130 4802 1169 4842 est
1182 4801 1208 4843 ot
1226 4794 1361 4859 genetivus

80 4870 101 4903 ιιι
115 4869 161 4905 vum
175 4867 251 4907 exeat
