3350 5442
1334 331 1395 396 541

1194 456 1216 497 p.
1227 443 1328 484 ltic-itt
1340 441 1363 484 P.

105 525 222 669 miqum
245 525 427 602 scripsimus.
458 541 550 602 pauca
566 524 602 586 de
617 524 846 604 pronominibus
867 525 1016 595 dicamus,
1039 527 1070 585 in
1092 522 1202 604 quibus
1224 541 1283 584 non
1305 523 1396 585 ardua

106 626 157 668 mo
170 627 202 668 es
224 615 279 670 est.

603 779 652 840 DE
680 778 903 842 PRONOMINE

194 900 373 960 Pronomina
397 906 448 959 aut
470 899 553 960 linita
576 904 645 958 sunt
667 905 717 959 aut
740 900 855 960 inlinita
878 901 1049 960 autminus
1070 919 1158 978 quam
1181 900 1272 960 linita.
1316 901 1397 960 linita

76 992 180 1045 nsunt
201 1002 276 1063 quae
298 991 401 1045 notant
422 991 534 1044 certam
561 1001 734 1062 personam,
763 990 796 1044 ut
818 1002 888 1061 ego;
917 985 1046 1054 infinita,
1075 992 1108 1044 ιιι
1129 985 1197 1064 quis
1218 987 1396 1064 quicumque

107 1070 229 1148 aliquis
274 1071 372 1130 nrinus
394 1088 483 1148 qnam
505 1070 589 1128 srnita
612 1076 681 1129 sunt
703 1072 879 1147 pronomina
901 1088 976 1149 quac
999 1087 1057 1129 non
1079 1070 1122 1129 sic
1143 1069 1230 1149 plene
1253 1069 1398 1130 deliniunt

106 1172 284 1234 personam,
307 1160 420 1214 utnon
443 1160 549 1231 egeant
575 1161 791 1223 monstratore,
816 1172 875 1234 quo
896 1154 984 1214 modo
1006 1172 1076 1232 ego:
1104 1172 1172 1215 nam
1195 1162 1224 1214 et
1245 1156 1343 1234 ipsum
1366 1162 1397 1214 ιιι

108 1259 168 1300 non
192 1239 278 1318 plene
300 1240 415 1299 linitum
438 1247 497 1308 est,
521 1240 580 1298 nisi
602 1239 633 1298 in
654 1257 812 1318 personam
841 1239 989 1300 direxeris
1011 1239 1152 1317 digitum:
1181 1241 1225 1298 sic
1248 1257 1319 1316 ergo
1341 1241 1397 1299 vni-
1465 1246 1468 1255 '

107 1343 276 1404 nusquam
298 1325 379 1384 linita
402 1323 527 1384 dicenda
550 1332 628 1385 sunt.
673 1322 783 1384 habent
806 1325 885 1384 enirn
907 1324 1054 1403 quandam
1076 1324 1321 1402 designationem,
1334 1324 1396 1384 'sed

62 1428 169 1470 ronan
198 1408 302 1488 plenae
331 1409 570 1486 significationis,
599 1427 657 1488 quo
685 1409 771 1470 modo
799 1427 864 1486 ego.
909 1416 941 1469 ιιι
968 1417 1039 1488 puta
1066 1428 1143 1488 pone
1174 1427 1240 1468 esse
1269 1407 1396 1477 turbam,

107 1496 234 1555 minime
256 1495 456 1572 significanter
479 1493 589 1554 dicitvr
610 1496 642 1554 in
664 1491 752 1554 turba
776 1503 823 1564 tu,
847 1512 906 1573 quo
928 1494 1015 1554 modo
1037 1495 1073 1555 de
1098 1490 1101 1571 Ι
1127 1493 1216 1555 turba
1239 1496 1263 1554 si
1287 1493 1398 1554 dixerit

106 1597 187 1640 unns
214 1595 278 1656 ego.
323 1579 374 1638 sed
401 1587 434 1639 ut
462 1578 498 1639 de
526 1579 628 1639 multis
655 1579 857 1656 significemus
884 1597 973 1658 quem
1000 1581 1186 1658 quaerimus,
1216 1587 1267 1639 aut
1288 1596 1397 1639 nomen

107 1665 255 1726 adicimus
283 1671 333 1724 aut
360 1663 487 1741 digitum
513 1664 709 1732 intendimuS,
738 1670 771 1722 ut
803 1671 944 1742 appareat
976 1666 1101 1746 certius,
1131 1682 1219 1743 quem
1248 1681 1396 1723 vocemus.

108 1767 182 1827 ergo
204 1757 233 1810 et
255 1755 286 1808 ιιι
309 1755 339 1808 et
361 1748 414 1808 ille'
433 1756 463 1809 et
485 1751 541 1810 iste
564 1756 593 1808 et
615 1748 664 1811 bie
687 1757 717 1807 et
739 1748 805 1817 alia,
829 1767 904 1827 quae
926 1751 1011 1827 quasi
1033 1755 1159 1828 possunt
1180 1767 1217 1808 cx
1239 1756 1322 1829 parte
1346 1748 1395 1809 de·

64 1855 92 1893 15
108 1836 197 1895 finire
219 1851 390 1913 personam,
414 1836 514 1893 minus
536 1852 624 1913 quam
646 1834 728 1894 linita
750 1832 881 1893 vocanda
903 1841 982 1894 sunt.

194 1918 319 1995 Regula:
343 1920 438 1998 prima
461 1936 603 1997 persona,
627 1935 703 1997 quae
725 1917 836 1978 dieitur
859 1935 930 1995 ego,
954 1925 1014 1979 tam
1036 1920 1074 1979 in'
1090 1918 1233 1995 singulari
1254 1936 1342 1998 quam
1365 1921 1396 1979 in

107 2003 215 2084 plurali
243 2021 368 2063 numero
396 2022 454 2064 non
482 2002 574 2063 babet
600 2005 763 2063 vocativum
792 2021 908 2072 casum,
938 2005 1007 2083 quia
1034 2021 1121 2064 nemo
1147 2023 1179 2063 se
1208 2012 1301 2063 vocat.
1345 2003 1397 2062 sed

106 2107 176 2148 curn
198 2090 275 2149 iorte
303 2089 463 2165 contigerit
490 2095 523 2149 ιιι
549 2088 682 2148 dicamus
710 2105 820 2165 oego,
850 2106 958 2159 onos,
982 2107 1040 2148 non
1061 2095 1122 2149 tam
1143 2091 1327 2169 pronominis
1350 2106 1396 2148 ra·

107 2177 190 2234 tione
213 2191 301 2253 quarn
323 2174 556 2242 interiectionis,
581 2173 611 2233 id
634 2179 681 2232 est
702 2171 820 2232 dolendi
842 2175 937 2250 gratia
959 2191 1047 2253 quam
1069 2173 1203 2233 vocandi.

62 2279 92 2318 ao
194 2257 348 2328 Quaestio,
372 2277 389 2318 a
411 2277 468 2337 qua
491 2257 689 2318 declinatione
717 2260 816 2318 veniat
842 2259 922 2337 quis,
951 2257 1030 2338 quod
1052 2258 1202 2336 significat
1222 2258 1343 2336 quibus,
1368 2266 1398 2318 et
1456 2265 1460 2279 '

107 2343 187 2404 unde
211 2345 309 2404 veniat
329 2344 426 2422 ipsum
449 2342 572 2422 quibus,
601 2360 668 2401 cum
696 2341 833 2404 dicimus.
878 2343 930 2402 sed
959 2342 1074 2403 dativus
1101 2342 1225 2421 pluralis
1246 2360 1314 2402 cum
1336 2344 1399 2402 exit

107 2431 193 2507 quiS,
222 2427 259 2488 ab
289 2426 415 2489 ablativo
442 2427 588 2505 singulari
617 2429 698 2488 venit
725 2431 776 2506 qui
808 2429 869 2486 exit
891 2447 907 2488 a
930 2446 1003 2507 quo,
1027 2446 1094 2487 cum
1116 2429 1315 2487 nominativus
1337 2429 1399 2487 exit

106 2515 176 2592 qui,
206 2531 264 2573 non
287 2515 369 2592 quis:
398 2531 456 2591 quo
484 2512 571 2572 modo
599 2513 629 2572 in
657 2511 828 2573 nominibus
862 2531 879 2572 a
905 2513 991 2573 docto
1019 2512 1127 2581 doctis,
1157 2513 1272 2572 aiusto
1300 2514 1396 2581 iustis,

107 2600 153 2658 sic
175 2617 191 2658 a
214 2616 272 2677 quo
294 2598 369 2676 quis.
401 2597 516 2658 dativus
538 2597 663 2676 pluralis
685 2599 737 2677 qui
760 2598 821 2657 exit
842 2599 875 2657 in
896 2596 967 2666 bus,
990 2598 1021 2657 id
1043 2604 1088 2657 est
1110 2596 1234 2676 quibus,
1258 2596 1295 2656 ab
1317 2596 1396 2657 abla-

63 2685 169 2744 sativo
192 2685 273 2742 venit
294 2681 437 2760 singulari
464 2685 515 2762 qui
545 2683 606 2742 exit
627 2701 643 2742 a
665 2683 731 2760 qui:
760 2701 819 2762 quo
847 2682 934 2742 modo
955 2684 987 2743 in
1009 2680 1178 2742 nominibus
1200 2684 1299 2742 omnia
1321 2700 1396 2761 quae

105 2769 270 2828 exeuntia
293 2766 419 2828 ablativo
441 2769 473 2827 in
496 2768 506 2826 ι
528 2767 658 2827 dativum
680 2766 824 2846 pluralem
846 2767 879 2826 ιιι
902 2766 957 2827 bns
977 2769 1107 2837 mittunt,
1132 2769 1175 2827 sic
1197 2769 1228 2827 in
1250 2766 1307 2826 boc
1328 2785 1396 2846 pro-

104 2855 228 2913 nomine
262 2871 278 2912 a
305 2854 356 2932 qui
390 2850 531 2921 ablativo,
568 2851 666 2912 dativo
693 2853 725 2912 in
758 2850 827 2920 buS,
856 2850 975 2931 quihus.
1020 2853 1086 2912 eius
1111 2853 1313 2912 nominativus
1339 2853 1398 2912 erit

105 2939 192 3016 quie,
215 2955 274 2996 non
296 2939 363 3016 qui,
387 2937 464 3016 quod
488 2937 603 3016 antiqui
625 2938 773 2997 communi
788 2954 898 3014 genere
921 2936 1078 3005 dixerunt,
1101 2936 1150 2996 bic
1173 2937 1297 2996 ethaeo
1318 2938 1396 3016 quis,

106 3021 146 3082 ab
161 3021 216 3081 boc
232 3029 262 3081 et
284 3020 321 3082 ab
343 3022 398 3081 bac
421 3023 489 3101 qui;
511 3028 545 3081 ut
567 3019 603 3082 ab
620 3039 655 3081 eo
670 3023 844 3101 frequenter
859 3023 1026 3082 invenimus
1040 3021 1150 3108 lectum
1165 3024 1295 3101 quicum,
1318 3021 1397 3100 qnod

64 3127 92 3165 ιο
105 3107 258 3183 significat
279 3125 347 3167 curn
368 3125 427 3186 quo
448 3106 494 3166 vel
516 3125 584 3167 cum
606 3124 673 3187 qua.
704 3125 771 3167 nam
787 3106 929 3184 Virgilius
944 3108 1000 3175 ait,
1024 3125 1090 3167 curn
1113 3106 1150 3166 de
1170 3107 1279 3166 lemiaa
1296 3106 1396 3185 loque-

106 3199 209 3260 retur,
233 3189 399 3270 ‘quicum
421 3193 564 3270 partiri
586 3195 721 3260 curas’,
745 3191 775 3252 id
798 3198 845 3251 est
866 3210 933 3252 cum
955 3210 1012 3270 qua
1033 3193 1151 3271 partiri.

193 3275 332 3346 Quaestio
354 3276 410 3336 alia
432 3277 631 3356 pronominis,
659 3295 735 3356 quae
757 3279 798 3336 ita
820 3275 947 3337 obscura
969 3284 1027 3346 est,
1052 3284 1084 3336 ιιι
1106 3279 1153 3336 ιιι
1176 3295 1192 3336 a
1215 3277 1316 3355 paucis
1339 3275 1396 3336 sol-

106 3369 207 3430 vatur,
231 3378 338 3440 quare,
362 3379 429 3421 curn
452 3361 585 3422 dicamus
605 3360 679 3421 illud
702 3361 781 3433 istud
804 3363 834 3420 in
857 3379 967 3438 genere
989 3368 1104 3430 neutro,
1128 3368 1246 3440 utputa
1261 3360 1333 3420 illud
1351 3361 1397 3420 vel

105 3446 189 3507 istud
212 3446 369 3525 templum,
399 3446 486 3525 ipsud
508 3465 567 3507 non
589 3445 736 3515 dicamus,
766 3446 818 3506 sed
841 3448 949 3525 ipsum.
994 3446 1045 3505 sed
1068 3464 1143 3525 quae
1166 3448 1197 3505 in
1220 3464 1236 3505 c
1259 3446 1397 3505 exierunt

64 3551 91 3589 aa
106 3534 140 3592 in
168 3531 355 3599 masculinis,
384 3532 449 3610 ipsa
477 3539 547 3591 sunt
573 3548 647 3610 quae
676 3549 770 3607 genus
798 3539 936 3592 neutrum
965 3531 1008 3590 sic
1035 3531 1186 3599 iecerunt,
1211 3530 1282 3590 illud
1306 3530 1395 3590 istud.

105 3619 205 3695 ipsum
227 3633 296 3675 vero
319 3615 402 3685 ideo,
431 3634 489 3675 non
518 3616 619 3695 ipsud,
649 3619 719 3696 quia
746 3615 824 3693 apud
854 3617 991 3695 antiquos
1012 3619 1107 3692 magis
1129 3617 1159 3674 in
1182 3633 1218 3674 us
1240 3614 1399 3674 mittebant

105 3701 322 3761 nominativum
345 3703 466 3777 generis
487 3700 660 3772 masculini,
689 3708 722 3761 ut
750 3700 884 3760 dicerent
905 3702 998 3778 ipsus.
1042 3700 1098 3760 boc
1121 3698 1264 3759 babemus
1287 3701 1318 3759 in
1340 3697 1397 3758 Te-

105 3787 220 3854 rentio,
244 3787 344 3864 ‘ipsus
367 3785 555 3864 Pamphilus'
578 3784 664 3856 dixit,
693 3803 753 3844 non
780 3786 846 3863 ipse
868 3784 1049 3863 Pamphilus.
1094 3793 1125 3844 et
1146 3803 1205 3863 quo
1227 3783 1314 3843 modo
1337 3781 1341 3862 Ι
1366 3786 1398 3844 ιιι

105 3869 211 3948 regula
233 3871 385 3930 nominum
413 3872 511 3931 omnia
538 3888 613 3949 quae
642 3873 673 3931 ιιι
702 3869 867 3930 masculino
889 3887 999 3946 genere
1027 3889 1062 3929 us
1084 3868 1196 3929 babent
1217 3869 1398 3929 nominativo

64 3975 91 4014 ιο
106 3953 252 4031 singulari
274 3957 306 4014 ιι
328 3955 472 4015 feminino
495 3975 511 4015 a
533 3953 658 4024 habent,
690 3957 720 4016 in
750 3961 858 4015 neutro
887 3973 951 4024 uua,
980 3961 1015 4014 ut
1035 3955 1139 4015 doetus
1161 3953 1246 4014 docta
1268 3953 1396 4022 doctum,

105 4041 175 4120 pius
197 4039 244 4118 pia
266 4041 364 4118 pium,
388 4041 432 4098 sic
454 4059 490 4100 ex
513 4042 664 4102 nominum
681 4039 783 4117 regula
797 4043 944 4100 emanavit
965 4039 1112 4117 arralogia,
1136 4047 1169 4100 ut
1191 4037 1228 4098 ab
1251 4039 1306 4098 boc
1329 4055 1397 4117 pro·

106 4126 244 4192 nomine,
275 4131 307 4184 ut
335 4133 406 4204 puta
433 4127 502 4205 quia
525 4127 608 4204 ipsus
630 4125 770 4186 dicebant
791 4126 922 4204 antiqui,
952 4126 1002 4185 siat
1026 4128 1055 4185 in
1083 4125 1228 4185 leminiuo
1258 4126 1336 4202 ipsa,
1365 4124 1397 4182 in

105 4215 215 4270 neutro
238 4211 350 4288 ipsum,
374 4227 433 4289 quo
455 4210 542 4271 modo
565 4210 692 4272 didimus
714 4210 750 4271 de
773 4211 893 4270 nomine
916 4212 1013 4270 iustus
1034 4212 1113 4271 iusta
1135 4210 1255 4269 iustum.

176 4463 193 4514 8
211 4461 347 4530 direxeris]
368 4464 464 4513 dixeris
488 4463 516 4513 V
566 4463 597 4514 ll
618 4463 792 4530 significanter
808 4463 884 4514 editio
903 4463 1059 4514 noricense
1076 4461 1262 4528 significantius
1283 4463 1310 4511 V
1313 4473 1329 4515 ς

105 4538 132 4585 in
151 4532 249 4582 turbam
272 4535 298 4584 V
303 4546 319 4588 ς
389 4532 421 4584 13
438 4543 466 4583 ιιι
483 4543 605 4599 appareat
622 4533 753 4585 Patrobios
771 4543 814 4583 ιιι
825 4540 931 4599 apparet
949 4534 978 4582 V
981 4545 998 4588 ς
1071 4533 1102 4584 te
1120 4531 1220 4582 dolendi
1240 4532 1321 4597 gratia
1339 4545 1397 4580 con-

105 4605 184 4668 tingit
202 4617 277 4666 quarn
295 4603 403 4652 uocandi
420 4615 437 4658 ς
507 4605 540 4652 22
559 4600 741 4669 nominativus]
761 4603 888 4653 abletiuus
905 4604 933 4652 V
997 4602 1031 4654 23
1048 4603 1074 4650 ιιι
1093 4599 1248 4669 nominibus]
1271 4604 1296 4650 in
1316 4603 1397 4649 omat-

105 4675 154 4724 bus
177 4675 205 4724 V
271 4675 304 4723 rt
323 4674 414 4726 ebora.
433 4674 460 4722 V
509 4671 543 4724 ⁸29
555 4674 586 4722 ab
606 4671 646 4740 eo]
667 4673 731 4722 adeo
754 4674 782 4722 V
831 4673 866 4723 30
881 4670 1018 4738 Virgilius]
1037 4673 1103 4726 Aea.
1124 4672 1160 4721 Xl
1177 4671 1229 4722 822
1299 4669 1333 4720 32
1351 4673 1396 4720 uix

104 4759 163 4794 curn
183 4743 272 4808 paucis
294 4744 321 4793 V
388 4743 423 4793 34
440 4753 568 4800 οιιειιιις
637 4743 670 4795 36
693 4740 835 4809 mittebant]
865 4743 1068 4796 intendebauts
1137 4743 1172 4792 40
1189 4751 1217 4790 ut
1233 4757 1279 4792 om.
1304 4742 1332 4791 V

103 4814 135 4867 dl
157 4823 185 4863 ut
202 4813 233 4863 ab
252 4809 311 4880 hoc]
331 4821 357 4864 et
375 4813 471 4864 abhoc
493 4813 521 4864 V
587 4815 620 4863 42
638 4821 699 4877 puta
716 4828 762 4869 om.
786 4815 814 4864 V
