3350 5442
600 374 837 437 COMMENTVM
1283 368 1288 381 ‘
1302 366 1363 433 195

1178 490 1200 533 p.
1212 477 1338 519 ata-affl„

79 566 128 627 hoc
147 582 250 625 verum
273 566 357 627 esse?
380 582 450 627 ecce
473 564 601 643 optimus
623 571 653 625 et
674 572 823 643 optumus.
854 562 997 642 numquid
1020 561 1087 623 dieo
1110 560 1264 641 optumus?
1287 561 1363 621 istae

77 670 150 748 ipsae
176 667 251 728 duae
278 666 394 729 litterae
421 668 500 728 inter
527 684 561 727 se
588 672 714 746 possunt
741 667 931 734 commutari,
960 666 1022 725 iet
1042 684 1071 725 u.
1116 662 1199 735 ideo,
1223 664 1363 742 quoniam
1458 738 1463 750 ⁸

78 768 211 831 hocloco
234 772 403 831 necessaria
433 777 478 831 est
500 775 622 848 propter
645 768 871 837 discretionem,
902 768 967 847 ipsa
989 784 1111 828 necesse
1133 764 1226 827 habet
1247 782 1363 845 perma-

77 890 152 933 nere.
195 870 248 932 ubi
270 878 368 935 autem
390 890 451 933 non
474 878 520 933 est
541 872 702 933 necessitas
724 888 810 932 causa
833 870 1035 939 discretionis,
1059 886 1181 931 necesse
1203 867 1294 929 habet
1314 865 1364 929 illa

56 973 166 1035 alittera
193 973 322 1045 admitti,
351 984 476 1053 excepto
503 992 563 1035 uno
591 974 726 1043 nomine,
758 973 810 1036 ubi
832 980 1012 1035 commutata
1034 978 1079 1032 est
1098 973 1191 1041 ratio,
1214 970 1361 1033 tribubus.

77 1076 292 1157 puisuaserunt
319 1075 376 1137 sibi
405 1092 523 1145 omnes,
554 1082 583 1137 et
609 1077 652 1138 sic
679 1077 824 1137 remansit
850 1083 884 1136 ut
909 1075 1091 1136 diceremus:
1125 1073 1163 1135 ab
1190 1072 1245 1134 hac
1272 1072 1363 1143 tribu,

77 1186 208 1241 converte
229 1198 251 1240 u
272 1179 304 1239 in
325 1178 350 1247 i,
375 1176 451 1238 adde
473 1176 544 1248 bus,
572 1176 700 1240 tribibus
728 1177 830 1240 debuit
857 1178 970 1246 lacere:
1000 1176 1053 1237 sed
1074 1193 1163 1237 nemo
1186 1175 1258 1236 dicit
1279 1174 1364 1236 tribi-

79 1281 140 1349 bus.
167 1280 218 1342 sed
246 1278 392 1340 tribubus.
436 1279 565 1342 diximus
593 1282 672 1341 enim
702 1282 841 1361 quoniam
868 1288 941 1341 tunc
968 1278 1113 1341 debemus
1146 1297 1166 1340 u
1198 1279 1363 1345 admittere,

78 1382 188 1463 quando
210 1400 299 1445 causa
321 1383 510 1444 discretionis
533 1389 585 1443 est.
621 1400 701 1443 nunc
723 1390 821 1444 autem
846 1380 925 1443 nulla
947 1381 1088 1443 discretio
1110 1389 1170 1451 est;
1193 1382 1255 1442 sive
1277 1377 1364 1440 tribi-

49 1484 129 1545 ubus
149 1484 230 1545 dicas
253 1486 315 1545 sive
338 1484 481 1554 tribubus,
506 1484 585 1546 idem
609 1492 668 1555 est,
690 1504 746 1546 nec
768 1484 847 1545 aliud
870 1483 980 1564 aliquid
1003 1484 1157 1563 significat.
1202 1484 1243 1543 ita
1265 1479 1367 1543 volunt

78 1589 159 1649 etiam
180 1588 211 1649 in
233 1585 396 1668 specubus,
421 1588 512 1668 ‘ipsi
533 1588 569 1649 in
592 1587 757 1649 defossis
779 1586 995 1668 specubus’.
1027 1585 1135 1647 laisum
1151 1592 1210 1653 est,
1228 1582 1366 1665 specibus

79 1689 173 1752 debuit
194 1689 304 1751 dicere.
350 1707 419 1750 nam
443 1696 472 1750 et
499 1697 586 1751 sonat
607 1689 756 1770 specubus
778 1696 893 1751 tantum
914 1689 1013 1760 modo,
1037 1696 1067 1750 at
1088 1705 1266 1768 usurpamus
1288 1685 1365 1747 litte·

79 1810 135 1853 ram
156 1793 220 1853 sine
243 1792 339 1872 aliqua
362 1792 551 1853 discretione.
597 1793 640 1853 sic
663 1794 741 1853 enim
763 1791 912 1872 specubus
933 1799 1108 1870 usurpatur,
1133 1808 1222 1868 quem
1245 1788 1281 1849 ad
1303 1807 1366 1849 mo-

79 1892 142 1955 dum
164 1903 193 1955 et
214 1893 367 1964 tribubus,
396 1913 464 1955 cum
493 1895 570 1955 ratio
602 1895 734 1973 exigeret
756 1900 788 1955 ut
809 1894 977 1955 diceremus
1000 1892 1141 1968 tribibus,
1166 1893 1275 1972 quippe
1298 1908 1366 1953 cum

50 2010 68 2047 1⁵
80 1995 151 2057 nulla
173 2015 260 2058 causa
282 2004 360 2057 esset
382 1996 576 2057 discretionis.

156 2098 231 2159 Ecce
260 2098 342 2159 dedit
367 2098 454 2159 nobis
480 2098 628 2177 regulam,
658 2098 695 2159 de
722 2096 848 2161 ablativo
882 2098 1028 2177 singulari
1055 2117 1144 2178 quem
1173 2098 1210 2159 ad
1243 2097 1364 2159 modum
1376 2081 1437 2165 434,
1450 2102 1482 2152 31

79 2201 212 2263 iaciamus
240 2202 392 2279 genetivus
418 2200 548 2281 plurales
579 2207 609 2261 et
636 2200 748 2262 dativus
776 2209 805 2262 et
827 2200 978 2263 ablativos.
1024 2201 1095 2280 quid
1116 2202 1143 2260 si
1164 2202 1224 2260 sint
1245 2202 1366 2261 nomina

80 2310 184 2364 tantmn
207 2300 350 2383 pluralia?
377 2298 448 2384 quid
471 2303 578 2364 lacturi
600 2304 719 2364 sumus?
748 2303 890 2383 numquid
912 2320 1035 2383 possum
1058 2302 1158 2362 dicere
1180 2302 1218 2363 de
1241 2302 1366 2364 ablativo

80 2405 215 2484 singulari
240 2404 359 2485 regulas
387 2422 435 2467 me
462 2423 597 2477 sumere,
621 2413 654 2467 ut
676 2406 781 2476 sciam,
811 2405 959 2484 quemad
982 2404 1230 2466 modumlaciam
1253 2406 1365 2482 geneti-

49 2520 141 2567 tvvum
163 2515 192 2568 ct
214 2507 343 2569 dativum
366 2516 395 2568 et
417 2506 576 2569 ablativum
598 2506 758 2588 pluralem,
783 2504 850 2568 cum
873 2508 938 2588 ipse
960 2504 1119 2587 singularis
1140 2524 1283 2568 numerus
1304 2524 1365 2567 non

79 2612 130 2670 siti
160 2618 190 2671 et
216 2606 309 2671 multa
337 2612 457 2671 nomina
486 2616 602 2671 tantum
630 2611 747 2673 numeri
775 2609 899 2690 pluralis
932 2615 1015 2685 sunt,
1044 2608 1188 2671 kalendae
1215 2607 1366 2670 nundinae

79 2712 172 2773 leriae.
219 2730 289 2773 ecce
311 2713 367 2773 ista
389 2714 488 2793 omnia
511 2730 600 2792 quem
629 2713 664 2775 ad
687 2712 808 2774 modum
838 2711 991 2792 halbemus
1013 2710 1182 2772 declinare?
1214 2713 1255 2772 ita
1277 2709 1368 2771 decli·

80 2832 192 2875 namus:
222 2814 300 2893 tinge
327 2813 550 2876 similitudinem
578 2814 798 2885 declinationis,
822 2816 907 2895 quasi
929 2812 1038 2876 habeat
1059 2832 1215 2875 numerum
1238 2813 1366 2892 singula·
1462 2862 1465 2867 .

80 2934 151 2986 rem,
175 2924 205 2977 et
226 2914 390 2977 secundum
414 2918 563 2978 fictionem
584 2918 676 2997 ipsius
698 2915 899 2979 similitudinis
914 2916 1029 2977 declina
1045 2918 1134 2979 etiam
1156 2934 1266 2977 nomen
1288 2914 1367 2996 quod

50 3030 134 3079 ²arvern
161 3017 250 3079 habet
276 3036 433 3080 numerum
462 3018 652 3098 singularem.
698 3025 729 3080 ut
755 3026 826 3099 puta
854 3019 942 3079 haec-
957 3019 1039 3081 Musa
1067 3018 1154 3080 huius
1175 3020 1276 3080 illusae
1299 3018 1369 3079 huic

80 3120 189 3181 llusae:
212 3122 409 3183 nominativus
431 3120 555 3201 pluralis
577 3123 607 3182 in
624 3120 693 3199 quid
719 3122 795 3181 exit?
816 3122 848 3181 in
871 3138 905 3181 ae
928 3120 1143 3200 diphthongon.
1179 3120 1258 3182 unde
1273 3122 1369 3181 oritur

80 3240 110 3283 ao
131 3222 345 3303 diphthongos?
367 3224 404 3285 ab
427 3222 554 3285 ablativo
576 3240 592 3284 a
614 3224 783 3286 terminato.
829 3229 859 3283 et
880 3221 1025 3284 ablativus
1047 3222 1206 3302 singularis
1228 3240 1244 3283 a
1266 3225 1371 3283 termi-

80 3332 160 3387 natus
182 3344 242 3407 quo
265 3326 355 3387 modo
375 3327 447 3387 lacit
468 3324 604 3404 regulas?
625 3328 797 3404 genetivum
819 3328 850 3387 in
872 3344 939 3386 rum
961 3327 1058 3397 mittit,
1083 3325 1214 3387 dativum
1238 3334 1267 3386 ct
1289 3324 1369 3386 abla-

80 3428 162 3490 tivum
185 3430 216 3491 in
239 3432 275 3490 is.
313 3446 384 3507 ergo
408 3447 475 3491 curn
497 3428 648 3490 inveneris
670 3446 780 3489 nomen
803 3428 920 3490 numeri
942 3434 1058 3489 tantum
1080 3427 1202 3508 pluralis
1225 3446 1260 3488 ae
1283 3427 1369 3508 diph-

54 3530 184 3610 vthongo
205 3532 397 3592 terminatum
420 3532 450 3593 in
473 3532 653 3593 nominativo
675 3530 797 3611 plurali,
820 3532 861 3591 ita
884 3527 976 3591 habes
997 3529 1148 3592 declinaie
1170 3531 1228 3591 hoc
1250 3548 1369 3599 nomen,

81 3650 161 3711 quem
184 3633 220 3693 ad
244 3632 365 3695 modum
388 3632 461 3695 illud
484 3651 593 3696 nomen
616 3632 697 3712 quod
719 3652 753 3694 ae
776 3632 960 3712 diphthongo
981 3634 1159 3694 terminatur
1181 3635 1212 3693 in
1235 3634 1370 3693 nomina·
1432 3649 1435 3656 ·

82 3736 132 3795 tivo
153 3734 262 3816 plurali
285 3742 315 3796 et
336 3734 425 3797 habet
446 3754 607 3797 numerum
636 3734 825 3813 singularem.
870 3741 904 3795 nt
930 3741 1002 3815 puta
1028 3735 1137 3796 feriae:
1174 3734 1232 3796 hoc
1260 3751 1370 3795 nomen

81 3839 190 3897 numeri
219 3843 265 3897 est
290 3847 405 3899 tantum
433 3837 572 3923 pluralis,
606 3838 663 3899 hae
696 3839 788 3900 leriae
822 3836 929 3898 harum
956 3836 1100 3899 feriarum
1127 3836 1174 3898 his
1202 3845 1232 3899 et
1258 3836 1296 3898 ab
1323 3837 1371 3896 his

82 3938 165 4001 leriis.
212 3956 285 4018 ergo
307 3938 365 4001 hoc
388 3958 498 4002 nomen
520 3960 581 4003 non
604 3946 648 4002 est
668 3940 799 4010 rationis,
823 3941 893 4020 quia
915 3956 975 4001 non
998 3946 1044 4001 est
1064 3940 1182 4001 numeri
1203 3937 1370 4017 singularis.

58 4040 128 4102 tsed
150 4044 292 4120 quoniam
320 4042 448 4105 diximus
476 4060 634 4104 numerum
655 4042 745 4105 istum
768 4041 915 4123 pluralem
937 4044 969 4102 in
991 4060 1026 4104 ae
1048 4041 1254 4122 diphthongon
1278 4042 1369 4109 exire,

84 4143 180 4221 leriae,
210 4146 250 4207 ita
279 4146 349 4215 erit,
378 4162 468 4223 quem
496 4145 532 4208 ad
561 4144 684 4208 modurn
710 4146 811 4207 blusae
838 4144 946 4207 harum
972 4144 1124 4235 Musarum
1146 4145 1192 4205 his
1214 4152 1244 4205 et
1266 4142 1303 4203 ab
1325 4142 1371 4202 his

85 4244 178 4315 hlust'st
208 4250 252 4309 sic
280 4247 407 4309 dicimus
435 4248 491 4309 hae
520 4249 612 4310 leriae
640 4247 746 4311 harum
774 4248 918 4335 larianum
945 4246 993 4307 his
1022 4256 1052 4309 et
1078 4246 1115 4308 ab
1144 4246 1190 4307 his
1219 4247 1318 4314 leriis,
1342 4252 1371 4304 et

85 4349 210 4411 similiter
232 4351 263 4411 in
286 4348 361 4412 aliis.
406 4357 476 4430 puta
498 4369 614 4413 manes:
643 4370 768 4413 numero
796 4349 941 4429 singulari
967 4366 1056 4410 nemo
1083 4348 1154 4409 dicit
1176 4346 1225 4408 hic
1248 4344 1252 4426 l
1276 4346 1372 4408 manis

146 4589 328 4642 successeur
352 4597 391 4639 est
410 4598 434 4639 et
455 4590 603 4657 propterA
673 4590 828 4641 ildiscretio
847 4590 904 4640 siue
918 4588 975 4639 AG
1042 4588 1073 4639 11
1098 4584 1160 4653 ipsi]
1185 4587 1265 4650 Verp.
1282 4601 1371 4652 georg.

89 4658 113 4705 ΙΙΙ
132 4660 182 4711 ato
252 4660 286 4711 12
307 4658 403 4727 dicere]
425 4660 508 4710 iacere
526 4659 552 4709 B
621 4670 717 4710 tanturn
741 4660 817 4710 modo
836 4668 864 4709 nt
882 4673 1036 4724 usurpamus
1056 4657 1082 4708 B
1089 4658 1110 4709 0
1178 4655 1212 4707 18
1234 4671 1372 4724 possumus

88 4728 161 4779 dicere
179 4730 226 4781 Ba
252 4744 357 4796 possam
378 4770 402 4784 ..
423 4730 508 4780 dicere
532 4728 557 4777 Α
645 4731 676 4781 at
703 4740 762 4781 sunt
783 4744 829 4783 om.
848 4728 930 4780 Aac
1015 4728 1050 4779 26
1067 4726 1184 4777 unde—
1203 4742 1218 4776 a
1236 4728 1371 4777 terminato

89 4814 126 4851 aa.
144 4800 180 4857 B.
198 4801 293 4851 udat
363 4801 397 4849 27
417 4816 447 4851 ae
465 4799 546 4865 (corr.
567 4798 630 4849 haec
649 4802 677 4863 a)
701 4800 848 4867 dyptongos
867 4800 893 4849 Α
911 4798 974 4848 haec
990 4796 1165 4865 diphthongos
1183 4797 1223 4848 Gb
1294 4796 1326 4848 31
1347 4800 1372 4846 iu

90 4870 231 4920 nontioatiuo
247 4870 340 4936 plurali
357 4870 426 4921 aaa
447 4872 471 4919 iu
493 4886 595 4921 numero
614 4869 704 4937 plurali
723 4871 748 4920 A

1108 4952 1170 5017 13*
