3350 5442
319 381 383 446 432
611 350 615 359 ’
891 381 1039 444 rnocm

345 489 499 546 palent.
1422 489 1589 544 pinsile.
1657 476 1658 489 ¹

319 573 374 634 cali
399 570 506 652 [paveo
527 571 611 650 pavi,
634 587 723 630 caveo
744 566 842 650 cavi],
865 571 897 630 iu
919 572 944 630 si
968 577 998 630 et
1018 573 1065 641 xi,
1088 589 1163 651 qnae
1186 573 1264 631 inter
1285 579 1411 652 excepta
1434 570 1608 632 notabimus

319 693 391 754 ergo
418 675 517 736 omnia
540 671 631 733 verba
660 672 807 733 secundae
834 674 1054 750 coniugationis
1082 672 1215 752 qualibet
1236 683 1418 734 consonante
1440 677 1608 755 praeposita

320 798 355 840 eo
378 776 499 858 syllabis
526 777 722 855 praeteritum
750 776 919 855 perlectum
940 778 971 837 in
993 778 1026 836 ni
1048 779 1184 846 mittunt,
1212 781 1245 836 ut
1265 776 1363 837 babeo
1384 776 1495 846 babui,
1520 775 1608 837 debeo

320 880 426 951 debui,
449 877 545 939 rubeo
560 877 664 947 rubui,
689 876 781 938 doceo
797 877 900 948 docui,
923 886 1008 940 taceo
1022 880 1118 948 tacui,
1142 881 1254 939 misceo
1269 881 1391 950 miscui,
1415 882 1501 940 iaceo
1526 882 1608 946 iacui,

320 1001 413 1045 noceo
435 983 539 1050 nocui,
564 999 651 1041 arceo
673 982 772 1051 arcui,
796 980 937 1059 splendeo
959 980 1110 1060 splendui,
1142 981 1254 1042 candeo
1276 981 1399 1051 candui,
1423 981 1535 1042 madeo
1558 1001 1625 1044 mac

321 1086 387 1156 dui,
418 1102 491 1162 egeo
519 1085 604 1160 egui,
633 1082 739 1161 langen
774 1083 890 1160 langui,
925 1085 1010 1162 vigeo
1041 1083 1138 1160 vigui,
1173 1086 1258 1162 rigeo
1285 1085 1381 1162 rigui,
1409 1084 1493 1144 caleo
1525 1084 1608 1149 calui,

322 1189 408 1249 doleo
437 1178 533 1255 dolul,
563 1184 628 1246 oleo
655 1185 731 1256 olui,
760 1185 856 1264 palleo
882 1185 991 1266 pallui,
1019 1187 1111 1246 timeo
1140 1187 1242 1256 timui,
1274 1193 1361 1248 teneo
1389 1188 1492 1256 tenui,
1524 1205 1609 1247 muco

322 1291 424 1360 canui,
446 1297 534 1368 tepeo
555 1289 654 1366 tepui,
676 1293 780 1367 torpeo
802 1290 917 1367 torpui,
945 1306 1036 1367 pareo
1057 1289 1159 1366 parui,
1182 1306 1270 1349 careo
1292 1291 1392 1357 carui,
1416 1291 1500 1348 vireo
1525 1291 1606 1357 virui,

321 1393 415 1454 lloreo
430 1391 533 1460 llorui,
556 1389 664 1450 horreo
679 1390 797 1460 horrui,
822 1409 930 1451 censeo
951 1392 1070 1460 censui,
1094 1392 1175 1450 niteo
1194 1392 1286 1460 nitui,
1309 1398 1396 1470 pateo
1416 1393 1514 1470 patui.
1562 1409 1604 1450 ex·

324 1495 477 1574 cipiuntur
510 1511 604 1572 pauca
632 1511 707 1572 quae
735 1493 766 1552 in
795 1494 821 1553 si
850 1490 991 1572 syllabam
1020 1494 1142 1552 mittunt
1168 1494 1379 1572 praeteritum,
1408 1493 1500 1553 iubeo
1531 1495 1633 1560 iussit·

323 1597 440 1657 mulceo
478 1595 581 1665 mulsi,
622 1594 741 1672 mulgeo
779 1595 881 1664 mulsi,
924 1594 1009 1672 algeo
1042 1593 1111 1664 alsi,
1151 1593 1250 1672 lulgeo
1289 1593 1374 1665 lulsi,
1412 1595 1504 1656 ardeo
1549 1598 1609 1663 arsi,

324 1698 435 1760 suadeo
457 1699 552 1767 suasi,
581 1715 686 1757 maneo
708 1698 819 1766 mansi,
849 1695 958 1758 haereo
980 1697 1079 1766 haesi,
1108 1695 1193 1756 rideo
1215 1698 1285 1767 risi,
1308 1703 1432 1776 torqueo
1454 1699 1550 1766 torsi,
1571 1699 1609 1757 in·

325 1800 432 1878 dulgeo
461 1799 584 1860 indulsi.
629 1799 665 1859 de
695 1817 788 1880 urgeo
815 1806 846 1860 et
875 1807 980 1877 turgeo
1008 1797 1180 1876 ambigitur.
1225 1798 1282 1859 alia
1309 1801 1341 1859 in
1362 1800 1409 1868 xi,
1432 1798 1523 1876 lugeo
1547 1799 1609 1865 luxi,

324 1905 421 1981 lrigeo
443 1903 524 1963 lrixi.
562 1899 612 1961 illa
634 1903 665 1961 in
688 1903 717 1960 vi
739 1901 936 1980 praeteritum
957 1902 1093 1969 mittunt,
1117 1919 1193 1979 quae
1214 1902 1246 1960 in
1268 1903 1365 1980 prima
1386 1919 1516 1980 persona
1540 1900 1609 1961 modi
1657 1972 1658 1979 ἵ

291 1991 296 2002 ’
326 2005 479 2067 indicativi
506 2004 652 2082 temporis
680 2005 849 2082 praesentis
876 2021 894 2061 v
921 2010 989 2063 ante
1023 2021 1058 2062 eo
1090 2000 1216 2072 babent,
1248 2010 1280 2061 et
1304 2006 1433 2082 primam
1461 2002 1658 2083 syllabams

325 2126 412 2188 quam
436 2107 640 2185 inpraesenti
664 2111 797 2184 tempore
821 2103 957 2175 brevem,
985 2106 1017 2164 in
1045 2106 1208 2183 praeterito
1229 2103 1346 2182 longam
1368 2103 1497 2176 babent,
1520 2113 1555 2166 ut
1574 2107 1609 2165 la·

326 2228 379 2270 veo
402 2209 475 2278 lavi,
498 2225 591 2287 paveo
613 2208 695 2286 pavi,
719 2209 804 2268 loveo
825 2208 900 2276 lovi,
923 2225 1027 2267 moveo
1048 2207 1142 2276 movi,
1166 2224 1256 2266 caveo
1277 2208 1351 2277 cavi,
1375 2224 1466 2267 voveo
1488 2209 1565 2277 vovi,
1586 2216 1611 2266 et

326 2329 401 2392 quae
424 2329 461 2371 ex
483 2309 531 2370 bis
557 2316 783 2388 componuntur.
828 2309 990 2389 quaedam,
1018 2327 1197 2388 quamquam
1224 2310 1434 2388 inpraesenti
1461 2328 1521 2369 non
1550 2317 1610 2370 sunt

328 2412 439 2474 similia
461 2409 683 2490 superioribus,
699 2412 897 2490 praeteritum
911 2417 1010 2470 nmen
1032 2412 1064 2470 in
1080 2413 1108 2471 vi
1124 2412 1247 2471 mittunt
1267 2410 1412 2490 producta
1433 2411 1608 2491 paenultima

327 2513 448 2594 syllaba,
472 2531 528 2573 neo
550 2515 628 2582 nevi,
652 2513 709 2573 tleo
730 2513 813 2583 lleri,
837 2515 902 2573 cieo
924 2514 997 2582 civi,
1020 2512 1130 2592 impleo
1151 2511 1281 2592 implevi,
1305 2511 1440 2591 compleo
1461 2511 1658 2592 compleriel

327 2603 432 2696 expleo
461 2614 591 2694 explevi,
621 2614 706 2676 deleo
735 2614 841 2698 delegi.
884 2633 944 2675 non
965 2614 1091 2676 multum
1119 2612 1156 2674 ab
1179 2613 1226 2675 bis
1249 2609 1261 2695 b
1286 2613 1457 2694 discrepare
1480 2615 1611 2676 ridentur
1657 2606 1658 2645 ⁴

328 2721 419 2780 etiam
440 2717 515 2790 haec
537 2735 664 2798 quorum
686 2719 782 2797 prima
805 2717 916 2797 syllaba
938 2719 971 2777 in
992 2718 1155 2796 praeterito
1176 2735 1213 2777 ex
1234 2723 1372 2796 correpta
1393 2716 1475 2777 cadit
1496 2720 1529 2777 in
1549 2737 1609 2796 pro

328 2822 463 2890 ductam,
493 2818 583 2880 sedeo
610 2819 690 2889 sedi,
719 2819 805 2880 video
834 2819 906 2880 vidi.
951 2826 1054 2880 contra
1084 2820 1217 2881 omnium
1249 2819 1383 2898 regulam
1410 2826 1457 2879 est
1487 2819 1610 2900 prandeo
1657 2818 1658 2859 l

327 2921 444 3003 prandi.
489 2921 631 3001 quaedam
654 2924 777 2982 suntin
800 2921 930 2983 secunda
952 2923 1161 3000 coniugatione
1184 2939 1310 3001 quorum
1331 2923 1527 3000 praeteritum
1548 2929 1609 3001 pei·
1657 2936 1658 3001 l

328 3026 440 3086 lectum
461 3025 588 3084 iteratur
609 3041 664 3102 per
685 3026 812 3104 primam
836 3024 992 3104 syllabam,
1022 3024 1096 3084 baec
1119 3023 1195 3093 sola,
1224 3023 1340 3103 pendeo
1361 3023 1505 3102 pependi,
1528 3042 1658 3102 spon-s¹

329 3126 385 3186 deo
408 3124 567 3204 spopondi,
591 3125 699 3186 tondeo
716 3112 851 3196 totondi,
875 3127 997 3187 mordeo
1018 3125 1174 3186 momordi.
1218 3143 1293 3206 quae
1316 3123 1508 3204 adsumptis!
1531 3144 1609 3205 prae-

330 3226 529 3308 positionibus
550 3245 611 3287 non
633 3226 737 3289 eodem
758 3228 847 3289 modo
869 3228 1049 3308 proterenda
1072 3236 1155 3289 snnt:
1179 3246 1248 3288 nam
1269 3226 1414 3307 despondi
1436 3234 1468 3288 et
1488 3227 1607 3306 dependi

331 3337 361 3390 et
384 3329 508 3410 rependi
531 3335 561 3390 et
583 3329 702 3390 detondi
726 3329 864 3392 dicimus.
910 3329 946 3392 de
968 3331 1201 3410 neutropassivis
1222 3328 1340 3391 abunde
1363 3329 1551 3391 dictumest

415 3430 517 3492 Tertia
539 3433 708 3510 coniugatio
731 3440 884 3513 correpta,
915 3452 990 3514 quae
1014 3432 1174 3495 secundam
1195 3450 1353 3512 personam
1375 3433 1456 3510 inis
1476 3431 1607 3512 syllabam
1657 3424 1658 3489 l

329 3534 423 3597 mittit
454 3535 485 3594 in
518 3536 693 3614 imperativo
720 3535 807 3595 modo
834 3537 865 3595 in
893 3554 910 3596 e
940 3535 1057 3596 solitam
1084 3536 1231 3608 converti,
1259 3535 1458 3614 praeteritum
1484 3552 1536 3613 per
1561 3518 1658 3593 hasa

333 3635 461 3715 syllabas
483 3635 583 3705 ellert,
606 3638 637 3696 in
661 3638 691 3696 ui
712 3639 883 3717 praeposita
905 3643 1101 3707 consonante,
1125 3639 1156 3696 in
1178 3639 1207 3697 vi
1229 3639 1399 3716 praeposita
1421 3635 1527 3703 vocali,
1549 3638 1578 3694 in
1597 3637 1606 3693 i

331 3743 511 3800 consonante
533 3735 666 3817 qualibet
687 3721 872 3819 praeposita,
901 3742 933 3801 in
955 3741 998 3809 si,
1028 3740 1060 3799 in
1081 3740 1122 3799 xi.
1166 3739 1219 3804 sed
1245 3738 1296 3799 illa
1317 3740 1511 3818 praeteritum
1530 3738 1605 3798 inni

331 3874 634 3886 —u———u—-u

418 3958 451 4009 29
469 3960 541 4010 tertie
555 3961 699 4027 coniugatio
719 3959 795 4014 Gbar.
813 3959 874 4022 244,
892 3961 935 4014 22.
952 3975 1011 4017 eane.
1029 3958 1105 4013 Odor.
1125 3959 1186 4024 564,
1206 3957 1239 4010 39

415 4184 592 4235 lentabimus
608 4197 625 4242 ς
644 4184 787 4234 notabimus
805 4185 860 4234 PF
938 4183 954 4234 3
976 4198 1005 4234 eo
1027 4182 1134 4248 syllabis
1155 4183 1344 4234 Lindemaanus
1364 4197 1396 4232 eo
1420 4181 1526 4246 syllabae
1540 4181 1563 4229 Ρ
1577 4193 1602 4227 eo

332 4252 430 4321 syllaba
444 4255 512 4320 Fgc
583 4263 610 4304 ut
625 4253 705 4304 babeo
724 4254 804 4303 debeo
819 4252 899 4303 rubeo
917 4254 991 4303 rubni
1011 4253 1091 4303 babeo
1108 4252 1183 4302 docui
1203 4253 1230 4301 Ρ
1246 4261 1273 4302 ut
1286 4252 1367 4303 babeo
1384 4253 1433 4302 deo
1446 4253 1519 4300 rubeo
1534 4249 1603 4298 doceo

333 4323 409 4374 docui
423 4323 447 4372 F
496 4323 513 4374 b
532 4325 622 4375 madeo
641 4324 727 4374 madui
742 4339 788 4373 om.
809 4324 848 4373 F:
865 4323 955 4372 madeo
975 4323 1060 4372 mndui
1080 4337 1157 4388 egreo
1176 4323 1249 4389 egmi
1269 4338 1286 4378 ς
1336 4321 1479 4387 blangueo
1494 4321 1559 4374 ΡΡς

333 4393 549 4459 vigeoviguiom.
563 4395 609 4451 Ρς
657 4395 759 4445 'lteneo
772 4394 841 4443 tenui
853 4406 930 4442 caneo
947 4394 1021 4442 canai
1032 4394 1079 4445 boc
1096 4396 1208 4444 tocoom.
1223 4391 1297 4449 rre
1348 4391 1452 4443 9niteo
1466 4390 1527 4440 niteo
1537 4397 1601 4452 pateo

332 4463 405 4530 patui
423 4470 496 4512 teneo
514 4465 584 4524 tenui
603 4478 682 4514 caneo
700 4463 774 4514 canan
791 4464 955 4529 excipiuntur
973 4462 1016 4519 re
1028 4463 1095 4513 niteo
1108 4463 1172 4512 nitui
1189 4478 1268 4512 caneo
1286 4463 1360 4512 canui
1375 4459 1561 4526 excipiuntur?

335 4531 830 4601 11atarneomulsiJmoleomotsrr
878 4533 981 4600 mulgeo
1000 4532 1077 4584 mulsi
1095 4547 1140 4583 om,
1157 4533 1217 4590 ΡΡ,
1234 4532 1326 4588 adds
1385 4531 1417 4583 tt
1436 4531 1467 4582 de
1480 4543 1566 4595 argued
1581 4535 1601 4574 et

334 4611 442 4668 turgueo
461 4605 487 4653 P
537 4604 568 4656 17
586 4604 693 4669 pavi-
713 4604 905 4656 meseonem?
956 4601 989 4653 18
1006 4603 1130 4667 quaedam
1150 4617 1276 4668 quaquam
1291 4602 1310 4665 s
1324 4617 1390 4665 qnae
1407 4613 1549 4665 quemqnam
1563 4597 1600 4649 Ρς

334 4673 859 4740 quaequaquamd'qnaedemquamuisq
906 4673 1099 4740 inprotectam
1112 4673 1235 4739 syllabam
1248 4671 1331 4723 neoF
1374 4673 1407 4723 21
1421 4665 1599 4737 expleoexpleri

333 4755 379 4792 om.
400 4741 425 4790 P
492 4742 526 4794 28
545 4751 569 4794 et
586 4744 692 4810 rependi
709 4759 754 4797 om.
772 4743 797 4792 P
847 4743 950 4795 detondi
968 4753 992 4793 et
1010 4742 1156 4808 praemordl
1174 4743 1283 4793 dicimus
1299 4758 1317 4805 p
1334 4743 1469 4793 Potentiae
1523 4737 1553 4788 30
1566 4749 1600 4784 so-

334 4810 405 4929 libam
428 4813 553 4930 conFuertit
570 4814 594 4863 Ρ
618 4811 725 4864 solidam
744 4815 901 4865 conuertiF
917 4813 1026 4864 solidam
1050 4815 1176 4864 conuertit
1192 4827 1209 4869 ς
1297 4811 1329 4864 31
1348 4813 1421 4862 etlert
1438 4827 1455 4869 ς
1472 4803 1600 4860 ederent?
1657 4834 1658 4839 ,

336 4896 350 4932 e
371 4888 443 4930 erunt
1657 4884 1658 4895 ¹
