3350 5442
305 357 364 423 158
869 359 1023 423 reuben

328 467 486 523 p.1tu-tt³t.

303 557 444 610 extraneo
465 550 584 627 generi,
608 547 660 608 sed
681 555 795 610 tantum
812 548 900 610 modo
918 558 1034 621 nostro,
1059 559 1092 611 ut
1113 552 1138 611 si
1161 549 1240 611 dicas
1262 551 1373 630 ‘eipuus
1394 549 1598 611 velocissimus

303 658 346 710 εει
368 654 546 730 erprorum’;
569 669 628 711 uon
644 670 767 731 possum
782 649 882 712 dicere
905 650 1017 730 ‘equus
1039 650 1238 714 velocissimus
1252 654 1387 714 cauum'.
1419 670 1474 731 per
1492 670 1597 731 super·

302 750 420 812 laurum
443 759 556 812 tantum
579 752 668 812 modo
691 760 794 813 nostro
817 754 921 831 generi
942 753 1148 832 praeferimur.

182 866 289 922 locus
386 854 426 914 lle
450 873 573 915 numero
597 856 763 933 quaesitum
788 862 840 916 εει.
885 856 1092 935 conparativus
1120 854 1228 935 gradus
1256 858 1303 917 cui
1332 874 1457 917 numero
1487 856 1597 915 servit?

182 935 242 994 ιει,
255 936 287 981 ee

182 1003 242 1063 toa,
255 1003 286 1051 ει

301 958 508 1036 conparativus
534 958 667 1034 iungitur
694 975 819 1017 numero
847 957 989 1035 singulari
1019 966 1048 1018 et
1079 958 1202 1038 plurali,
1238 958 1353 1019 doctior
1383 956 1450 1029 illo,
1480 958 1621 1018 doctiore

298 1056 372 1125 illis;
396 1062 506 1139 ‘equus
529 1058 658 1119 velocior
681 1068 726 1119 εει
747 1057 899 1121 canibus’.
942 1058 1138 1139 superlativus
1161 1078 1230 1122 vero
1253 1058 1359 1140 plurali
1383 1078 1512 1121 numero
1536 1068 1598 1119 tan-

300 1166 361 1219 tum
389 1162 495 1230 servit,
523 1168 556 1221 ut
583 1168 653 1240 puta
682 1166 798 1242 ‘equus
827 1161 1027 1222 velocissimus
1056 1165 1234 1241 equorum';
1263 1178 1321 1221 non
1351 1180 1472 1241 possum
1496 1160 1599 1221 dicero

301 1263 413 1341 ‘equus
441 1262 642 1324 velocissimus
669 1266 764 1343 equi'.
810 1275 841 1324 ct
866 1282 899 1324 re
922 1281 989 1323 vera
1018 1264 1047 1323 in
1070 1282 1104 1323 re
1127 1281 1201 1343 quac
1223 1263 1372 1324 individua
1395 1272 1440 1325 est
1461 1272 1599 1325 servatur

301 1360 376 1422 baec
396 1363 514 1442 regula3
538 1366 563 1427 si
585 1383 633 1425 res
655 1363 705 1425 illa
727 1364 877 1426 individua
899 1373 943 1425 est
965 1364 1154 1436 naturaliter,
1178 1383 1286 1425 servas.
1332 1364 1484 1426 bominem
1510 1384 1597 1427 num·
1668 1412 1669 1423 ,

302 1465 371 1541 quid
404 1473 489 1545 potes
522 1466 672 1528 divideret
705 1486 722 1526 e
754 1470 903 1529 contrario
936 1466 1054 1546 plebem
1087 1467 1205 1536 dividis;
1238 1486 1359 1547 possum
1394 1484 1466 1545 ergo
1496 1467 1599 1528 dicere
1613 1491 1633 1526 u

301 1566 508 1629 ‘stultissimus
537 1575 581 1629 est
608 1567 730 1648 plebis’.
775 1567 862 1648 plebs
890 1568 959 1629 licet
981 1571 1019 1629 sit
1041 1570 1159 1631 numeri
1182 1568 1353 1647 singularis,
1377 1576 1476 1648 potest
1497 1576 1599 1629 tamen

301 1689 365 1730 esse
387 1670 504 1732 dividua
532 1678 562 1732 et
589 1678 688 1750 potest
709 1672 845 1750 recipere
866 1668 1010 1750 pluralem
1034 1688 1201 1732 numerum.
1246 1670 1389 1732 babemus
1411 1672 1442 1730 in
1466 1671 1600 1749 Vergilio

302 1772 530 1851 ‘fortissime
558 1774 680 1850 gentis
708 1772 878 1851 Tydide'.
924 1774 1102 1834 fortissimus
1130 1771 1325 1853 superlativus
1352 1780 1411 1843 est,
1448 1790 1525 1850 gens
1555 1784 1601 1833 est

301 1876 417 1934 numeri
446 1872 618 1953 singularis
647 1873 700 1934 sed
727 1881 829 1934 tamm
852 1884 895 1935 est
917 1872 1069 1935 intellectu
1092 1873 1221 1955 pluralis.
1266 1874 1463 1954 superlativus
1486 1874 1600 1953 gradus

300 1975 388 2037 debet
409 1975 528 2056 quidem
551 1977 633 2054 iungi
654 1982 767 2037 tantum
785 1974 790 2059 Ι
807 1994 932 2038 numero
954 1975 1076 2056 plurali,
1103 1976 1156 2037 sed
1180 1978 1310 2057 exeeptis
1331 1976 1389 2038 illis
1411 1976 1597 2045 nominibus,
1613 1999 1634 2036 n

300 2097 376 2157 ιμιιιε
398 2085 468 2139 sunt
490 2079 692 2139 enuntiatione
714 2076 890 2156 singularia,
906 2078 1059 2140 intellectu
1080 2077 1215 2159 pluralia.
1239 2079 1272 2139 -si
1295 2080 1373 2139 enim
1396 2079 1451 2139 ista
1474 2058 1598 2139 nomina

300 2178 411 2240 luerint
439 2179 556 2261 [etiam]
587 2180 787 2242 enuntiatione
814 2179 989 2259 singularia,
1013 2179 1164 2241 intellectu
1187 2179 1326 2261 pluralia,
1349 2181 1483 2258 iungitur
1506 2182 1598 2241 etiam

300 2283 436 2359 genetivo
458 2282 615 2361 singulari,
639 2288 672 2343 ut
693 2283 772 2363 apud
794 2284 893 2363 ipsum
915 2281 1078 2359 Vergilium
1101 2284 1268 2344 invenimus
1290 2280 1347 2343 alio
1369 2282 1435 2343 loco
1465 2282 1599 2342 ‘ditis-

300 2383 417 2445 simus
444 2386 553 2463 agri'.
598 2402 669 2463 ager
695 2385 802 2464 recipit
829 2383 1012 2445 divisionem.
1058 2402 1126 2445 nam
1159 2385 1285 2445 dicimus
1317 2402 1389 2463 ager
1416 2384 1597 2463 Campanus,

299 2485 352 2545 sed
373 2487 476 2567 utique
498 2488 529 2546 in
551 2485 711 2567 Campania
733 2506 793 2549 non
816 2505 892 2548 unus
915 2504 985 2565 ager
1007 2492 1067 2557 est,
1091 2485 1143 2547 sed
1165 2486 1265 2554 multi;
1289 2484 1438 2555 similiter,
1462 2487 1489 2546 si
1513 2486 1633 2546 dicasse

299 2606 369 2665 ager
385 2587 516 2660 Siculus,
540 2607 611 2667 ager
626 2588 763 2651 Gallicus.
792 2592 859 2651 idco
881 2588 1043 2649 ditissimus
1066 2590 1130 2667 agri
1153 2588 1287 2649 dicimus.
1326 2586 1462 2649 similiter
1486 2586 1597 2649 Roma·

299 2708 370 2750 nuru
403 2708 509 2769 genus:
544 2690 602 2751 hoe
634 2691 800 2753 Romanum
832 2710 926 2770 genus
959 2693 1076 2751 numeri
1109 2698 1152 2751 εει
1184 2690 1302 2770 quidem
1329 2689 1507 2769 singularis
1544 2690 1598 2751 sed

298 2799 398 2853 tamen
421 2791 574 2874 intellectu
595 2792 718 2872 plurale.
755 2792 822 2853 ideo
846 2795 877 2853 in
900 2793 1031 2854 bistoriis
1053 2793 1219 2853 invenimus
1243 2792 1415 2853 ‘Romani
1438 2795 1598 2871 generis

299 2894 603 2964 disertissimus’‚
633 2894 843 2956 disertissimus
873 2895 959 2956 buius
981 2894 1107 2955 Romani
1134 2896 1262 2972 generis.
1308 2912 1379 2973 ergo
1406 2913 1439 2954 ea
1462 2896 1595 2965 nourina,

298 3014 373 3076 quae
396 2996 598 3057 enuntiatione
620 3006 689 3058 sunt
709 2996 883 3075 singularia,
907 2994 1058 3058 intellectu
1072 2995 1211 3076 pluralia,
1235 3004 1359 3076 possunt
1374 2994 1410 3056 ad
1424 3014 1457 3056 se
1472 2996 1597 3058 trahere
1609 3017 1632 3056 ss

299 3098 386 3158 etiam
408 3115 566 3159 numerum
589 3097 742 3178 pluralem.

383 3198 447 3271 Quo
474 3199 561 3261 modo
597 3202 817 3280 conparativum
847 3200 975 3262 diximus
1002 3201 1073 3280 poni
1100 3218 1155 3280 pro
1181 3201 1323 3279 positivo,
1353 3201 1395 3261 sic
1422 3200 1595 3261 invenimus

299 3302 433 3372 nomina,
461 3308 494 3362 ιιι
519 3304 584 3382 ipse
611 3303 807 3383 superlativus
828 3304 971 3383 positivus
993 3304 1045 3371 sit,
1075 3312 1106 3363 ut
1127 3304 1158 3363 in
1181 3301 1231 3362 tali
1254 3301 1433 3371 elocutione,
1460 3300 1596 3382 luppiter

299 3406 430 3485 optimus
457 3407 610 3466 suasimus.
655 3406 785 3485 optimus
813 3413 843 3465 et
870 3407 1014 3465 maximus
1042 3404 1213 3484 superlativi
1234 3413 1317 3473 sunt:
1349 3404 1401 3465 sed
1423 3413 1524 3466 tanuen
1547 3407 1597 3465 isti

298 3506 469 3597 superlativi
496 3524 555 3568 uon
584 3506 681 3569 solum
712 3507 883 3587 superlativi
914 3525 973 3567 uon
1007 3513 1089 3577 sunt,
1125 3506 1177 3567 sed
1204 3526 1261 3567 nec
1288 3507 1485 3587 conparativi,
1511 3502 1516 3587 Ι
1539 3507 1631 3567 sedso

298 3617 413 3669 tantumn
437 3608 524 3670 modo
546 3610 676 3689 positivi:
716 3630 774 3689 qua
796 3610 931 3671 ratione?
954 3610 1036 3689 quia,
1060 3610 1086 3668 si
1109 3617 1188 3669 esset
1208 3608 1342 3689 luppiter
1363 3626 1442 3669 uuus
1465 3615 1495 3669 et
1517 3606 1596 3669 alter

298 3718 411 3773 tantum
436 3738 453 3769 ι
486 3713 558 3772 item
585 3710 661 3773 bene
690 3711 872 3781 diceremus
903 3714 927 3772 si
957 3718 1056 3772 essent
1084 3717 1145 3771 tres
1167 3710 1258 3771 loves.
1304 3729 1371 3771 cum
1394 3719 1493 3771 autem
1516 3728 1595 3771 unus

298 3816 352 3884 sit,
376 3831 433 3891 qua
455 3816 667 3894 conparatione
689 3814 903 3894 praeferimus?
932 3831 1003 3892 ergo
1026 3812 1150 3873 dicimus
1171 3812 1238 3873 illos
1259 3813 1367 3891 gradus
1390 3830 1445 3891 pro
1467 3813 1595 3892 positivo

298 3934 376 3977 esse.
408 3915 490 3976 vides
513 3934 585 3995 ergo
608 3918 748 3996 quoniam
770 3915 866 3976 maleo
889 3922 957 3976 sunt
978 3913 1047 3975 illae
1071 3913 1252 3975 elocutiones
1276 3922 1305 3975 et
1327 3922 1429 3976 curtae
1452 3924 1482 3975 et
1504 3916 1594 3976 semi·

297 4018 419 4098 plenae,
450 4035 522 4096 quas
548 4027 664 4097 ponunt
689 4017 858 4079 scholastici
885 4016 1130 4087 indictionibus,
1159 4017 1211 4077 sed
1233 4020 1291 4078 ianr
1313 4034 1368 4097 per
1390 4017 1539 4078 licentiam
1563 4024 1632 4079 etas

366 4228 383 4275 4
401 4225 438 4275 De
453 4239 559 4275 numero
578 4240 625 4275 cm.
640 4222 669 4284 Θ,
685 4224 750 4274 tituli
764 4224 819 4273 loco
837 4222 992 4285 adscriptum
1010 4229 1050 4272 eat
1065 4223 1091 4271 in
1109 4221 1135 4272 B
1205 4220 1239 4273 10
1257 4220 1357 4287 plebem
1376 4220 1478 4271 diuides
1495 4220 1520 4270 Α

299 4294 332 4345 13
349 4294 502 4346 lentissimae
521 4296 555 4345 C:
575 4296 655 4359 Verp.
672 4293 736 4344 Aen.
755 4293 765 4341 l
783 4292 819 4343 96
867 4308 949 4357 genus
966 4308 1035 4343 corr.
1051 4293 1135 4358 gentis
1154 4291 1179 4340 Α
1232 4291 1311 4357 tvtide
1329 4290 1414 4347 ABG
1485 4292 1517 4342 l'l
1534 4294 1592 4341 iuu-

296 4374 392 4431 guntur
410 4366 486 4415 etiem
503 4364 587 4415 ΑΒΘ
657 4364 689 4414 18
707 4366 827 4429 genetiuo
847 4363 971 4429 singulari
989 4370 1013 4411 et
1030 4362 1148 4412 ablatiuis
1166 4362 1269 4411 casibus
1288 4368 1315 4410 ut
1333 4362 1402 4427 apud
1421 4362 1446 4411 Α
1516 4362 1592 4411 ditis-

297 4433 389 4502 simus]
416 4437 496 4501 Verg.
516 4434 583 4486 Aen.
604 4431 684 4486 1343
768 4434 803 4484 20
821 4448 951 4486 eruissem.
972 4432 1006 4495 A,
1026 4433 1087 4481 add.
1105 4432 1140 4481 a*
1211 4433 1242 4483 21
1261 4430 1318 4482 ideo
1338 4448 1384 4485 om.
1401 4431 1489 4482 ABG
1557 4430 1593 4481 ‘26

299 4520 430 4555 numerum
445 4506 569 4571 pluralem
587 4506 775 4554 Lindemanaur
791 4516 922 4551 numerum
936 4502 1092 4568 singularem
1107 4501 1193 4553 uua:
1210 4505 1310 4553 lituram
1326 4502 1434 4552 sedecim
1452 4503 1512 4565 sere
1527 4504 1593 4552 litte-

296 4592 383 4625 rarum
399 4575 514 4627 tauers
583 4575 618 4625 28
635 4575 736 4639 etipse
753 4572 879 4639 positione
896 4574 1068 4638 superintiuus
1087 4574 1121 4623 sit
1138 4572 1221 4622 ΑΒΘ
1270 4571 1302 4623 31
1322 4572 1424 4622 uberius
1441 4574 1593 4636 expendere

296 4648 395 4697 uidetur
407 4649 591 4711 pampinatione,
605 4646 704 4711 quando
720 4645 905 4707 comparativus
918 4643 1007 4694 melior
1027 4651 1051 4694 et
1069 4644 1159 4707 maior,
1177 4644 1277 4709 quondo
1290 4644 1460 4706 superlativus
1478 4646 1592 4709 optimus

296 4725 322 4766 et
338 4717 466 4766 maximus
480 4718 512 4767 de
530 4715 591 4767 Iove
606 4718 683 4765 locam
699 4714 811 4768 taenea.
836 4717 922 4780 itaque
937 4716 1051 4763 lacunam
1069 4714 1185 4767 indicaui.
1208 4723 1316 4764 celerior
1332 4712 1432 4763 breuius
1448 4712 1528 4765 sutor·
1541 4728 1592 4778 po-

295 4794 364 4836 terat
379 4789 431 4847 ita,
455 4787 515 4850 quia
530 4787 553 4836 el
571 4800 620 4837 nou
638 4794 706 4835 esset
722 4786 835 4851 luppiter
857 4799 923 4834 unus
942 4793 966 4833 et
983 4784 1047 4834 alter
1067 4793 1173 4847 tautum,
1192 4785 1274 4834 idest
1292 4786 1313 4834 si
1332 4790 1419 4833 esseut
1436 4791 1489 4833 tres
1508 4784 1591 4850 loves,

296 4858 360 4907 bene
378 4858 521 4907 diceremus
1517 4862 1520 4868 '
