3350 5442
335 377 399 442 516
880 343 1081 440 avcvsnnv

361 501 382 541 p·
396 491 455 530 205·
469 489 495 529 ov
509 486 531 528 Ρ.

334 568 446 628 candeo
467 567 627 636 candesco,
656 567 724 628 labo
746 566 878 636 labaseo,
908 575 995 646 tepeo
1016 575 1151 646 tepesco,
1180 568 1282 628 lerveo
1303 567 1453 636 fervesco,
1478 570 1562 628 vireo
1579 573 1610 629 ri·

334 672 433 721 resco,
461 652 544 730 algeo
567 654 698 730 algesco,
727 653 842 712 dormio
863 653 1011 712 dormisco
1041 662 1072 712 et
1093 653 1161 713 alia.
1204 653 1277 714 baec
1307 655 1408 713 omnia
1428 655 1611 732 praeteritum

335 758 392 800 non
415 737 533 798 babent.
567 757 636 798 nam
657 745 755 818 potest
776 739 853 798 calui
875 745 906 799 et
926 738 1002 798 lervi
1024 738 1138 806 lacere,
1161 745 1192 798 et
1212 757 1271 798 non
1285 738 1402 799 calesco
1422 738 1470 798 rel
1493 739 1612 798 lenm

334 824 411 886 calui
434 824 506 885 lecit
528 823 572 884 vel
594 825 684 893 lervi,
708 823 759 884 sed
782 841 798 882 a
820 825 923 884 lerveo
944 824 1034 893 fervi,
1057 843 1074 883 a
1094 823 1177 884 caleo
1198 823 1287 884 calui.
1329 843 1399 884 nam
1413 823 1546 883 raleseui
1565 827 1611 883 ler-

334 911 434 970 veseui
457 917 486 970 et
509 910 637 970 vireseui
665 909 755 970 latina
777 927 835 970 non
858 916 936 970 suut.
981 917 1011 970 et
1031 908 1099 968 ideo
1126 908 1293 970 ineboativa
1313 910 1458 969 dicuntur
1480 912 1626 988 praeteri-s

334 1002 397 1055 tum
420 1003 536 1074 tempus
557 1013 615 1054 non
638 994 766 1064 babere,
794 997 865 1074 quia
891 1013 967 1074 quae
994 994 1168 1054 inchoamus
1188 995 1285 1055 adbuc
1306 995 1440 1073 perlecta
1464 1012 1526 1053 non
1547 1005 1610 1054 sunt

334 1087 365 1140 et
386 1081 484 1140 omnia
506 1099 580 1158 quae
603 1080 665 1140 dixi
686 1081 717 1140 in
740 1099 791 1140 seo
812 1082 896 1139 exire
917 1098 1037 1159 semper
1058 1080 1204 1139 neutralia
1219 1089 1288 1140 sunt
1301 1097 1358 1140 nee
1372 1080 1558 1158 accipiuntr
1576 1081 1611 1138 lit-

336 1175 438 1226 teram.
463 1172 493 1225 et
507 1165 574 1225 ideo
590 1165 727 1226 admonui
742 1183 808 1225 esse
823 1165 986 1234 neutralia,
1009 1183 1047 1225 ne
1070 1173 1099 1224 te
1120 1163 1277 1244 perturbet
1292 1183 1357 1226 esse
1372 1164 1524 1244 quaedam
1538 1164 1610 1224 verba

334 1254 365 1310 in
393 1268 461 1310 seor
488 1253 625 1312 exeuntia
653 1259 683 1312 et
708 1258 807 1312 tamen
835 1250 992 1310 admittere
1018 1252 1214 1329 praeteritum
1243 1258 1374 1329 tempus,
1405 1257 1439 1310 ut
1469 1248 1611 1309 obliviscar

334 1333 445 1396 oblitus
467 1353 546 1404 sum,
569 1338 705 1415 paciscor
727 1342 830 1415 paetus
852 1353 932 1405 sum,
949 1335 1097 1414 adipiscor
1119 1335 1243 1414 adeptus
1263 1355 1344 1405 sum,
1368 1343 1399 1394 et
1416 1337 1481 1394 iam
1504 1335 1628 1394 necdonv

334 1420 482 1481 neutralia
504 1427 588 1490 sunt,
618 1423 648 1481 in
677 1420 785 1500 quibus
806 1420 937 1480 diximus
962 1423 1124 1499 praeterita
1146 1427 1280 1500 tempora
1302 1439 1431 1481 eeoeare.
1481 1429 1550 1479 sunt
1569 1421 1612 1478 alia

334 1523 409 1585 quae
431 1506 648 1584 irequentativa
671 1507 824 1574 dicuntur,
848 1504 959 1585 quibus
973 1505 1086 1585 aliquid
1106 1506 1291 1585 irequentius
1305 1507 1417 1566 laetum
1432 1505 1612 1582 significatur.

336 1598 368 1650 ut
390 1609 405 1651 a
428 1590 509 1650 dicto
530 1590 648 1662 dictito,
678 1592 782 1668 alego
804 1591 920 1660 lectito,
950 1590 1088 1651 ascribo
1110 1593 1259 1670 scriptito,
1289 1592 1422 1652 aelamo
1445 1591 1612 1656 clamito,a

335 1678 382 1735 vio
398 1677 471 1745 cito,
488 1676 567 1754 quod
583 1677 730 1754 significat
751 1675 926 1755 irequdnter
947 1695 1033 1746 voeo,
1056 1675 1134 1736 unde
1150 1694 1229 1736 nunc
1244 1677 1359 1755 aliquos
1372 1694 1447 1735 voce
1471 1679 1613 1756 praeconis

334 1763 439 1820 citatos
468 1761 608 1831 dicinvoS,
637 1762 666 1822 id
695 1769 740 1822 est
766 1763 941 1841 frequenter
967 1768 1097 1830 vocatos,
1126 1769 1157 1821 et
1177 1762 1246 1822 alia.
1295 1769 1364 1822 sunt
1385 1761 1446 1821 alia
1482 1780 1634 1841 perpaucae

334 1864 409 1925 quae
437 1845 634 1907 desiderativa
663 1847 815 1916 dicuntur,
847 1855 878 1907 ut
905 1848 1020 1916 esurio,
1050 1846 1080 1906 id
1108 1853 1154 1906 est
1181 1847 1270 1907 edere
1298 1846 1454 1914 desidero,
1485 1848 1612 1925 parturio.

334 1949 440 2011 parere
456 1930 601 2002 desidero,
618 1939 657 2001 et,
675 1939 708 1992 ut
722 1931 834 1992 dictum
848 1939 895 1992 est
909 1951 926 1992 a
940 1933 1084 1992 Cicerone
1100 1932 1137 1992 de
1156 1931 1356 2011 pbilosophis,
1378 1933 1612 1992 mortoriont.

335 2018 411 2076 mori
439 2016 619 2077 desiderant.
668 2017 721 2076 sed
743 2017 831 2086 baec,
861 2025 894 2078 ut
914 2017 992 2086 dixi,
1020 2035 1113 2096 pauca
1136 2023 1220 2086 sunt,
1243 2019 1372 2097 quaein
1393 2035 1506 2078 sonum
1528 2015 1613 2076 latini·

335 2102 404 2162 tatis
426 2101 592 2163 introducta
613 2109 692 2163 sunt.

847 2271 897 2332 llll
922 2271 1111 2334 novennio
1621 2293 1635 2324 a

419 2389 598 2452 lldverbionv
621 2391 688 2452 ideo
710 2392 819 2451 dietum
843 2399 902 2461 est,
931 2392 1000 2471 quia
1024 2387 1028 2466 1
1052 2391 1193 2451 adhaeret
1214 2390 1319 2459 verbo,
1343 2409 1399 2450 nee
1420 2400 1525 2472 potest
1545 2390 1613 2449 verbi

335 2479 378 2537 vis
400 2479 616 2554 significantius
637 2496 757 2546 sonare,
788 2479 847 2536 nisi
869 2480 1008 2553 iungatur
1036 2473 1219 2537 adverbium.
1263 2483 1296 2536 ut
1322 2484 1393 2554 puta
1426 2475 1553 2536 verbum
1578 2485 1612 2534 est

334 2563 402 2622 dieo
424 2563 527 2638 navigo
550 2563 632 2622 valeo
654 2580 743 2622 curro
772 2569 802 2620 et
824 2561 897 2631 alia;
919 2561 993 2621 lvaee
1016 2579 1073 2619 non
1096 2560 1182 2640 plena
1212 2563 1428 2638 significatione
1461 2569 1546 2629 sunt,
1567 2562 1613 2618 nisi

334 2647 501 2707 adiciantur
523 2647 678 2716 adverbia,
703 2653 734 2708 ut
757 2645 834 2706 bene
856 2647 933 2707 male
955 2645 1040 2705 docte
1062 2646 1205 2715 feliciter,
1229 2655 1261 2706 ut
1281 2645 1464 2715 benedicit,
1490 2646 1614 2725 imperite

334 2733 420 2802 dicit,
445 2750 586 2811 prospere
610 2734 738 2808 navigat,
769 2731 929 2792 infeliciter
957 2732 1088 2807 navigat,
1117 2731 1233 2807 integre
1256 2731 1351 2800 valeo,
1374 2728 1521 2791 debiliter
1541 2731 1629 2793 valet:

304 2867 315 2892 ,
334 2817 453 2894 agiliter
475 2819 594 2886 currit,¹
608 2819 721 2878 tardius
744 2818 850 2876 currit.
886 2816 968 2876 vides
984 2818 1053 2895 qnia
1068 2815 1228 2875 verborum
1249 2815 1337 2894 plena
1358 2817 1541 2892 significatio
1559 2833 1613 2873 esve

335 2920 393 2961 non
417 2908 527 2980 potest,
556 2903 615 2962 nisi
642 2903 755 2962 luerint
777 2900 919 2962 adverbia
941 2903 1106 2961 coniuncta.
1150 2902 1195 2960 sie
1216 2901 1273 2961 alia
1294 2900 1435 2961 adverbia
1462 2904 1613 2978 iunguntur

337 2987 372 3046 ad
396 2986 572 3066 explendam
594 2987 677 3047 verbi
700 2987 961 3064 significationem,
985 2995 1018 3046 ut
1040 2993 1110 3046 sunt
1132 2985 1263 3046 locorum
1279 2984 1432 3055 adverbia,
1460 2993 1612 3065 temporum

335 3070 489 3142 adverbia,
519 3081 552 3132 ut
579 3071 628 3132 bic
656 3073 736 3142 dico,
765 3071 814 3131 bie
841 3070 958 3140 habito,
988 3073 1139 3138 introeo,
1169 3071 1250 3130 intus
1272 3089 1351 3139 sum,
1374 3072 1458 3130 loras
1480 3090 1531 3140 eo,
1552 3071 1613 3130 loris

335 3175 415 3226 svam,
438 3155 508 3216 bino
531 3159 650 3234 navigo;
673 3158 717 3216 sic
739 3157 775 3217 (le
799 3163 932 3235 tempore
948 3174 1013 3216 eras
1029 3156 1146 3232 navigo,
1169 3154 1257 3215 bodie
1272 3158 1393 3232 navigo,
1417 3163 1449 3215 et
1472 3155 1531 3216 alla
1550 3173 1636 3233 quae·

335 3240 405 3300 aliis
432 3239 546 3302 artibus
573 3242 631 3302 late
659 3243 735 3302 dieta
764 3247 833 3302 sunt
860 3248 890 3301 et
917 3241 1073 3301 intellectu
1099 3241 1186 3320 plana
1209 3248 1287 3301 sunt.
1322 3240 1389 3300 ideo
1411 3240 1488 3301 baec
1515 3257 1611 3320 ponere

337 3325 434 3394 nolui,
459 3327 527 3405 quia
550 3325 586 3386 ad
609 3327 742 3387 discendi
766 3325 918 3387 fastidium
939 3325 1071 3386 brevitas
1093 3333 1258 3404 opportuna
1280 3334 1335 3386 est.

420 3409 495 3470 Sane
529 3412 559 3470 in
592 3410 742 3472 adverbiis
775 3411 849 3471 baec
881 3409 1041 3471 observare
1073 3409 1230 3470 debemus:
1264 3410 1380 3489 quando
1408 3413 1439 3471 in
1464 3429 1482 3470 e
1511 3417 1610 3476 exeant,

334 3495 453 3574 quando
475 3497 505 3555 in
530 3505 575 3555 ter
598 3496 754 3575 syllabam,
778 3497 834 3557 boo
856 3494 1001 3556 ablativus
1023 3514 1109 3556 casus
1130 3495 1226 3555 docet.
1264 3514 1331 3556 nanv
1346 3495 1468 3574 quando
1482 3495 1611 3556 ablativus

335 3581 397 3640 exit
420 3582 451 3640 in
474 3599 506 3650 o,
530 3580 702 3642 adverbium
725 3584 755 3641 in
778 3600 794 3641 e
817 3582 922 3649 mittit,
946 3588 979 3640 ut
1001 3600 1017 3641 a
1039 3580 1125 3640 doeto
1139 3580 1239 3651 doceo,
1262 3601 1279 3641 a
1301 3582 1379 3640 iusto
1401 3583 1497 3650 iuste,
1520 3601 1536 3641 a
1556 3597 1609 3658 per·
1623 3593 1635 3627 2²·

336 3666 414 3726 lecto
437 3667 583 3744 perlecto,
608 3685 624 3726 a
646 3669 696 3745 pio
718 3668 783 3746 pie,
807 3686 822 3727 a
845 3665 940 3726 valido
963 3664 1070 3734 valide,
1095 3683 1111 3725 a
1132 3666 1282 3726 lortunato
1297 3667 1463 3736 fortunate,
1487 3683 1609 3742 amagno

334 3767 454 3826 magno,
487 3749 524 3810 ab
552 3750 649 3829 amplo
677 3751 786 3830 amplo,
815 3770 831 3811 a
854 3752 977 3810 minimo
999 3751 1134 3819 minime,
1163 3759 1194 3812 et
1215 3750 1281 3810 alia.
1330 3749 1449 3829 quando
1472 3751 1608 3810 antemio

335 3841 381 3894 ter
403 3834 544 3914 syllabam
566 3837 627 3895 exit
649 3834 835 3906 adverbium,
864 3835 1016 3904 similiter,
1045 3843 1078 3896 ut
1099 3835 1174 3906 dixi,
1203 3834 1347 3896 ablativus
1369 3835 1472 3896 docet:
1495 3835 1532 3895 ab
1552 3833 1608 3911 agili

334 3919 468 3996 agiliter,
498 3918 534 3979 ab
557 3920 662 3981 bumili
684 3921 851 3989 humiliter,
880 3918 917 3980 ab
940 3922 1001 3980 acri
1024 3921 1147 3988 aeriter,
1171 3939 1187 3981 a
1209 3921 1279 3980 lorti
1302 3922 1433 3988 sortiter,
1463 3939 1480 3980 a
1503 3921 1555 3980 levi
1575 3919 1607 3977 le·

335 4005 422 4073 viter,
452 4023 467 4064 a
495 4007 576 4082 gravi
604 4007 748 4083 graviter,
778 4026 794 4066 a
822 4007 885 4082 iugi
913 4006 1031 4082 iugiter.
1083 4004 1134 4065 sed
1162 4013 1232 4066 sunt
1257 4005 1400 4084 quaedam
1429 4024 1521 4084 quae,
1551 4021 1632 4063 conve

333 4107 437 4168 aspere
460 4097 615 4159 sonarent,
639 4091 761 4151 dimissa
783 4099 853 4152 sunt
879 4109 935 4151 nee
963 4090 998 4151 ad
1026 4090 1102 4150 bano
1123 4090 1255 4167 regulam
1277 4090 1430 4151 tractanda
1452 4098 1534 4159 sunt,
1556 4096 1607 4147 uta

334 4177 398 4234 miti
421 4175 534 4234 militer
557 4193 616 4235 non
639 4175 780 4247 dicimus,
803 4195 818 4236 a
842 4177 922 4236 tristi
946 4175 1072 4235 tristiter
1093 4193 1152 4235 non
1175 4175 1311 4236 dicimus.
1355 4174 1440 4245 talia,
1465 4194 1503 4235 ne
1517 4191 1606 4252 aspere

333 4267 486 4328 sonarent,
510 4259 705 4338 perdiderunt
727 4261 860 4322 ultimam
883 4259 1039 4340 syllabam,
1063 4266 1094 4320 ut
1117 4279 1133 4320 a
1155 4263 1288 4339 sapiente
1311 4262 1478 4338 sapienter,
1501 4277 1605 4319 nonsa-

331 4345 491 4424 pientiter,
514 4346 693 4425 aprudente
714 4345 893 4426 prudenter,
916 4364 976 4406 non
990 4344 1193 4426 prudentiter,
1209 4363 1226 4405 a
1242 4347 1404 4424 praestanti
1425 4351 1605 4426 praestanter,

403 4581 416 4632 1
443 4580 516 4633 labae
534 4580 635 4632 labaseo
654 4595 671 4639 ς
691 4583 763 4633 labeo
781 4582 882 4634 labeseo
898 4583 924 4633 F
992 4579 1162 4648 ineutralia]
1180 4580 1305 4632 naturalia
1322 4581 1347 4630 F
1414 4582 1447 4633 10
1465 4582 1537 4632 etiam
1554 4580 1603 4629 baec

331 4651 390 4700 «lum
410 4651 457 4708 Fe
528 4651 558 4701 14
573 4649 631 4718 cito]
653 4653 723 4702 eitito
741 4653 766 4702 F
815 4651 890 4719 roeo]
913 4653 996 4703 nocito
1015 4665 1033 4709 ς
1051 4661 1140 4702 uocato
1155 4652 1180 4700 F
1248 4650 1280 4702 lb
1299 4653 1441 4700 necatosF
1497 4651 1543 4700 alia
1560 4663 1602 4714 per·

332 4735 412 4785 parua
427 4723 453 4771 F
505 4721 536 4772 17
555 4721 685 4787 Cicerone]
702 4735 793 4794 corone
809 4725 835 4773 F
886 4723 1047 4774 meritorium
1063 4721 1195 4772 Patrobios
1207 4721 1426 4776 mortaisontF5
1479 4721 1512 4771 18
1524 4715 1600 4785 pauca]

333 4805 411 4854 parua
430 4791 455 4840 F
539 4793 571 4840 lt
590 4790 672 4859 docte]
696 4799 767 4842 noete
786 4793 810 4842 F
877 4794 911 4844 30
929 4789 1005 4859 qvvae]
1026 4805 1141 4856 quaeque
1160 4793 1184 4842 F
1250 4789 1282 4840 31
1298 4789 1424 4840 intellecta
1439 4791 1514 4857 plena
1527 4791 1551 4842 F

332 4860 396 4912 adeo
412 4859 474 4911 bace
495 4861 517 4909 F
533 4861 590 4912 ideo
603 4860 645 4912 bio
663 4877 679 4923 ς
748 4863 781 4913 35
797 4864 849 4914 exit
866 4865 891 4916 io
912 4879 926 4912 o
943 4863 1053 4915 admittit
1070 4862 1219 4913 adverbium
1237 4868 1265 4912 ut
1281 4875 1296 4910 3
1312 4860 1388 4924 doetp
1406 4861 1431 4912 F
