3350 5442
284 257 348 325 464
840 255 1023 320 EVTVGlllS

311 379 333 423 p.
347 370 391 412 ιιι.
405 370 428 410 ιι
445 367 466 407 1..
1379 362 1552 418 perosor.
1633 370 1634 375 ¹

285 450 424 528 gationis
469 451 571 508 ivero
598 465 687 526 quam
714 464 774 508 non
796 445 900 507 hahuit
927 465 1035 510 nemen
1062 449 1095 510 in
1117 446 1208 508 verbo
1230 447 1370 509 addentia
1392 453 1575 527 respuuntur

286 571 302 613 a
325 553 421 631 prima
447 551 655 628 coniugatione
682 557 713 610 et
740 548 776 610 ad
804 557 942 629 quartam
968 549 1144 630 plerumque
1173 550 1299 611 redeunt
1331 558 1360 610 et
1383 569 1444 611 una
1466 549 1576 629 syllaba

285 661 425 716 crescunt
446 671 461 714 a
484 654 616 730 genitivo
637 653 782 721 nominis,
812 658 844 712 ut
871 654 963 731 punio
991 653 1134 733 superbio
1161 652 1296 713 custodio
1323 653 1419 728 gestio
1447 654 1576 731 ineptia:

285 757 363 838 quod
386 757 418 816 in
440 754 541 815 verbis
563 757 677 834 primae
700 754 919 831 coniugationis
941 774 957 815 a
980 754 1153 816 nominihus
1174 755 1308 816 deductis
1330 774 1390 816 non
1411 753 1490 814 solet
1513 772 1576 813 ere-

285 861 362 920 nire.
393 875 461 918 nam
483 859 593 937 positio
615 855 714 926 verbi,
738 857 800 916 sive
823 856 974 936 quaelibet
989 876 1154 920 consonans
1168 859 1208 918 sit
1222 866 1291 918 ante
1306 876 1324 918 o
1338 860 1401 918 sire
1424 858 1435 917 i
1458 856 1594 921 vocatus
1633 862 1634 901 ἓ

287 981 303 1022 a
325 976 510 1041 quacumque
533 961 663 1020 nominis
685 959 785 1018 veniat
807 961 1033 1029 terminatione,
1057 957 1184 1039 syllabas
1206 959 1281 1021 solet
1302 961 1426 1038 genitivi
1449 960 1576 1018 nominis

286 1080 419 1132 servare,
453 1068 487 1122 ut
516 1060 600 1122 turba
630 1059 734 1121 turbae
762 1060 852 1121 turbo
880 1061 999 1132 turbae,
1034 1064 1156 1123 nuntius
1189 1063 1287 1123 nuntii
1314 1064 1418 1123 nuntio
1449 1061 1574 1128 nuntias

287 1165 370 1226 ulcus
399 1163 509 1224 ulceris
537 1162 638 1222 ulcero
668 1161 798 1233 ulceras,
834 1162 911 1242 spes'
938 1166 1001 1244 spei
1029 1183 1118 1244 spero
1145 1182 1259 1244 speras.
1308 1171 1422 1225 tantum
1456 1171 1575 1243 quartae

287 1266 496 1327 declinationis
518 1266 637 1326 nomina
660 1281 764 1342 parem
785 1267 968 1327 nominativo
990 1269 1153 1344 genitivum
1181 1265 1322 1327 habentia
1343 1268 1469 1326 vincunt
1490 1263 1575 1324 verda

288 1368 324 1431 ab
347 1367 460 1429 eisdem
476 1365 647 1426 nominibus
662 1364 794 1428 derivata
810 1375 853 1437 et,
878 1375 909 1428 ut
931 1386 951 1428 ιι
973 1387 1033 1428 nou
1048 1370 1198 1437 amittant,
1223 1375 1361 1428 crescunt
1376 1387 1437 1428 rma
1458 1365 1575 1446 syllaba,
1587 1380 1601 1414 ι·

288 1479 320 1532 ut
348 1472 352 1540 1
380 1469 487 1530 ductus
515 1467 639 1536 lluctuo,
670 1474 769 1530 aestus
797 1476 915 1539 aestuo,
944 1469 1089 1530 tumultus
1114 1469 1292 1538 tumultuor,
1323 1472 1405 1530 sinus
1435 1471 1527 1528 sinam
1551 1478 1576 1526 ιι

287 1574 416 1634 insinuo.
460 1587 617 1649 equoque
646 1575 714 1631 aute
737 1589 755 1630 o
783 1569 923 1636 habentia
946 1571 1078 1632 derivata
1100 1571 1204 1642 verba,
1233 1589 1309 1651 quae
1330 1572 1396 1632 iure
1418 1569 1577 1630 secundam

288 1674 527 1751 coniugationem
550 1678 729 1751 sequuntur,
752 1689 811 1732 una
833 1673 946 1753 syllaba
960 1676 1123 1750 genitivum
1139 1677 1268 1736 nominis
1282 1675 1418 1743 vincunt,
1444 1679 1478 1732 ut
1493 1689 1577 1748 aeger

289 1777 372 1852 aegri
404 1791 527 1852 aegreo,
559 1775 651 1834 miser
684 1775 844 1844 misereor,
879 1793 986 1836 census
1015 1794 1132 1836 censeo.
1183 1776 1344 1855 cademque
1379 1774 1568 1835 diversitas.

289 1876 489 1938 clausularum
512 1875 712 1937 differentiam
740 1878 982 1954 coniugatiouum
1004 1879 1092 1938 etiam
1123 1876 1155 1957 [a
1177 1879 1387 1939 terminatione
1409 1873 1604 1952 nominumjma
1633 1888 1634 1929 ι

290 1983 321 2042 in
343 1978 472 2040 secunda
496 1978 572 2038 solet
593 1979 692 2039 lacere
716 1979 934 2055 coniugatione,
960 1986 992 2040 ut
1014 1998 1030 2039 a
1052 1983 1173 2042 nomine
1195 1982 1345 2041 venientia
1366 1977 1474 2048 verba,
1490 1979 1578 2056 siqui·

290 2082 359 2142 dem
380 2099 439 2142 uon
462 2080 494 2140 in
517 2097 551 2140 eo
575 2079 725 2149 desinant,
750 2081 864 2158 primae
887 2083 947 2142 siut
962 2083 1194 2160 coniugatiouis,
1218 2087 1249 2144 iu
1272 2101 1308 2142 eo
1328 2098 1400 2142 vero
1414 2081 1578 2142 desinentia

290 2183 385 2245 modis
414 2181 551 2242 omnibus
579 2181 616 2242 ad
644 2180 803 2242 secundam
832 2186 1023 2262 perveniant,
1052 2191 1086 2245 ut
1115 2184 1183 2246 albo
1214 2184 1298 2246 albas
1325 2192 1356 2244 et
1381 2183 1467 2243 albeo
1490 2181 1577 2248 alles,

290 2294 323 2346 nt
338 2284 482 2363 Virgilius
497 2283 645 2344 Aeneidos
666 2281 744 2343 libro
760 2283 814 2344 llll
837 2288 1051 2366 ‘campique
1075 2288 1250 2365 ingentes
1265 2284 1419 2348 ossibus
1440 2282 1577 2344 albent
1633 2286 1634 2323 3

291 2389 383 2450 durus
399 2386 473 2448 duro
489 2386 577 2446 duras
593 2392 623 2444 et
638 2385 731 2446 dureo
743 2385 843 2456 dures,
861 2387 939 2448 unde
955 2388 1096 2459 duresco,
1113 2387 1223 2450 densus
1238 2388 1330 2449 denso
1344 2387 1453 2447 densas
1467 2394 1498 2446 et
1512 2385 1577 2445 den·
1588 2399 1605 2436 ι
1633 2408 1634 2463 ι

292 2509 342 2551 seo
366 2489 488 2558 denses;
511 2489 604 2548 miser
619 2505 736 2567 quoque
759 2490 863 2549 miseri
885 2491 1012 2551 miseror
1026 2493 1180 2553 miseraris
1194 2493 1325 2570 primae,
1348 2490 1495 2550 misereor
1516 2506 1579 2546 rem

292 2590 449 2654 secundae.
484 2593 561 2651 sicut
584 2591 614 2650 in
635 2589 702 2650 aliis
721 2608 839 2670 quoque
862 2591 961 2654 verbis
982 2595 1144 2672 primitivis
1164 2593 1244 2654 idem
1267 2593 1381 2661 evenit,
1405 2609 1480 2670 quae
1496 2592 1528 2649 in
1548 2607 1578 2648 eo

293 2693 415 2774 quidem
444 2691 611 2754 desinentia
640 2691 787 2754 secundae
810 2695 1028 2772 coniugationis
1050 2702 1133 2766 sunt,
1163 2701 1302 2755 cautem
1323 2694 1457 2754 carentia
1477 2693 1578 2752 tertiae

294 2801 378 2864 sunt,
411 2800 443 2854 ut
471 2794 573 2854 ferveo
601 2793 698 2854 ferves
726 2801 755 2854 et
782 2795 866 2855 lervo
894 2796 1001 2866 lervis,
1036 2797 1115 2857 unde
1143 2792 1285 2874 Virgilius
1317 2797 1349 2857 iu
1376 2802 1480 2856 octavo
1507 2793 1578 2853 libro
1633 2806 1634 2817 ¹

294 2895 461 2957 ‘fervere
476 2895 678 2957 Leucaten’
701 2895 792 2958 dixit:
816 2897 910 2958 strido
925 2898 1043 2968 stridis,
1059 2905 1092 2958 ut
1106 2898 1248 2976 Virgilius
1261 2898 1424 2975 georgicon
1439 2895 1517 2956 libro
1530 2895 1605 2955 dds

252 3024 259 3037 ·
295 2998 478 3060 ‘stridere
501 3017 587 3077 apes
609 3001 745 3068 utero’,
768 2998 881 3060 strideo
901 3000 1026 3069 strides,
1049 3007 1082 3059 ut
1103 3000 1241 3062 Lucanus
1261 3007 1345 3059 serto
1368 2998 1447 3058 libro

447 3098 603 3161 auribus
626 3102 811 3162 incertum
834 3101 972 3162 leralis
995 3101 1158 3164 strideat
1179 3101 1319 3163 umbra:

296 3210 381 3262 tueor·
403 3209 433 3262 ct
455 3208 536 3271 tuor,
560 3200 638 3280 qnod
660 3201 739 3281 apud
762 3200 888 3264 Statium
910 3205 942 3263 in
964 3203 1042 3264 libro
1064 3203 1104 3264 lll
1126 3203 1266 3282 legimus,

447 3303 561 3364 hosne
584 3321 650 3381 ego
672 3303 888 3382 complexus
908 3307 1091 3383 genitrix,
1114 3306 1204 3368 haec
1226 3306 1352 3366 oscula
1374 3300 1454 3365 nati

448 3413 573 3466 vestra
596 3405 697 3467 tuor?
721 3407 774 3468 sic
796 3424 858 3468 vos
881 3414 1046 3469 extremo
1068 3411 1105 3468 in
1127 3410 1206 3470 line
1229 3408 1384 3485 ligavit;
1585 3419 1602 3455 e

298 3526 334 3568 ex
357 3526 415 3587 quo
438 3508 634 3587 compositum
657 3509 746 3570 etiam
768 3508 870 3572 intuor
891 3509 971 3572 idem
993 3511 1025 3570 in
1047 3510 1150 3570 eodem
1172 3510 1251 3571 libro
1273 3510 1362 3579 dixit,

449 3612 654 3688 armigeras
677 3612 802 3672 summi
825 3610 923 3672 loris
944 3612 1142 3674 exultante
1164 3619 1320 3672 caterva

368 3913 507 3982 direptio]
528 3913 680 3980 impedioB
748 3913 901 3965 lllrabemia
917 3917 1028 3966 nominis
1046 3918 1149 3966 uincent
1166 3918 1192 3966 P
1261 3919 1365 3966 olricum
1385 3916 1537 3965 -derivata
1552 3922 1572 3960 et

298 3985 406 4048 omlis
473 3983 505 4036 10
523 3993 638 4035 crescunt
655 3985 681 4032 in
698 3985 783 4035 uerbis
801 4001 852 4035 una
870 3986 917 4048 Pf
982 3986 1014 4037 15
1039 3986 1208 4036 differentiam
1225 3988 1434 4051 coniugationum
1452 4001 1467 4035 a
1483 3984 1571 4034 nomine

301 4055 455 4106 uenientium
474 4055 551 4104 etlam
570 4056 596 4104 io
616 4055 728 4105 secunda
745 4055 810 4105 solet
828 4055 913 4106 lacere
930 4057 1110 4121 coniugatione
1128 4065 1138 4106 t
1160 4056 1328 4106 differentiam
1347 4055 1571 4122 coniugatiouume

299 4126 440 4190 (saperem.
455 4123 601 4188 auomiue)
616 4124 771 4175 uenientium
790 4127 855 4176 solet
872 4125 956 4176 facere
970 4125 995 4174 B
1064 4127 1095 4177 17
1111 4123 1171 4192 sint]
1189 4134 1248 4176 sunt
1266 4126 1322 4175 BP
1389 4124 1570 4189 reperuerunt

300 4197 356 4246 BP
407 4195 441 4247 19
462 4194 577 4246 libroXl
600 4195 669 4245 BP:
697 4196 775 4260 Verg.
796 4196 861 4249 Αειι.
881 4193 929 4244 Xll
948 4195 992 4246 311.
1016 4196 1050 4256 os.
1068 4196 1194 4249 Priscian.
1214 4197 1232 4248 l.
1248 4196 1349 4257 Vlllp.
1369 4196 1430 4255 397,
1445 4195 1461 4242 7
1505 4192 1569 4241 eain

301 4275 390 4317 octavo
406 4263 522 4330 libro]o.
541 4263 592 4316 1177
663 4265 696 4314 ’25
714 4264 827 4314 leucaten
845 4281 915 4318 corr.
933 4265 1045 4315 leoeatan
1064 4266 1090 4315 B
1159 4281 1249 4330 georg.
1269 4265 1331 4315 libro
1351 4264 1449 4333 llll]o.
1468 4262 1513 4314 5511

300 4335 334 4388 26
348 4331 430 4402 utero]
450 4339 481 4385 dt
498 4349 559 4386 uero
574 4335 600 4384 P
668 4334 789 4386 libroom.
806 4335 843 4384 P:
859 4335 957 4387 Lucan.
976 4335 1067 4386 Plora.
1083 4335 1118 4385 Vl
1136 4335 1196 4388 623,
1215 4335 1251 4397 cf.
1270 4337 1355 4386 Prisc.
1373 4338 1391 4388 l.
1412 4334 1506 4398 Vlllp,
1518 4329 1569 4389 lii,

301 4407 344 4458 24.
364 4409 383 4458 l.
405 4403 441 4454 lX
457 4422 484 4470 p.
504 4405 564 4468 479,
584 4406 626 4460 22.
645 4405 662 4454 1.
680 4401 704 4452 X
718 4421 745 4468 p.
763 4405 823 4463 521,
843 4406 858 4454 7
946 4405 980 4454 27
1000 4404 1073 4455 letali
1090 4407 1115 4456 P
1197 4406 1231 4455 28
1254 4412 1325 4454 tueor
1340 4415 1365 4455 et
1382 4402 1452 4469 tuor]
1471 4412 1494 4453 et
1510 4411 1570 4451 tueor

301 4475 360 4525 BP
422 4475 492 4542 apud
509 4475 640 4525 Statium'
634 4473 738 4525 rnlibro
756 4473 800 4541 111]
820 4491 844 4529 o.
865 4475 911 4526 151
972 4475 1083 4542 legimus
1099 4485 1125 4523 ut
1143 4475 1225 4526 hosne
1241 4489 1290 4541 ego
1306 4477 1325 4537 s
1338 4474 1447 4540 legimus
1459 4483 1484 4523 ιιι
1499 4485 1568 4519 noune
1633 4522 1634 4525 ,

303 4561 352 4612 ego
371 4560 440 4600 cerr,
460 4546 569 4611 legimus
587 4543 628 4594 uel
641 4543 721 4595 hosne
738 4559 787 4610 ego
802 4547 828 4594 B
844 4545 955 4610 legimus
974 4560 1024 4596 uon
1043 4561 1092 4611 ego
1108 4545 1147 4595 Pt
1230 4543 1266 4596 30
1280 4546 1301 4593 si
1319 4559 1383 4609 quoa
1401 4560 1467 4594 corr.
1485 4544 1517 4591 sie
1531 4553 1567 4588 uos
1633 4544 1634 4571 i

305 4617 327 4666 B
346 4615 383 4665 sic
402 4631 466 4678 quea
484 4617 528 4678 ΡΙ
542 4617 564 4666 si
579 4624 664 4680 quest
733 4623 846 4664 extrema
863 4629 932 4669 eom.
952 4629 1007 4664 -mo
1027 4615 1051 4664 B
1120 4614 1152 4667 31
1170 4617 1196 4664 in
1214 4616 1304 4664 eodem
1323 4611 1398 4680 libro]
1415 4616 1449 4664 111
1465 4613 1512 4665 333

303 4685 337 4736 32
361 4687 500 4804 ormlljgores
522 4693 532 4736 t
630 4682 756 4737 exultante
778 4694 894 4736 cateruas
916 4699 934 4742 ς
958 4685 1101 4737 exultantes
1129 4694 1243 4736 courum
1266 4685 1330 4747 Bes
1351 4685 1512 4746 saltmtesque
1533 4694 1567 4729 et·
1633 4736 1634 4739 ,

303 4764 388 4805 temes
