3350 5442
446 398 645 462 EXCERI’TA
668 397 843 462 rlurstht
865 398 1010 462 vlit—x
1308 393 1371 460 609

1175 519 1197 560 p.
1211 508 1268 548 ιιιι.
1285 505 1346 547 ιιι).

87 583 152 666 ἔχω
174 592 273 649 autem
294 592 325 647 et
345 567 407 660 ἕξῶ
422 589 502 647 circa
517 588 727 666 aspirationem
742 594 824 649 certa
847 589 962 648 ratione
985 587 1178 658 dissentiunt,
1202 589 1280 667 quia,
1303 604 1370 646 cum

87 689 133 748 las
156 696 235 748 esset
261 689 381 768 utrique
404 690 615 768 aspirationem
637 688 716 760 dari,
747 697 778 750 ut
798 685 885 751 ἕλκω
906 684 1006 769 ἕλξω,
1028 689 1103 751 hanc
1126 688 1172 771 τῶ
1193 686 1257 768 ἔχω
1279 691 1371 767 assig-

87 792 154 851 nari
183 791 344 852 necessitas
372 790 421 852 illa
449 808 507 852 non
530 809 615 870 passa
645 797 704 861 est,
733 793 802 872 quia
823 793 890 853 lieri
911 809 971 852 non
992 799 1090 871 potest
1116 798 1150 853 ut
1177 789 1233 853 ulla
1262 791 1372 852 vocalis

86 893 257 972 praeposita
284 911 303 972 χ
329 892 446 954 litterae
480 895 690 973 aspirationem
718 893 835 955 habeat.
880 894 1007 974 denique
1036 913 1075 974 v,
1109 895 1178 975 quia
1210 911 1371 972 numquam

57 997 152 1056 asine
174 996 355 1074 aspiratione
377 996 497 1076 incipit,
521 1014 681 1076 numquam
703 1015 724 1076 χ
745 997 863 1059 litterae
884 997 1089 1076 praeponitur,
1112 1014 1150 1057 ne
1172 996 1297 1058 alterius
1318 1014 1369 1057 na·

86 1105 154 1157 tura
176 1096 317 1168 violetur,
341 1105 391 1158 aut
412 1095 475 1158 τού
495 1116 529 1178 ν,
552 1100 577 1158 si
600 1100 725 1178 incipiat
746 1101 811 1160 sine
834 1099 1024 1178 aspiratione,
1048 1104 1098 1160 aut
1119 1095 1181 1159 τοῦ
1201 1117 1232 1177 χ,
1255 1100 1370 1178 siquam

86 1198 216 1259 vocalem
245 1217 312 1260 curn
340 1201 519 1278 aspiratione
547 1202 701 1261 sustineat.
745 1202 880 1263 luturum
901 1217 973 1279 ergo
993 1195 1067 1279 ἔξω,
1090 1199 1234 1262 subducta
1257 1201 1370 1279 aspira·

85 1303 168 1363 tione
190 1303 366 1362 necessitate
389 1321 408 1382 χ
429 1302 561 1372 litterae,
585 1305 726 1382 spiritum
740 1303 992 1364 vehementiorem
1005 1308 1057 1364 aut
1071 1304 1186 1382 recepit
1201 1309 1251 1363 aut
1265 1303 1370 1363 tenuit

85 1405 116 1462 in
139 1421 199 1464 non
227 1403 315 1465 nullis
342 1421 412 1464 vero
439 1403 539 1465 verbis
567 1405 597 1465 in
619 1424 656 1485 μι
678 1404 858 1467 exeuntibus
879 1406 913 1466 ht
933 1407 1048 1485 primae
1070 1402 1200 1485 syllabae
1222 1423 1282 1466 nou
1303 1422 1371 1484 per-

44 1519 71 1558 10
85 1507 226 1576 mutatio,
249 1505 302 1566 scd
324 1505 456 1576 amissio,
485 1513 517 1567 ut
539 1503 655 1588 τύθημι
676 1502 791 1589 θήσω,
815 1502 936 1588 ύίύωμι
958 1501 1067 1588 δῶσω,
1090 1505 1226 1586 κίχρημι
1247 1501 1369 1586 χρήσω.

170 1624 213 1685 lle
235 1625 385 1704 praesenti
407 1633 541 1705 tempore
564 1629 690 1706 passivo.
728 1646 814 1688 omne
837 1645 980 1707 praeseus
1002 1634 1120 1706 tempus
1142 1625 1219 1705 apud
1242 1625 1372 1687 Graecos

85 1729 117 1786 in
141 1743 167 1786 ω
190 1727 329 1788 desinens
351 1727 430 1788 modi
453 1727 604 1789 indicativi
627 1731 747 1806 generis
769 1730 857 1792 activi
873 1729 958 1790 verbi
979 1729 1195 1809 perispomeni,
1218 1729 1244 1789 si
1266 1745 1370 1788 secun·

85 1827 141 1888 dae
164 1831 380 1907 coniugationis
407 1831 460 1898 sit,
484 1829 606 1891 adhibet
627 1832 679 1892 lini
699 1850 753 1922 suo
775 1851 834 1912 μαι
857 1831 999 1912 syllabam
1021 1838 1051 1892 et
1072 1831 1144 1892 lacit
1164 1830 1201 1891 de
1223 1848 1254 1891 se
1277 1832 1371 1910 passi·

85 1949 171 2000 vum,
195 1930 263 2007 βοῶ
284 1928 431 2011 βοῶμαι,
453 1931 537 2012 τιμῶ
560 1931 716 2014 τιμῶμαιε
740 1935 766 1996 si
789 1952 859 1995 vero
880 1935 921 1995 sit
941 1935 1056 2013 primae
1078 1933 1123 1993 vel
1144 1934 1268 2002 tertiae,
1292 1949 1319 1992 ω
1340 1934 1372 1994 in

44 2043 70 2082 1⁵
84 2050 129 2092 ov
162 2039 273 2094 mutato
306 2039 336 2093 et
369 2041 490 2113 accepta
522 2034 661 2096 similiter
688 2055 747 2115 μαι
774 2037 923 2116 passivum
953 2042 1049 2105 creat,
1081 2034 1171 2112 pelei
1197 2032 1372 2114 φιλοῦμαι,

85 2131 203 2214 χρυσῶ
230 2133 428 2215 χροσούμαι.
473 2139 722 2215 permutationem
750 2146 848 2199 autem
875 2155 901 2196 ω
929 2139 962 2197 in
989 2155 1031 2197 ον
1053 2136 1090 2197 de
1112 2136 1302 2197 circumflexo
1324 2155 1371 2197 ac·

85 2243 177 2296 centu
205 2238 286 2298 nasci
314 2236 426 2297 indicio
454 2245 499 2298 est
526 2239 658 2299 luturum
683 2239 801 2318 linguae
830 2239 964 2308 doricae,
980 2238 1059 2319 quod
1081 2237 1157 2300 hanc
1179 2241 1371 2318 permutatio·

84 2356 170 2408 nem,
193 2356 260 2398 cum
283 2340 314 2398 in
335 2338 462 2400 alterum
483 2357 576 2417 genus
599 2343 721 2411 transit,
750 2340 808 2402 sibi
832 2341 975 2411 vindicat,
1004 2338 1134 2421 ποιησῶ
1155 2340 1371 2422 ποιησοῦμαι,

84 2435 172 2512 λεξῶ
194 2437 360 2521 λεξούμαι.
405 2448 435 2501 at
456 2442 486 2501 in
510 2439 660 2520 barytonis
683 2442 821 2503 omnibus
844 2461 869 2502 ω
891 2444 964 2503 ino
991 2449 1103 2504 mutato
1126 2450 1156 2502 et
1177 2443 1290 2504 adiecta
1313 2461 1372 2522 μαι
1487 2498 1491 2503 .

42 2553 70 2592 20
85 2541 235 2620 passivum
263 2543 422 2620 liguratur,
454 2537 538 2620 λέγω
567 2540 720 2624 λέγομαι,
749 2538 861 2604 τύπτω
884 2538 1064 2625 τύπτομαι,
1090 2537 1256 2625 ἡνιοχεύω
1277 2535 1372 2625 ἡνιο-

85 2634 233 2722 χεύομαι.
258 2645 299 2704 ita
321 2664 392 2723 ergo
414 2643 546 2706 breviter
568 2645 747 2725 deliniteque
770 2646 927 2707 dicendum
950 2654 1009 2707 est:
1033 2665 1119 2706 omne
1141 2664 1284 2726 praesens
1306 2665 1372 2726 pas·

84 2746 183 2806 sivum
204 2745 294 2806 habet
315 2748 346 2806 in
368 2747 550 2826 paenultima
566 2754 617 2809 aut
632 2766 658 2808 ω
673 2755 724 2809 aut
746 2766 787 2808 ov
809 2756 860 2809 aut
881 2768 917 2829 ο,
939 2747 1083 2826 τιμῶμαι
1104 2745 1268 2827 φιλοῦμαι
1289 2743 1371 2826 γρά-

85 2865 210 2926 φομαι;
233 2866 308 2927 quae
331 2848 418 2909 aliter
440 2847 613 2919 habuerint,
637 2867 673 2909 ex
696 2848 754 2910 illis
777 2850 876 2912 verbis
898 2857 976 2919 sunt,
999 2867 1126 2930 quorum
1148 2850 1244 2929 prima
1265 2851 1373 2929 positio

85 2950 117 3008 in
139 2967 176 3027 μι
197 2951 272 3019 erit,
296 2968 371 3029 quae
387 2967 504 3030 semper
525 2953 635 3031 passivi
657 2950 868 3031 paenultimam
890 2950 1011 3012 brevem
1032 2952 1161 3020 iaciunt,
1184 2956 1218 3012 ut
1238 2949 1374 3030 τίθεμαι

44 3063 70 3102 2⁵
83 3046 221 3129 ἵσταμαι
251 3047 394 3132 δίδομαι.
440 3054 512 3113 item
540 3071 575 3112 ex
610 3052 740 3114 secunda
768 3053 813 3114 vel
840 3055 928 3114 tertia
954 3053 1163 3130 coniugatione
1193 3053 1296 3114 eadem
1328 3061 1375 3114 est

83 3151 214 3212 secunda
238 3170 364 3231 persona
386 3155 510 3234 passivi,
534 3173 609 3233 quac
633 3157 721 3217 activi
744 3157 848 3226 tortia,
870 3152 950 3235 νικᾷ
964 3149 1103 3233 ἐκεῖνος,
1125 3153 1205 3237 νικᾷ
1219 3151 1275 3234 σύ,
1297 3168 1374 3217 στε-

85 3259 195 3331 φανοῖ
218 3249 363 3334 ἐκεῖνος,
394 3261 559 3334 στεφανοῖ
577 3251 631 3318 σύ.
676 3259 748 3318 item
771 3275 915 3337 praesens
937 3257 1016 3336 quod
1038 3259 1070 3318 in
1091 3276 1150 3337 μαι
1172 3255 1297 3328 desinit,
1320 3277 1374 3319 seu

84 3357 314 3434 perispomenon
341 3375 394 3416 seu
422 3356 584 3437 barytonon
608 3366 638 3419 et
659 3360 872 3438 cuiuscumque
895 3354 900 3438 l
924 3359 1142 3436 coniugationis
1169 3360 1223 3428 sit,
1253 3368 1374 3440 praeter

84 3457 136 3518 illa
165 3475 291 3536 quorum
320 3460 414 3536 prima
442 3461 552 3539 positio
579 3462 610 3520 in
637 3481 675 3540 μι
702 3463 776 3531 exit,
806 3460 967 3522 secundam
994 3478 1152 3538 personam
1180 3478 1239 3521 una
1262 3460 1373 3540 syllaba

45 3569 71 3611 ³⁰
85 3560 233 3619 minorem
255 3561 384 3638 profert,
408 3558 573 3642 λαλούμαι
595 3560 696 3643 λαλῇ,
719 3559 862 3642 τιμῶμαι
884 3559 978 3641 τιμᾷ,
1001 3559 1231 3642 στεφανοῦμαι
1253 3574 1373 3641 στεφα-

85 3665 154 3740 vot,
178 3653 317 3740 λέγομαι
339 3655 432 3743 λε’γγ,
454 3658 686 3745 θεραπεύομαι
707 3657 893 3745 θεραπεύῃ.

171 3779 213 3840 lle
238 3787 371 3860 tempore
394 3783 716 3862 minusquamperlecto
739 3782 864 3862 passivo.
894 3782 1258 3862 -minusquamperlectum
1280 3784 1373 3862 passi·

85 3899 154 3941 vum
177 3881 254 3960 apud
270 3881 398 3943 Graecos
420 3882 536 3945 duobus
557 3886 691 3946 nascitur
712 3884 818 3944 modis.
850 3891 901 3945 aut
923 3885 1002 3945 enim
1025 3901 1112 3944 omne
1133 3902 1277 3964 praesens
1299 3893 1373 3946 tem·

84 4003 141 4062 pus
164 3986 314 4062 passivum
337 3990 447 4045 mutata
470 3987 501 4046 in
524 3988 582 4046 fine
605 4005 640 4046 αι
662 3986 845 4065 diphthongo
867 3987 899 4045 in
920 4004 964 4067 ην
986 4005 1052 4046 cum
1068 3986 1237 4047 adiectione
1260 3992 1373 4066 tempo·

45 4097 70 4134 ³⁶
85 4087 130 4145 ris
151 4087 316 4147 crescentis
343 4087 374 4146 in
402 4089 498 4166 capite
526 4089 597 4148 lacit
624 4107 659 4148 ex
688 4107 719 4147 se
748 4089 1116 4166 minusquamperl'ectum,
1145 4081 1267 4168 ἄγομαι
1292 4080 1373 4169 ἦγό-

84 4205 169 4266 μην,
202 4180 367 4266 τρέψομαι
407 4184 612 4268 ἐτρεφόμηνι
656 4197 706 4250 aut
744 4190 1100 4269 minusquamperlectum
1140 4191 1267 4250 activum
1305 4197 1373 4252 ante

84 4288 221 4349 ultimam
253 4287 382 4350 litteram
415 4309 497 4351 suam
529 4293 645 4365 inserit,
668 4311 713 4370 μη
745 4298 775 4351 et
811 4293 884 4352 lacit
910 4311 946 4351 er
974 4310 1006 4351 se
1038 4292 1199 4370 passivum,
1234 4286 1375 4352 ἐποίουν

87 4382 291 4470 ἐποιούμην,
323 4387 475 4470 ἔγραφον
504 4387 710 4473 ἐγραφόμην.
755 4392 832 4473 apud
862 4392 990 4454 Graecos
1019 4393 1374 4472 minusquamperlectum

84 4492 235 4571 passivum
257 4493 402 4553 minorem
424 4492 534 4574 syllaba
557 4496 588 4554 in
611 4493 711 4555 verbis
732 4494 871 4555 omnihus
898 4495 1013 4574 prolcrt
1034 4495 1192 4556 secundam
1215 4513 1373 4575 personam

152 4745 169 4796 4
186 4743 282 4795 litterae
297 4762 315 4810 p
333 4745 417 4798 littere
435 4762 464 4797 ea
477 4749 502 4798 P
567 4747 584 4797 6
601 4749 699 4810 siquem
718 4751 826 4800 coniecit
843 4747 991 4814 Opaopoeue
1007 4749 1081 4810 siqua
1098 4749 1124 4799 P
1189 4749 1206 4799 8
1222 4749 1314 4813 recipit
1330 4756 1374 4799 aut

84 4813 167 4862 tenuit
178 4813 203 4862 P
218 4815 309 4879 recipit
325 4823 369 4864 eut
385 4816 468 4864 renuit
479 4817 587 4868 coniecit
600 4814 747 4882 Opoopoeua
760 4818 849 4883 recipit
860 4829 905 4868 aut
921 4827 1008 4868 ιειιοιιι
1019 4818 1152 4868 Fontanus
1209 4819 1240 4868 1⁵1
1251 4817 1374 4868 iudicium

85 4881 161 4931 estP
229 4883 260 4933 19
272 4893 298 4932 at
310 4883 421 4948 inpout
432 4884 496 4934 iuP
562 4885 853 4952 38mlnusperlectoP
918 4888 951 4938 39
963 4885 1061 4951 syllaba
1074 4886 1182 4937 Ζειούιιτ
1194 4885 1316 4956 syllabam
1327 4886 1363 4952 1³,
1445 4915 1451 4934 ι
