3350 5442
347 333 411 400 514
892 335 1093 400 avcvsriul

378 446 472 500 p-twd.
488 443 551 488 ΜΡ.

348 545 415 586 cunr
437 544 452 585 r
474 526 573 586 littera
589 527 755 587 enuntiare.
793 533 886 588 restat
900 524 1024 586 verbum
1046 525 1213 604 deponens,
1235 526 1315 605 quod
1336 525 1404 585 ideo
1425 525 1548 594 dicitnr,
1571 529 1637 604 qma

348 611 469 690 deponit
491 611 603 690 aliquid
626 610 662 671 de
684 612 849 691 quantitate
871 613 1036 672 communis
1051 610 1147 672 verbi.
1190 629 1259 672 nam
1280 629 1349 670 curn
1369 613 1530 690 participia
1554 620 1637 689 quat-

347 703 415 757 tuor
435 695 545 756 habeat
567 696 689 757 verbum
712 714 883 766 commune,
907 713 1048 776 praesens
1062 698 1243 761 criminans.
1265 698 1400 758 futurum
1414 698 1637 762 criminaturru,

347 783 540 862 praeteritum
563 784 751 852 criminatus,
773 783 908 842 futurum
930 801 947 842 a
968 784 1084 862 passiva
1105 782 1320 859 significatione
1340 781 1562 850 criminandus,
1586 781 1636 840 boc

348 885 407 926 non
428 866 519 926 babet
540 865 664 926 verbum
687 868 837 947 deponens
860 875 890 928 et
910 867 978 927 ideo
998 866 1108 928 dicitur
1127 866 1291 946 deponens,
1313 868 1383 946 quia
1404 866 1528 946 deponit
1549 884 1651 927 ununn

348 953 539 1031 participium
566 952 660 1012 futuri
688 954 832 1032 temporis
853 971 870 1013 a
892 951 983 1012 verbo
1004 955 1136 1032 passivo,
1160 952 1237 1031 quod
1264 953 1326 1012 exit
1353 954 1385 1012 in
1406 951 1462 1012 dus
1482 950 1634 1031 syllabam.

347 1044 380 1097 ut
406 1044 477 1116 puta
499 1039 605 1116 opinor
628 1038 673 1099 vel
696 1039 793 1098 minor
814 1037 906 1098 verba
928 1046 997 1098 sunt
1018 1037 1211 1117 deponentia:
1240 1039 1359 1098 venitur
1381 1037 1417 1098 ad
1444 1038 1636 1116 participium

347 1124 513 1201 praesentis
536 1124 693 1201 temporie,
717 1124 833 1184 etfacit
848 1124 980 1193 minans,
1003 1124 1104 1183 futuro
1118 1131 1252 1203 tempore
1266 1123 1337 1184 lacit
1352 1123 1531 1190 minaturus,
1555 1141 1635 1200 prae

347 1209 436 1268 terito
464 1208 535 1267 lacit
563 1207 705 1280 minatus;
735 1209 834 1268 futuro
863 1227 879 1268 a
907 1209 1122 1285 significatione
1150 1209 1266 1287 passiva
1287 1226 1347 1268 nou
1374 1209 1448 1268 lacit
1468 1207 1633 1266 minandm.

346 1294 390 1353 sic
411 1294 537 1390 opinans
558 1294 731 1372 opinaturus
753 1295 905 1373 opinatuS,
928 1294 1094 1372 opinandus
1115 1312 1175 1354 uon
1195 1294 1285 1363 lacit3
1306 1293 1353 1353 rel
1367 1294 1393 1352 si
1408 1292 1491 1352 dicas
1505 1294 1651 1373 ιιιιιιίιιιι

347 1377 508 1438 moriturus
530 1383 680 1444 mortuus.
709 1397 767 1439 non
790 1379 862 1440 lacit
882 1378 1069 1448 moriendus,
1096 1381 1165 1458 quia
1187 1379 1312 1438 latinum
1333 1385 1471 1438 nonest.
1518 1389 1650 1457 ergoet

346 1462 402 1522 hoc
424 1462 576 1542 deponens
597 1462 720 1523 verbum
742 1465 786 1524 sic
808 1465 905 1523 currit
930 1481 986 1543 per
1012 1464 1114 1524 modos
1135 1471 1166 1524 et
1186 1471 1319 1543 tempora
1341 1470 1372 1523 et
1392 1481 1556 1541 personas,
1585 1472 1650 1541 qno

346 1547 434 1607 modo
457 1565 545 1627 supra
575 1547 687 1608 dictum
709 1556 768 1610 est:
796 1557 830 1610 ιιι
852 1567 1007 1610 commune
1028 1548 1153 1608 verbum
1174 1566 1234 1608 non
1256 1548 1390 1627 deposita
1410 1566 1427 1607 r
1448 1548 1556 1608 littera
1577 1542 1650 1641 lati-l

347 1651 417 1692 num
440 1638 499 1702 est,
524 1633 658 1712 deposita
681 1641 780 1694 aulem
801 1633 925 1695 latinum
947 1652 1007 1694 nou
1021 1642 1081 1703 est,
1105 1636 1148 1694 sic
1164 1635 1253 1695 etiam
1270 1633 1462 1712 deponentia,
1485 1651 1561 1692 cum
1575 1644 1650 1711 per

332 1717 477 1778 'diderint
504 1735 520 1776 r
546 1718 691 1788 litteram,
719 1719 810 1780 latina
838 1737 898 1780 non
926 1726 1005 1780 sunt
1054 1718 1170 1780 subicio
1197 1721 1297 1798 itaque
1325 1736 1405 1779 nunc
1431 1736 1530 1798 pauca
1554 1717 1651 1805 ιιιιιιι

346 1804 537 1882 deponentia,
562 1811 659 1864 cetera
683 1822 753 1865 usus
775 1805 885 1865 latinus
907 1804 1036 1865 docebit.
1081 1812 1151 1865 sunt
1172 1811 1270 1865 autem
1290 1805 1385 1878 bueo,
1412 1804 1524 1881 opinor
1547 1821 1650 1863 nunu

346 1894 448 1966 grator
475 1888 606 1965 gratulor
633 1887 763 1949 arbitror
796 1891 946 1967 gratificor
978 1892 1116 1969 auspicor
1143 1891 1291 1949 misereor
1323 1890 1476 1950 lenocinor
1512 1889 1651 1959 meditor>

346 1973 442 2034 luctor
463 1990 553 2034 conor
576 1974 721 2052 sullragor
742 1993 847 2036 vescor
867 1975 961 2035 laetor
982 1977 1097 2036 morior
1118 1974 1286 2036 stomachor
1306 1977 1388 2034 orior
1402 1972 1540 2035 bariolor
1555 1993 1629 2051 argu·
1649 1972 1650 2045 l

347 2065 393 2118 tor
421 2061 556 2138 paciscor
582 2059 753 2138 conplector
774 2059 915 2120 adversor
938 2078 1031 2138 angor
1058 2079 1168 2140 queror
1191 2057 1219 2137 (a
1241 2061 1459 2138 significatione
1485 2058 1622 2137 querelae

345 2146 457 2204 macior
478 2145 640 2204 ratiocinor
662 2151 853 2222 argumentor
874 2144 1011 2205 blandior
1032 2145 1150 2206 labulor
1170 2147 1251 2204 nitor
1273 2144 1355 2206 labor
1377 2143 1405 2222 (a
1419 2145 1650 2222 significationes

344 2227 453 2310 lapsus)
478 2247 566 2306 vagor
581 2231 711 2289 rusticor
726 2231 882 2290 conti‘ouor
905 2229 950 2309 [id
967 2236 1013 2290 est
1026 2231 1062 2290 ad
1076 2231 1217 2309 populum
1232 2227 1352 2310 loquor]
1376 2229 1520 2289 moechor
1536 2232 1629 2289 iucun-

346 2314 400 2374 dor
423 2314 568 2374 vociferor
591 2317 748 2375 nanciscor
772 2313 865 2394 [quod
888 2323 934 2375 est
955 2313 1089 2395 invenio]
1114 2317 1250 2394 suspicor
1271 2323 1302 2375 et
1323 2313 1392 2375 alia.
1435 2315 1517 2374 boec
1538 2312 1650 2391 mend-l

345 2400 441 2468 neris,
464 2399 577 2460 utiam
600 2397 675 2470 dixi,
699 2417 766 2460 cum
789 2419 804 2458 r
825 2399 926 2460 littera
948 2403 1121 2460 enuntiare.
1150 2417 1219 2459 nem
1239 2417 1326 2459 uemo
1346 2399 1420 2459 dicit
1441 2398 1568 2459 blandio
1589 2407 1650 2458 aul

344 2485 473 2563 pacisco.
518 2485 561 2544 sic
583 2484 656 2545 baec
678 2487 776 2545 omnia
798 2484 984 2546 declinantur
1006 2485 1042 2546 ad
1058 2482 1061 2564 l
1080 2485 1204 2546 lormam
1227 2483 1435 2546 declinationis
1456 2483 1547 2553 verbi
1561 2502 1650 2544 com

345 2571 444 2630 munis
465 2569 543 2647 quod
566 2569 641 2640 dixi,
665 2571 818 2630 criminor
1634 2588 1650 2624 s

429 2653 632 2715 'lractavimus
654 2673 725 2732 ergo
747 2654 836 2716 verba
858 2657 968 2726 activa,
991 2674 1066 2735 quae
1087 2654 1228 2716 dicuntur
1242 2654 1279 2716 ab
1294 2654 1422 2732 agendm
1445 2657 1626 2715 tractavimus

345 2739 506 2808 neutralia,
535 2758 610 2818 quae
638 2739 706 2800 ideo
734 2740 792 2800 tale
820 2758 928 2801 nomeu
950 2743 1114 2819 accipiunt,
1144 2739 1224 2820 quod
1252 2758 1307 2813 nec
1334 2746 1426 2816 agunt
1447 2738 1563 2818 aliquid
1583 2757 1624 2797 no:
1649 2742 1650 2745 ’

246 2875 249 2886 .
344 2827 512 2904 patiuntur,
541 2832 573 2884 ιιι
601 2824 742 2894 diximus,
773 2832 818 2885 sto
845 2828 929 2886 iaceo
955 2825 1045 2886 sedeo
1072 2824 1149 2886 cubo
1171 2832 1202 2886 et
1226 2824 1300 2894 alia;
1328 2827 1524 2885 tractavimus
1551 2826 1650 2883 etiam}

345 2909 403 2970 alia
425 2909 586 2979 neutralia,
615 2913 691 2989 qdae
714 2917 803 2987 agunt
826 2910 953 2989 aliquid,
981 2910 1114 2971 sednon
1136 2913 1305 2990 patiuntur,
1328 2918 1358 2970 et
1379 2911 1466 2989 quasi
1487 2912 1623 2970 semineu-
1649 2946 1650 2951 κ

344 2992 430 3054 tralia
457 2995 614 3064 dicuntur,
645 3003 677 3055 ut
704 3001 772 3056 nato
800 3014 902 3066 curro,
932 3003 983 3057 aut
1010 2997 1164 3074 patiuntur
1191 3002 1306 3056 elnon
1334 3002 1439 3072 agunt,
1470 3001 1508 3054 ut
1534 2993 1644 3072 vapulo

344 3079 460 3158 pendeo
482 3079 556 3140 sudo
574 3081 661 3157 algeo
684 3088 786 3140 aestuo
807 3080 904 3141 sobrio
925 3082 1028 3141 ferveo
1049 3083 1164 3142 somnio
1178 3080 1305 3142 meridie
1320 3081 1404 3156 rigeo
1423 3081 1525 3157 frigeo
1541 3087 1623 3139 trunco
1649 3076 1650 3159 l

344 3163 471 3241 langueo
493 3163 558 3224 oleo
581 3171 667 3244 tepeo
689 3165 784 3226 rubeo
805 3166 907 3243 fulgeo
928 3174 1034 3246 stupeo
1056 3174 1086 3226 et
1108 3166 1175 3229 alia.
1219 3165 1319 3226 iubis
1341 3163 1500 3234 omuibus,
1525 3173 1582 3225 tam
1599 3164 1623 3221 iu
1649 3180 1650 3245 ι

345 3248 488 3328 hisquae
511 3267 697 3328 nequaquam
719 3250 833 3331 aliquid
856 3259 947 3329 agunt
961 3269 1016 3312 nec
1030 3253 1200 3331 patiuntur,
1223 3269 1312 3332 quam
1333 3252 1423 3310 etiarn
1444 3250 1475 3308 in
1499 3249 1622 3327 hisquae
1649 3254 1650 3333 l

345 3341 435 3411 agunt
457 3352 512 3394 nec
534 3336 703 3413 patiuntur,
725 3355 813 3415 quam
835 3337 868 3396 in
889 3337 937 3397 bis
958 3350 1034 3416 quae
1056 3338 1207 3417 patiuntur
1222 3335 1333 3416 aliquid
1348 3352 1404 3396 uec
1419 3342 1522 3395 tamen
1537 3339 1650 3410 agimt
1649 3356 1650 3385 ι

344 3437 504 3499 numquam
531 3419 659 3481 adicitur
681 3439 698 3480 r
719 3421 833 3481 littera:
863 3440 931 3482 nam
953 3424 1101 3501 incipiunt
1128 3439 1187 3481 non
1210 3439 1276 3481 esse
1297 3421 1399 3481 latina.
1443 3421 1643 3480 tractarimm·

344 3506 417 3564 item
438 3507 606 3565 communia
635 3512 665 3566 et
687 3507 893 3586 exposuimus,
921 3507 1001 3568 unde
1022 3509 1190 3567 communia
1212 3506 1366 3574 dicuntur,
1395 3506 1466 3604 quia
1486 3507 1620 3565 actionem
1649 3506 1650 3555 l

345 3591 375 3649 iu
398 3607 429 3649 se
452 3596 556 3650 tenent
577 3597 607 3650 et
628 3593 805 3692 passionem.
850 3595 1041 3654 tractavimus
1062 3591 1241 3672 deponentia
1263 3597 1293 3651 et
1314 3591 1521 3669 exposuimus,
1544 3605 1620 3687 quare

344 3674 522 3753 deponentia
545 3675 697 3745 dicuntur,
727 3679 796 3755 quia
818 3677 972 3756 deponunt
997 3679 1091 3739 futuri
1115 3678 1257 3756 temporis
1284 3677 1476 3756 participium
1505 3694 1522 3736 a
1543 3691 1618 3750 sum
1649 3672 1650 3729 l

344 3761 479 3820 ficatioue
501 3762 633 3839 passiva,
662 3761 740 3842 quod
763 3763 823 3822 exit
845 3764 877 3822 in
899 3762 969 3833 dus,
998 3764 1067 3842 quia
1089 3762 1263 3823 moriendus
1283 3759 1457 3838 gloriandus
1478 3744 1650 3821 blandieu

344 3843 398 3904 dus
427 3852 457 3905 ιι
484 3844 554 3914 alia,
583 3863 659 3924 quae
687 3848 812 3908 veniunt
838 3865 854 3907 a
883 3846 1102 3927 deponentibus
1127 3846 1248 3916 verbis,
1283 3865 1344 3906 non
1370 3845 1510 3906 dicimus.
1560 3859 1650 3904 mnes

344 3931 452 3990 artium
475 3932 637 4010 scriptores
659 3931 832 3992 adiecerunt
855 3931 942 3994 aliam
971 3932 1055 3993 verbi
1076 3935 1221 4012 speciem,
1250 3949 1337 4011 quam
1360 3938 1539 3991 vocaveramt
1559 3946 1617 3988 neu·

343 4016 546 4094 tropassivam.
574 4016 625 4076 sed
648 4017 704 4078 boc
727 4017 874 4078 novellum
896 4035 990 4096 genus
1011 4016 1096 4078 verbi
1111 4017 1260 4097 eupbouia
1274 4018 1401 4086 invenit,
1425 4024 1457 4076 et
1477 4017 1510 4076 in
1529 4014 1615 4094 paucis
1649 4022 1650 4083 ι

343 4106 388 4160 est
409 4099 523 4170 ιιιιιίι,
546 4108 579 4161 ιιι
600 4102 723 4178 gaudeo.
760 4105 899 4182 quoniam
921 4103 1029 4163 durum
1050 4110 1115 4164 erat
1135 4109 1170 4163 ιιι
1190 4102 1358 4163 diceremus
1379 4103 1542 4181 praeterito
1554 4090 1650 4158 tem·
1649 4152 1650 4187 3

405 4270 425 4320 .l
445 4270 557 4320 nuntiare
572 4270 618 4328 Fa
687 4273 703 4322 4
721 4271 833 4322 futurum
850 4273 1023 4323 criminandus
1040 4288 1055 4322 e
1071 4275 1178 4340 passius
1194 4271 1235 4337 sig
1218 4269 1381 4321 vnidcatione
1398 4269 1564 4321 criminandus
1579 4267 1612 4319 is
1649 4286 1650 4289 ¹

393 4338 577 4405 llpassiuiFs
620 4341 652 4392 13
665 4351 691 4391 ut
706 4357 752 4395 orn.
762 4343 808 4398 Fa
851 4343 883 4394 15
895 4358 963 4392 nunc
975 4339 1065 4410 pauca]
1083 4357 1133 4393 uon
1146 4342 1263 4408 parueF
1296 4341 1330 4393 ld
1340 4349 1399 4390 suut
1414 4347 1498 4389 autem
1510 4340 1611 4404 opmors
1649 4360 1650 4365 ¹

342 4409 460 4458 siculam
479 4409 569 4475 opinor
585 4410 612 4458 F
663 4412 695 4462 17
713 4419 799 4478 grator
815 4419 840 4462 et
855 4411 970 4479 gratulor
986 4412 1012 4461 F
1064 4414 1095 4464 le
1114 4410 1202 4478 laetor]
1224 4409 1338 4460 lezorF
1388 4410 1483 4459 morior
1499 4405 1610 4458 rumbo

342 4493 426 4528 moror
437 4480 481 4536 ἲς
517 4477 628 4529 bariolor
639 4480 708 4532 lezor
721 4481 798 4531 idest
810 4482 894 4533 colore
908 4484 1001 4548 pingor
1015 4492 1147 4548 argutors·
1182 4482 1215 4533 21
1230 4480 1370 4529 uncumdor
1382 4495 1450 4530 corr.
1464 4473 1610 4533 iucundorf,

341 4564 387 4603 om
410 4560 427 4605 ς
495 4549 530 4598 22
549 4549 616 4612 quod
634 4559 674 4602 eat
691 4551 806 4601 inuentor
824 4551 850 4602 F
915 4552 979 4602 liaeo
996 4569 1043 4607 om.
1063 4553 1109 4609 Fe
1177 4549 1211 4602 23
1227 4564 1292 4613 quee
1310 4551 1368 4600 ideo
1385 4548 1555 4602 dicuntur&

340 4619 376 4666 27
394 4616 462 4681 quod
480 4633 531 4669 non
550 4627 629 4684 agunt
646 4622 671 4672 F
738 4619 773 4672 30
796 4635 870 4671 curro
889 4631 916 4673 ut
934 4621 1062 4686 patiantur
1083 4631 1108 4670 ιι
1128 4637 1179 4672 uon
1198 4629 1276 4686 agant
1291 4621 1317 4670 F
1337 4635 1411 4670 curro
1432 4616 1482 4668 alia
1500 4627 1606 4679 queepr

341 4688 434 4737 riantur
452 4696 476 4737 et
494 4702 543 4738 uon
563 4697 674 4754 agente
726 4689 760 4741 ³2
778 4689 864 4758 tepeo]
886 4701 959 4742 teneo
975 4691 1006 4753 F,
1021 4704 1103 4749 om
1155 4693 1181 4741 in
1199 4690 1240 4740 bis
1255 4687 1384 4756 omuibus]
1401 4689 1464 4738 baec
1479 4683 1606 4738 omnian

410 4754 443 4804 35
464 4757 604 4806 adiicitur
599 4774 624 4808 ιι
643 4759 682 4810 his
701 4760 782 4810 littera
800 4776 813 4809 r
831 4775 848 4821 ς
917 4761 950 4812 37
971 4776 1050 4827 quare
1068 4761 1222 4831 deponentia
1240 4759 1299 4827 quia
1314 4760 1340 4809 F
1354 4774 1433 4827 quare
1450 4759 1559 4810 dicantur
1573 4753 1606 4801 dr

342 4826 461 4898 ponentia
480 4828 538 4890 quia
556 4839 574 4888 ς
