3350 5442
298 337 339 414 36
858 337 1034 410 cranone

324 457 494 514 amma

300 549 423 620 nepotes
452 548 482 599 et
509 545 735 616 consumptores
758 535 883 596 dicimus
906 544 936 596 et
958 534 1083 605 adfines,
1114 543 1145 594 ut
1168 535 1261 596 aciem
1283 534 1438 594 oculorum
1466 531 1595 592 dicimus

182 653 285 716 :traua
300 651 329 703 ct
351 643 498 702 exercitus
523 637 609 720 [haee
633 639 757 718 utraque
780 637 978 698 declinatione
1005 635 1188 716 flectuntur]
1224 671 1267 681 -—
1303 636 1398 698 Sunt
1425 639 1506 696 ulie
1526 654 1595 710 ‘sp—

300 761 475 820 nonpmu:
512 741 586 801 haec
614 742 760 802 contraria
789 748 859 800 sunt
885 739 1087 818 homonymis;
1116 757 1182 798 cum
1204 757 1263 799 una
1285 757 1335 804 res
1358 736 1451 799 multa
1473 739 1597 798 nomina

253 857 286 905 23
302 845 398 906 hahet.
424 877 460 889 —
484 841 759 922 Patronymiea:
784 843 840 901 ista
864 860 923 901 non
946 840 1041 901 solum
1058 859 1074 900 a
1089 840 1225 920 patribus
1241 841 1442 920 appellantur,
1460 839 1514 900 sed
1529 847 1561 898 et
1580 858 1597 898 a

298 945 442 1008 matribus
464 943 510 1004 vel
533 946 608 1014 avis,
632 951 664 1003 ut
685 941 840 1005 Aeacides:
870 943 1094 1021 patronymicon
1117 951 1176 1012 est,
1205 941 1336 1003 dumah
1359 961 1412 1002 avo
1435 940 1622 1021 perhibeo-s

300 1059 358 1111 tur.
403 1066 460 1134 quo
489 1045 578 1106 modo
605 1044 702 1106 trihus
725 1043 821 1103 modis
844 1052 952 1104 exeunt
973 1041 1151 1113 masculina,
1181 1045 1224 1104 sic
1247 1043 1343 1105 trihus
1365 1043 1461 1107 modis
1485 1053 1599 1102 exeunt

298 1153 452 1227 feminina,
491 1159 524 1208 ut
545 1146 659 1207 Peleias
681 1147 797 1208 Atreias
819 1147 957 1214 Nereias,
995 1147 1038 1206 sic
1065 1148 1136 1206 item
1158 1148 1254 1206 Atreis
1275 1144 1372 1206 Peleis
1394 1144 1514 1214 Nereis,
1555 1147 1600 1204 sic

253 1263 286 1311 26
298 1255 400 1316 Atrine
421 1251 523 1312 Paline
545 1249 670 1319 Nerine,
693 1257 726 1308 ut
747 1247 894 1325 Vergilius
917 1248 1074 1308 ‘Nerine
1097 1247 1275 1308 Galatea'.
1297 1284 1340 1292 -
1361 1248 1405 1307 Vt
1426 1245 1598 1307 Atrides:

252 1365 286 1414 28
299 1331 375 1415 trina
397 1352 514 1431 regula,
544 1362 578 1412 ut
598 1350 717 1411 Atrides
739 1352 856 1410 Atreius
877 1352 1008 1411 Atreion.
1036 1384 1078 1392 -
1100 1351 1142 1410 Vt
1165 1349 1318 1409 Nerine:
1349 1350 1452 1409 Atrine
1474 1349 1599 1416 Nerine,

298 1466 331 1518 ut
352 1447 506 1517 ‘Nerine
534 1452 718 1520 Galatea',
749 1449 801 1530 [ita
826 1461 856 1511 et
878 1449 1012 1530 Galatea]
1036 1452 1075 1508 ita
1100 1457 1129 1535 et
1151 1449 1267 1511 Nereia.
1290 1485 1332 1494 -
1355 1450 1468 1511 Ctetica
1489 1451 1599 1510 dicun·
1614 1463 1636 1500 1⁰

298 1568 346 1620 tur
370 1554 375 1640 ]
401 1575 476 1636 quae
505 1552 764 1616 coniunctionibus
786 1553 931 1632 gaudent,
960 1553 1017 1613 hoc
1045 1551 1189 1630 estquod
1213 1552 1277 1612 aliis
1299 1552 1476 1632 copulantur
1499 1555 1600 1612 nomi·

199 1660 401 1734 attanihus,
426 1661 504 1719 sicut
533 1655 666 1734 exempla
689 1654 805 1715 docent.
835 1690 870 1699 -
895 1654 1006 1715 Ctetica
1035 1653 1174 1714 dicuutur
1201 1656 1371 1733 possessiva
1400 1689 1438 1699 -
1467 1654 1600 1716 Mediam

297 1761 540 1841 significationem
564 1757 689 1828 hahent,
721 1759 789 1836 quia
813 1765 843 1816 et
865 1757 1028 1816 exercitum
1052 1773 1192 1832 magnum
1215 1755 1341 1817 dicimus
1366 1764 1395 1816 et
1416 1759 1530 1825 virum;
1555 1759 1602 1817 sic

299 1873 328 1925 et
349 1865 467 1924 fortem.
513 1878 588 1938 quae
617 1878 633 1920 a
661 1859 748 1919 nohis
777 1858 892 1919 mediae
914 1859 1139 1936 significationis
1161 1856 1317 1928 dicuntur,
1347 1858 1509 1920 aGraeois
1532 1862 1601 1938 epi-

271 1966 376 2027 ttheta
407 1971 555 2024 vocantur.
590 1996 632 2006 —
666 1962 739 2022 Cum
777 1960 903 2021 dicimus
930 1956 1098 2020 Eu'aodrius
1125 1959 1235 2029 Pallas,
1270 1963 1638 2041 patronymicum·est;¹⁵

137 2092 142 2110 ¹
181 2083 238 2142 313,
253 2069 391 2136 atensis,
421 2064 629 2145 possessivum.
663 2095 705 2108 —
739 2061 775 2122 Et
803 2081 817 2122 a
848 2073 941 2154 matre
970 2064 1010 2122 ita
1036 2062 1111 2121 liunt
1139 2063 1357 2142 patronymica,
1392 2071 1424 2123 ut
1445 2063 1601 2141 Vergilius

298 2175 352 2230 ‘et
373 2167 462 2227 lnoo
485 2165 737 2234 Melicertae’;
762 2165 818 2224 erit
841 2165 1037 2224 nominativus
1053 2163 1142 2224 lnous
1165 2163 1325 2225 Melicerta.
1356 2164 1430 2226 haec
1445 2164 1482 2226 ab
1498 2169 1601 2226 omni-

197 2271 356 2346 3‘14,4hus
381 2269 515 2349 cognatis
534 2263 657 2351 filiunt,
688 2283 744 2326 nec
772 2285 788 2326 a
811 2265 965 2326 sororibus
987 2266 1115 2343 penitus.
1138 2265 1283 2326 -Haec
1306 2269 1393 2328 etiam
1416 2266 1601 2328 adiunctiva.

297 2407 339 2418 —-
361 2370 566 2443 Qualitatis
591 2367 640 2448 [ut
655 2369 861 2446 magnanimus
875 2364 1003 2447 Aeneas]
1028 2378 1067 2428 ut
1088 2367 1220 2428 honus:
1244 2368 1368 2446 qualitas
1389 2369 1520 2430 trahitur
1542 2390 1604 2449 per

268 2489 410 2546 umores,
439 2471 586 2554 quantitas
614 2489 669 2551 per
698 2469 931 2548 magnitudinem
959 2504 1000 2515 -
1028 2469 1108 2532 Alia
1130 2471 1268 2549 gentis:
1298 2472 1377 2532 inter
1399 2471 1521 2550 gentilia
1543 2492 1640 2532 no-ao

298 2579 377 2638 mina
401 2583 430 2636 et
451 2573 654 2654 patronymica
683 2572 740 2632 hoc
767 2573 906 2632 interest:
934 2570 1055 2650 gentilia
1078 2573 1197 2631 nomina
1216 2571 1221 2648 Ι
1241 2590 1256 2632 a
1279 2574 1440 2652 provinciis
1463 2575 1603 2645 veniunt,

297 2677 499 2760 patronymica
528 2681 558 2735 et
586 2694 601 2735 a
630 2672 805 2734 civitatibus.
827 2706 881 2717 ·-
913 2673 1091 2746 Quantitatis
1119 2673 1155 2733 ad
1183 2691 1355 2735 mensuram
1382 2677 1530 2748 retertur,
1570 2687 1606 2739 ut

269 2780 433 2844 oostendat
454 2785 584 2859 quantus
607 2778 653 2837 sit.
677 2810 720 2821 -
742 2777 784 2836 Vt
805 2794 912 2837 unus:
936 2777 1055 2837 numeri
1079 2777 1198 2836 nomina
1221 2775 1258 2836 ab
1280 2795 1340 2837 uno
1363 2779 1511 2858 usquead
1532 2787 1605 2841 tres

264 2887 266 2892 '
298 2883 496 2950 declinamus;
535 2878 668 2940 atrihus
690 2893 783 2956 usque
805 2877 842 2939 ad
864 2884 984 2939 centum
1005 2894 1066 2938 non
1089 2879 1288 2950 declinamus;
1321 2890 1479 2942 acentum
1501 2900 1606 2960 usque

268 2985 332 3050 aad
355 2981 436 3043 mille
459 2983 651 3042 declinamus.
691 3014 731 3023 -
769 2979 850 3039 lnter
876 2981 1006 3059 primum
1037 2988 1066 3040 et
1093 2982 1226 3058 priorem
1253 2981 1311 3042 hoc
1333 2983 1473 3044 interest:
1511 2987 1643 3064 prims

297 3084 406 3145 dicitur
440 3081 477 3143 de
512 3081 643 3152 duobuS,
676 3083 792 3162 primus
825 3080 862 3141 de
894 3081 1009 3152 multis,
1044 3084 1122 3144 sicut
1154 3082 1229 3144 alter
1262 3093 1291 3145 et
1322 3084 1412 3154 alius:
1450 3085 1526 3147 alter
1564 3087 1605 3147 dc

268 3186 427 3256 aduohuS,
457 3184 531 3245 alius
553 3184 590 3244 de
613 3183 713 3243 multis
735 3182 851 3243 dicitur.
876 3183 981 3243 —Vt
1010 3183 1052 3244 de
1074 3185 1217 3246 duobus
1246 3184 1334 3266 [haec
1362 3186 1399 3247 ah
1421 3188 1606 3250 auctoribus

297 3295 436 3367 corrupta
469 3284 553 3367 sunt]
587 3288 750 3346 alterum
783 3285 960 3346 dicimus:
996 3293 1028 3346 ut
1062 3287 1187 3366 spondei
1221 3286 1343 3348 alteram
1376 3289 1496 3367 longam
1524 3290 1605 3352 dici-

297 3411 378 3460 mus,
408 3389 445 3450 de
474 3387 574 3450 multis
601 3389 743 3466 primam,
774 3396 805 3448 ut
827 3387 935 3466 dactyli
957 3388 1129 3467 etreliqua.
1158 3423 1200 3432 —
1227 3390 1276 3450 Ad
1303 3389 1448 3468 aliquid
1477 3391 1605 3455 dicta:

299 3492 350 3574 [ad
373 3507 532 3571 personam
554 3486 689 3569 respicit]
712 3491 791 3550 inter
805 3491 850 3552 ud
870 3488 978 3569 aliquid
1003 3499 1033 3550 et
1055 3493 1099 3551 ad
1118 3490 1227 3571 aliquid
1251 3492 1377 3569 qualiter
1400 3512 1433 3554 se
1455 3493 1606 3557 habentia
1619 3513 1644 3552 ao

296 3595 353 3655 hoe
376 3595 514 3662 interest,
542 3589 621 3670 quod
649 3593 692 3651 ud
718 3589 828 3671 aliquid
855 3593 899 3651 od
924 3609 1083 3671 personam
1112 3595 1248 3671 respicit;
1272 3593 1307 3654 ad
1331 3593 1442 3673 aliquid
1466 3598 1605 3674 qualitor

295 3715 328 3756 se
351 3694 490 3756 habentia
519 3693 554 3754 ad
583 3692 680 3754 locum
708 3694 845 3774 respicit,
870 3712 930 3754 non
959 3694 995 3754 ad
1023 3712 1184 3773 personam
1207 3693 1326 3776 [dexter
1348 3696 1501 3759 dexterior
1523 3702 1605 3762 sini-

366 3900 427 3951 Cod.
449 3899 530 3950 Bern.
551 3899 585 3948 Vl
610 3897 698 3950 2⁸3.
795 3901 902 3951 lacios
1003 3901 1163 3964 ‘lutrisque
1190 3900 1368 3952 declinationis
1456 3912 1517 3952 sunt
1547 3907 1607 3957 alia

296 3985 437 4039 synonymo
456 3985 501 4022 ortt.
586 3967 764 4034 3omonymis
851 3966 966 4033 uomina]
992 3984 1128 4035 omonyma
1213 3971 1324 4021 Alrabet
1342 3973 1459 4021 hannon
1478 3973 1568 4025 solum
1588 3993 1606 4026 a

294 4043 410 4108 patribus
427 4037 775 4105 patronymieaappellaatur
789 4039 862 4090 seda
917 4040 1058 4090 heaeades
1110 4041 1254 4106 periheatur
1307 4043 1385 4091 ‘lunt
1402 4042 1499 4107 paleiaa
1515 4048 1606 4096 atrias

365 4112 403 4162 sie
426 4112 486 4160 item
509 4109 572 4158 atris
590 4107 655 4174 pelis
673 4109 742 4158 neris
767 4109 803 4160 sie
826 4109 924 4159 atridae
940 4109 1042 4175 pelidae
1060 4111 1163 4159 neridae
1232 4111 1376 4161 Baeticae
1402 4112 1507 4178 galatea
1586 4116 1606 4166 9

298 4183 399 4232 Atreius
414 4175 529 4245 Atreiou]
550 4180 629 4228 atrius
643 4187 730 4228 atreou
784 4179 815 4230 11
830 4179 874 4228 alii
891 4180 915 4228 is
968 4179 1000 4230 13
1014 4179 1210 4243 habetquiaad
1227 4182 1365 4230 exereitum
1419 4182 1452 4233 15
1468 4185 1605 4235 euandius

343 4251 399 4302 ·16
417 4249 593 4316 possessiuam
664 4249 697 4298 17
715 4257 740 4298 et
753 4250 795 4298 ino
814 4249 945 4299 melicerte
1014 4250 1140 4313 inouaque
1164 4250 1291 4302 melicerta
1360 4252 1394 4301 22
1409 4261 1437 4302 ut
1455 4251 1607 4308 hosteudat

364 4323 399 4373 23
417 4329 445 4369 ut
459 4319 543 4370 hunus
613 4319 648 4369 ‘24
667 4333 717 4368 non
736 4319 894 4370 declinamus
910 4326 969 4383 poet
985 4328 1085 4369 eentum
1102 4331 1126 4371 et
1141 4320 1299 4370 declinamus
1314 4330 1375 4385 poet
1392 4323 1460 4372 mille
1473 4340 1523 4375 om.

295 4391 329 4442 27
348 4389 422 4456 haec]
444 4388 491 4440 hue
561 4387 595 4439 28
610 4389 718 4439 alterum
735 4406 781 4440 orn.
853 4390 888 4440 29
907 4389 960 4439 mul
977 4405 1046 4440 corr.
1062 4392 1098 4442 el.
1117 4407 1184 4441 nean.
1205 4392 1291 4441 multis
1360 4390 1395 4442 30
1414 4392 1481 4443 iuter
1494 4394 1607 4461 aliquid

296 4469 321 4512 et
340 4461 437 4525 aliquid
508 4461 608 4510 eheatia
678 4457 711 4509 31
731 4459 799 4521 quod
825 4460 921 4522 aliquid
939 4475 1074 4526 personam
1097 4461 1186 4527 recipit

368 4631 401 4682 10
418 4628 520 4698 Nerine]
546 4634 624 4698 Verp.
638 4632 718 4683 bucol.
739 4632 764 4694 7,
784 4632 816 4682 37
889 4633 920 4683 11
940 4648 1005 4696 quae
1024 4616 1244 4683 coniunctionibus
1259 4660 1293 4670 -
1307 4633 1399 4685 docent
1416 4636 1454 4685 ad
1467 4637 1606 4702 definitio·

296 4717 350 4752 nent
369 4701 530 4764 epithetorunt
549 4706 677 4763 pertinere
697 4705 813 4754 videntur
883 4700 1048 4770 170111100]
1075 4705 1152 4768 Verp.
1169 4719 1258 4769 pemp.
1281 4705 1360 4756 1457
1411 4707 1530 4768 sortasse
1551 4725 1609 4761 trec

296 4771 566 4906 2213512232sllavu21
587 4774 762 4838 patronymica
782 4776 960 4839 praenuntiem
975 4775 1075 4825 dlnisse
1098 4775 1197 4825 videtur
1219 4791 1284 4840 quae
1301 4777 1399 4842 patriae
1418 4779 1525 4828 nomina
1545 4784 1608 4832 Do-
