3350 5442
603 329 838 393 uuttduhtvh
1306 331 1370 396 309

1186 453 1207 492 p.
1220 442 1309 482 alii—'ll
1322 439 1344 480 L.

81 516 140 575 boe.
178 535 251 578 nam
273 515 460 598 hyperbaton
483 525 527 580 est
549 519 657 597 tigura;
688 538 747 580 uon
777 520 982 589 autemdicit,
1011 539 1088 600 quae
1111 528 1157 582 est
1177 520 1288 598 figura,
1317 521 1369 582 sed

79 617 255 696 generaliter
277 619 464 699 hyperbaton
486 619 544 681 tale
568 627 627 690 est,
659 629 692 680 ut
716 622 741 680 si
770 620 852 682 dicas
879 629 997 701 tropum
1026 621 1206 700 generalem.
1250 630 1322 701 puta
1344 625 1370 684 si

79 718 172 779 rideas
194 720 349 782 hominem
374 729 403 782 et
426 709 506 783 dicas
527 720 651 791 animal,
681 721 841 800 numquid,
870 725 937 800 quia
965 722 1066 784 dixisti
1087 723 1195 785 animal
1218 743 1300 794 esse,
1323 724 1368 785 id·

78 823 151 882 cireo
173 841 238 883 uon
261 831 358 901 potest
379 823 487 886 animai
516 843 581 886 esse
605 831 634 884 et
654 822 799 894 caballus,
819 812 931 916 abimal
954 841 1019 886 esse
1042 833 1072 886 et
1094 826 1210 886 asinus?
1242 843 1302 886 non
1324 826 1368 888 di-

59 925 138 984 sristi
160 943 229 984 rem
254 924 423 1005 specialem.
446 926 498 987 sed
522 944 585 986 rem
608 924 787 1004 generalem.
832 926 876 986 sic
904 927 955 1004 qui
977 925 1048 986 dicit
1070 925 1273 1006 ‘hyperbaton
1296 931 1366 988 est’.

78 1045 138 1086 nam
162 1015 352 1106 hyperbaton
380 1025 470 1088 habet
497 1029 611 1108 species
639 1027 795 1108 plurimas,
826 1036 855 1088 et
882 1026 935 1088 has
961 1029 1077 1107 speeies
1104 1027 1248 1090 debemus
1269 1033 1368 1109 potius

77 1130 163 1198 seire,
187 1137 225 1214 ut
245 1130 488 1208 significationem
511 1129 651 1190 dicamus.
696 1128 768 1190 dicit
790 1145 847 1206 quo
870 1129 967 1191 modo.
1001 1139 1046 1190 est
1072 1148 1131 1191 una
1156 1132 1271 1211 species
1293 1150 1367 1210 quae

76 1231 111 1290 ita
132 1230 254 1300 dieitur,
277 1231 476 1312 hysterologia
507 1230 551 1292 vel
579 1232 852 1312 hysteroproteron.
879 1228 885 1313 Ι
909 1232 1046 1313 quotiens
1070 1232 1127 1293 hoc
1153 1231 1261 1296 habeti
1294 1253 1366 1315 quo-

77 1334 280 1411 tienscumque
304 1341 333 1393 et
354 1332 444 1394 verba
468 1341 497 1394 et
518 1351 624 1394 seusus
648 1339 808 1402 mutentur,
832 1339 903 1393 tunc
918 1341 962 1394 est
976 1333 1033 1394 hoc
1055 1332 1297 1413 intellegendum.
1336 1345 1368 1398 ut

49 1443 141 1514 uputa
164 1433 362 1514 protulerunt,
387 1437 435 1504 ait,
458 1435 604 1506 triticum;
628 1436 735 1515 primo,
760 1436 814 1509 ait,
839 1442 955 1496 torrere
978 1444 1153 1515 coeperunt,

225 1545 262 1596 et
283 1545 431 1600 torrere
453 1546 586 1618 parant
607 1537 768 1598 flammis
790 1545 825 1597 et
846 1537 1026 1615 frangere
1047 1555 1149 1599 saxo:

78 1656 141 1699 ecee
168 1639 255 1718 prius
282 1638 356 1699 dixit
376 1636 511 1720 Jeoquere
539 1658 661 1719 panem,
689 1645 790 1718 postea
818 1637 992 1700 molendare
1020 1640 1159 1701 triticum.
1204 1641 1261 1703 hoe
1282 1642 1364 1714 dicit,

78 1740 271 1820 hysterologia
295 1747 353 1812 est,
382 1739 499 1819 quaudo
529 1748 558 1802 et
585 1739 673 1802 verba
703 1748 814 1801 mutata
843 1751 913 1802 suot
935 1749 965 1802 et
986 1759 1092 1802 sensns
1112 1750 1251 1804 mutatur.
1295 1753 1365 1825 puta

79 1843 229 1920 proferunt
251 1844 387 1905 canishis
409 1861 516 1922 panem
540 1842 748 1922 ‘tonsisque
771 1844 902 1905 lerunt
923 1842 1100 1904 mantelia
1124 1843 1257 1906 villis':
1281 1849 1365 1926 prius

52 1959 70 1998 15
80 1952 120 2004 est
147 1955 180 2006 ut
200 1945 336 2006 adierant
356 1945 510 2014 mantelia,
534 1953 637 2024 postea
660 1962 782 2024 panem;
808 1963 878 2004 ecce
900 1943 1046 2004 hocloco
1069 1951 1099 2004 et
1115 1963 1221 2007 seusus
1234 1955 1365 2010 mutatus

81 2056 118 2106 est
139 2055 168 2108 et
189 2046 263 2108 ordo
287 2046 454 2109 verborum.
485 2063 557 2125 ergo
580 2047 687 2108 dicitur
710 2044 908 2126 hysterologia
931 2045 1004 2107 baec
1026 2047 1150 2126 species.
1186 2049 1365 2130 anastrophe

81 2157 171 2210 autern
185 2149 303 2220 dicitur,
321 2150 586 2228 quotienscumque
601 2148 690 2209 verba
707 2156 819 2210 tautum
834 2155 1001 2219 mumutur,
1017 2166 1121 2210 seusus
1135 2157 1234 2211 autem
1249 2153 1365 2231 integer

82 2259 239 2328 permanet,
257 2260 290 2312 ut
303 2253 329 2314 si
344 2251 424 2312 dicas
439 2251 625 2312 ‘transtra
641 2269 706 2329 per
728 2256 762 2311 et
777 2255 929 2311 remos':
953 2251 1013 2312 sire
1029 2250 1109 2312 dicas
1123 2270 1178 2331 per
1192 2260 1321 2314 transtra
1336 2261 1366 2314 et

82 2370 175 2428 remor,
198 2357 260 2414 sim
281 2355 367 2415 dicus
388 2361 523 2414 transtra
550 2371 605 2433 per
634 2360 664 2412 et
685 2370 798 2423 remos,
823 2352 902 2414 idem
925 2370 1029 2413 sensns
1052 2362 1110 2423 est,
1139 2360 1251 2415 tantum
1274 2356 1363 2416 modo

55 2475 74 2508 s·
84 2455 162 2516 rerba
183 2463 295 2516 mutata
318 2465 404 2517 sunt:
433 2463 467 2516 ut
489 2454 519 2515 ‘l
528 2453 651 2515 taliam
681 2456 844 2525 contra',
873 2453 930 2515 hoc
952 2463 998 2515 est
1019 2463 1123 2515 contra
1145 2454 1267 2516 ltaliam.
1312 2476 1364 2537 pa-

83 2558 217 2620 renthesis
246 2565 291 2618 est
324 2558 509 2637 interpositio
544 2555 652 2617 divisae
680 2558 862 2618 sententiae:
897 2563 970 2635 puta
998 2557 1186 2627 ‘Aeneas',
1221 2565 1251 2617 et
1270 2559 1363 2620 inter-

83 2662 156 2736 ponit
182 2664 321 2738 ‘neque
350 2660 444 2720 enim
472 2659 617 2738 patrius
645 2660 860 2720 consistere
887 2664 1045 2718 mentem
1072 2676 1206 2737 passus
1233 2666 1362 2722 amor’.

84 2762 174 2831 {ordo
196 2768 255 2832 est,
285 2764 397 2824 deneas
425 2760 562 2841 rapidum
590 2760 626 2821 ad
655 2777 743 2822 naves
771 2759 936 2840 praemittit
956 2758 1102 2827 Achaten,
1136 2767 1165 2820 et
1187 2760 1364 2841 interposuit

84 2866 262 2936 senteutiam,
286 2867 395 2941 ‘neque
419 2864 497 2924 enim
520 2863 633 2942 patrius
656 2864 818 2923 consistere
841 2868 970 2923 mentem
993 2879 1098 2940 passus
1119 2869 1227 2923 amor!
1258 2869 1362 2926 ‘tunc

55 2968 227 3035 usucios’,
252 2973 282 3026 et
297 2965 459 3044 interponit
479 2967 654 3045 ‘namque
677 2965 794 3025 omnis
818 2982 896 3026 eum
919 2965 1057 3043 stipata
1080 2964 1230 3043 tegebat
1251 2966 1362 3028 turba

22 3074 23 3150 t
84 3064 228 3128 dueum'.
273 3065 460 3147 parenthesis
488 3065 596 3127 dieitur
628 3069 684 3127 iste
712 3073 815 3147 tropus
839 3064 995 3147 [ridiculus
1017 3064 1085 3146 est].
1131 3067 1233 3128 tmesis
1254 3067 1362 3130 dieitur

82 3171 162 3230 sectio
191 3170 278 3230 unius
305 3167 397 3230 verbi.
441 3171 479 3229 lit
506 3170 614 3239 sectio,
642 3167 760 3248 quando
790 3175 840 3228 aut
866 3185 959 3229 unum
992 3165 1115 3229 verbum
1145 3164 1362 3250 interponimus

23 3259 24 3271 ¹
82 3277 125 3330 aut
145 3289 231 3332 unam
254 3269 412 3349 syllabam,
442 3279 492 3332 aut
519 3269 697 3351 plerumque
725 3287 845 3332 sensum
867 3270 1098 3349 interponimus,
1128 3273 1179 3350 qui
1201 3291 1308 3334 sensus
1329 3275 1362 3334 lit

21 3326 25 3427 1
82 3371 112 3432 de
132 3371 263 3452 plurimis
284 3370 399 3440 verbis;
428 3379 500 3452 pute
523 3390 614 3434 unum
637 3372 761 3434 verbum
784 3380 815 3433 ut
836 3371 927 3433 dicas.
969 3372 1025 3434 luit
1053 3373 1215 3452 imperator
1242 3374 1361 3454 qnidam

22 3456 24 3567 l
55 3472 269 3552 :oEliogabalum
293 3475 383 3536 sisic
405 3483 540 3553 poneret,
564 3493 624 3536 nou
647 3483 763 3554 poterat
785 3481 865 3535 stare
886 3491 1003 3542 versus;
1033 3472 1085 3534 sed
1107 3476 1270 3536 sectionem
1292 3477 1362 3538 lecit

21 3570 25 3661 l
82 3585 107 3636 et
123 3576 298 3657 interposuit
324 3593 406 3650 nam,
437 3575 493 3636 elio
523 3595 590 3637 nam
619 3576 740 3656 gabalus
768 3575 961 3657 [interposuit
987 3594 1073 3645 uam,
1103 3577 1204 3637 tmesis
1227 3576 1360 3659 dicitur].

82 3677 161 3740 habes
192 3677 270 3758 apud
298 3677 460 3756 Vergilium
489 3680 650 3758 ‘septem
685 3678 855 3740 subiecta
888 3678 1042 3748 trioni’,
1075 3677 1132 3738 hoc
1166 3685 1211 3738 est
1244 3686 1359 3759 septem

83 3781 168 3849 trioni,
192 3779 371 3860 interposuit
392 3777 533 3842 subiecta.
579 3797 649 3858 ergo
671 3780 773 3841 tmesis
795 3781 827 3840 lit
849 3786 900 3842 aut
921 3798 976 3860 per
1000 3797 1088 3840 unam
1116 3778 1258 3861 'syllabam
1280 3799 1359 3852 nam,

111 3919 123 3922 -
134 3917 368 3924 ——-.-—-.-—-.—.

140 3983 329 4051 lhyperbetou
356 3991 381 4033 et
399 3983 480 4050 ligure
502 3981 552 4033 BS
569 3983 709 4047 yperbutou
726 3983 808 4050 ligura
831 3993 869 4034 est
886 3985 911 4033 P
993 3983 1037 4034 sed
1056 3998 1102 4037 our.
1121 3985 1146 4033 P
1232 3987 1294 4034 2ut
1311 4003 1357 4042 our,

81 4055 175 4106 BCSP
243 4055 360 4116 beiqnis
379 4054 440 4103 dicit
459 4053 597 4118 yperhaton
615 4055 693 4103 estP
761 4056 828 4105 'lut
848 4052 1061 4121 significationem
1078 4053 1234 4119 (generalem
1253 4057 1315 4106 add.
1333 4063 1359 4119 c]

82 4127 182 4174 dieamus
199 4123 261 4175 dicit
275 4123 295 4174 G
311 4133 339 4174 ut
359 4123 570 4189 significationem
585 4123 675 4174 dieitb
694 4133 721 4172 ut
738 4125 952 4191 signihoutionem
969 4123 1114 4189 generalem
1135 4123 1195 4174 dicit
1213 4125 1292 4175 BSP

82 4210 136 4257 quae
158 4196 191 4244 ita
217 4195 309 4244 dicitur
327 4209 373 4243 om.
389 4194 417 4256 0,
433 4201 561 4256 expuncta
577 4202 635 4244 eunt
650 4191 718 4244 irtB
803 4195 834 4245 ll
856 4203 881 4244 et
897 4191 1001 4259 torrere]
1028 4195 1106 4258 Verg.
1123 4195 1188 4243 Aen.
1211 4196 1290 4247 1179

85 4265 108 4314 12
124 4265 168 4314 boo
186 4265 290 4315 dixitG
358 4263 391 4314 14
409 4260 551 4329 tonsisque]
575 4264 653 4330 Verg.
671 4263 833 4315 Amttoe
886 4262 1064 4313 manteliaPe
1082 4262 1196 4314 mantilia
1214 4263 1292 4315 BCS

84 4335 108 4384 15
125 4334 239 4385 mantelia
257 4333 505 4386 PmautilieBGS
590 4333 624 4385 18
643 4331 763 4400 transtro]
789 4335 867 4400 Verg.
885 4333 951 4384 Aen.
972 4333 996 4381 V
1013 4332 1065 4383 663
1151 4333 1207 4383 siue
1225 4335 1295 4384 dicos
1313 4350 1359 4400 per

82 4415 177 4454 transtra
195 4420 240 4471 per
259 4413 283 4453 et
302 4401 340 4468 (et
355 4420 401 4469 per
420 4401 483 4467 Bc)
502 4417 586 4454 remos
605 4405 672 4456 idem
690 4403 769 4454 Bes
854 4404 889 4454 20
910 4401 1018 4467 ltaliam]
1042 4405 1121 4468 Verg.
1141 4403 1205 4454 Aen.
1228 4405 1236 4453 1
1257 4404 1289 4456 13

82 4475 107 4524 21
123 4471 230 4541 Aeneas]
256 4475 335 4540 Verg.
355 4473 517 4528 Aonides
604 4483 628 4524 et
647 4475 791 4539 interponat
806 4472 884 4526 Bes
901 4483 926 4522 et
942 4475 1089 4538 interponas
1106 4475 1130 4522 P
1215 4476 1250 4524 22
1267 4489 1357 4540 pessus

84 4557 142 4592 aroor
158 4545 208 4593 SP
223 4559 317 4611 passus
331 4552 370 4594 est
388 4560 459 4595 amor
475 4552 581 4608 camoque
595 4545 716 4596 lceoBG
766 4547 801 4595 24
819 4541 889 4608 tunc]
914 4544 994 4606 Verp.
1012 4543 1125 4594 Amin
1142 4545 1175 4595 12
1244 4546 1279 4597 211
1298 4544 1358 4593 ridi-

84 4613 145 4663 culus
167 4622 204 4664 est
221 4613 271 4665 SP
293 4615 447 4668 ridiculosus
470 4622 508 4665 est
525 4615 570 4664 Be
596 4624 621 4665 et
639 4615 791 4665 ridiculosus
811 4614 889 4664 estO
969 4614 1004 4664 28
1026 4624 1069 4662 aut
1088 4613 1235 4678 plemmqne
1253 4629 1358 4665 sensum

85 4682 253 4748 interponimus
280 4691 307 4733 ut
325 4693 386 4750 puta
404 4685 459 4752 syll'
478 4699 554 4734 unam
574 4687 596 4735 si
614 4685 685 4736 diues
704 4685 751 4734 init
775 4685 877 4750 qnidam
896 4683 1115 4748 ellonemgabelus
1133 4685 1156 4734 si
1174 4684 1248 4734 aliter
1262 4699 1358 4749 ponere

87 4765 126 4800 tion
142 4763 235 4817 poterat
250 4763 317 4804 stare
335 4769 425 4805 uersus
446 4757 468 4806 P
537 4757 579 4818 qni
597 4770 700 4806 sensum
718 4756 740 4804 si
762 4756 794 4806 de
812 4753 832 4804 S
850 4770 924 4818 quem
942 4768 1045 4803 sensum
1065 4755 1089 4803 si
1104 4754 1135 4804 de
1147 4753 1200 4804 BG
1267 4753 1299 4805 31
1319 4755 1357 4804 iu-

89 4826 194 4887 terposuit
211 4839 266 4875 uam
284 4828 428 4889 posteriore
445 4827 498 4876 loco
513 4840 559 4879 om.
574 4825 607 4888 B,
624 4825 716 4876 add.b
786 4824 820 4875 32
839 4820 949 4890 septem]
973 4825 1051 4891 Verg.
1064 4839 1153 4891 georg.
1175 4824 1208 4873 ill
1227 4824 1277 4876 381
