3350 5442
612 319 759 421 'ius
1306 356 1369 421 345

1178 478 1199 519 p.
1213 466 1270 508 1025.
1283 468 1309 507 tu
1322 466 1345 507 P.

166 546 241 607 illud
268 545 504 605 animadvertere
531 545 688 615 debemus,
717 545 809 625 quod,
840 564 907 606 cunr
935 546 1077 625 pleraque
1105 547 1371 623 nominapalterius

80 650 204 726 generis
224 650 284 707 rim
305 645 448 716 habeant,
472 664 545 706 sono
566 656 665 707 tamen
688 647 745 707 alia
766 664 878 725 genera
900 646 1048 729 videntur
1069 651 1192 709 imitari.
1229 656 1274 708 est
1289 650 1369 709 enim
1382 660 1441 723 375,
1455 659 1488 707 24

81 770 154 811 sono
176 749 387 819 masculinum,
416 748 569 809 intellectu
597 750 789 819 femininum,
818 756 852 809 ut
879 749 1039 811 Eunuchus
1061 751 1227 819 comoedia,
1252 750 1372 811 Orestes

80 853 245 931 tragoedia.
273 859 318 911 est
339 854 410 911 item
433 870 507 912 sono
528 850 720 921 femininum,
744 850 899 911 intellectu
922 851 1126 921 masculinum,
1150 859 1183 911 ut
1205 852 1371 913 Fenestella

58 959 229 1035 tscriptor,
252 954 356 1033 Aquila
378 961 492 1023 orator,
516 951 655 1022 Catilina,
679 952 831 1029 Iugurtha.
877 959 922 1013 est
943 955 1033 1013 etiam
1056 972 1127 1013 sono
1148 961 1301 1024 neutrum,
1326 957 1371 1014 in·

80 1057 203 1117 tellectu
219 1058 406 1125 femininum,
422 1062 456 1115 ut
470 1054 640 1133 Glycerium
654 1053 850 1115 Phronesium
866 1054 1081 1133 Sophronium;
1094 1055 1144 1115 sed
1160 1054 1233 1115 haee
1249 1073 1372 1133 graecae

81 1159 309 1219 consuetudinis
331 1164 409 1218 sunt.
455 1165 500 1217 est
521 1156 652 1216 vicissim
675 1174 747 1215 sono
769 1157 964 1227 femininum,
989 1155 1141 1215 intellectu
1163 1164 1316 1227 neutrum,
1340 1164 1373 1217 ut

82 1269 233 1332 toreuma;
257 1279 328 1321 sono
350 1258 561 1328 masculinum,
591 1256 744 1318 intellectu
766 1265 920 1327 neutrum,
944 1264 978 1318 ut
999 1256 1120 1336 pelagus
1148 1258 1261 1335 vulgus.
1305 1277 1373 1319 nam

83 1364 252 1423 conversim
274 1380 346 1421 sono
368 1368 507 1421 neutrum
530 1368 561 1420 et
582 1360 737 1421 intellectu
758 1360 954 1420 masculinum
977 1359 1090 1420 nullum
1111 1362 1273 1421 invenitur.

51 1479 71 1515 ¹0
168 1465 266 1526 Etiam
288 1463 361 1523 illud
384 1463 677 1523 animadvertendum
699 1468 745 1521 est
766 1461 869 1531 nobis,
893 1461 971 1541 quod
995 1462 1135 1541 pleraque
1158 1464 1277 1523 nomina
1301 1464 1372 1524 alte·
1385 1474 1418 1523 29

82 1568 147 1627 rius
169 1566 290 1645 generis
311 1571 380 1625 sunt
402 1566 433 1624 in
457 1565 599 1642 singulari
623 1582 747 1625 numero
769 1571 799 1623 et
821 1563 943 1623 alterius
965 1565 997 1623 in
1019 1563 1137 1643 plurali.
1180 1583 1248 1624 uam
1271 1568 1372 1643 singu-

82 1668 189 1728 lariter
211 1667 267 1728 boc
289 1666 441 1737 balneum,
466 1667 621 1745 pluraliter
642 1666 698 1726 bae
721 1664 844 1726 balneae
866 1666 954 1735 lacit;
986 1665 1178 1743 singulariter
1199 1666 1248 1726 hic
1271 1666 1374 1727 Tarta·

82 1789 150 1841 rus,
178 1768 335 1849 pluraliter
363 1768 436 1829 baec
464 1768 589 1831 Tartara
617 1768 703 1837 lacit;
737 1770 809 1827 item
831 1766 969 1827 similiter
991 1767 1104 1827 caelum
1133 1768 1222 1839 caeli,
1252 1787 1375 1848 caepum
1448 1822 1452 1827 .

82 1889 210 1951 caepae,
238 1888 362 1951 porrum
389 1872 487 1951 porri,
517 1871 599 1931 iocus
627 1872 708 1939 ioca,
743 1871 826 1931 locus
861 1869 941 1940 loca,
974 1870 1072 1930 lorum
1104 1871 1172 1930 lori.
1216 1878 1315 1950 potest
1346 1878 1377 1930 et

51 1974 159 2035 1⁵baec
188 1967 315 2034 varietas
342 1972 475 2041 admitti,
505 1978 537 2031 ut
569 1972 744 2052 plerumque
772 1974 804 2031 in
833 1990 891 2032 uuo
919 1979 1007 2051 utque
1035 1972 1139 2032 eodem
1169 1991 1294 2033 numero
1321 1990 1375 2053 per

84 2075 227 2155 quosdam
250 2092 337 2135 casus
359 2073 517 2135 diversitas
531 2090 675 2150 generum
695 2075 824 2134 inveniri
846 2092 932 2153 posse
956 2075 1089 2145 dicatur,
1114 2081 1147 2134 ut
1166 2058 1237 2135 ecce
1260 2074 1374 2152 vulgus.

85 2178 126 2237 ait
147 2179 230 2237 enirn
244 2171 387 2254 Virgilius
407 2179 466 2245 sic,
490 2174 678 2252 ‘ignobile
700 2176 860 2253 vulgus’,
884 2175 962 2255 quod
979 2184 1024 2235 est
1039 2178 1137 2237 neutri
1159 2179 1375 2247 nomInatirus;

85 2286 114 2339 et
142 2278 222 2340 idem
249 2295 355 2338 rursus
381 2278 458 2338 dixit
484 2285 515 2337 et
542 2278 742 2356 ‘spargere
770 2296 880 2337 voces
908 2279 944 2337 in
973 2278 1118 2355 vulgum
1145 2278 1373 2357 ambiguas',

86 2379 163 2459 quod
192 2388 237 2440 est
265 2381 451 2441 accusativus
477 2398 564 2439 casus
594 2382 715 2457 generis
737 2379 902 2440 masculini.
947 2380 1044 2441 simile
1067 2388 1112 2440 est
1134 2380 1258 2441 fundus:
1288 2380 1374 2440 Luci-

51 2482 144 2543 ²⁰lius
166 2482 239 2542 dicit

238 2586 403 2645 vertitur
425 2585 620 2646 oenoloris
643 2584 794 2655 fundus,
818 2587 1008 2645 sententia
1031 2583 1152 2655 nobis;

87 2694 116 2746 et
137 2694 242 2748 contra
263 2687 403 2747 Lucanus
425 2689 625 2747 accusativum
646 2686 812 2747 masculino
834 2686 928 2758 dixit,

238 2764 394 2849 decidat
415 2790 453 2848 in
476 2788 633 2848 tundunt
655 2791 811 2867 penitus
833 2791 1049 2867 stagnantis
1070 2788 1217 2849 Averni.

170 2890 245 2951 lllud
261 2908 378 2970 quoque
394 2890 688 2951 animadvertendum
703 2896 763 2959 est,
779 2891 859 2969 quod
873 2890 1014 2970 pleraque
1030 2892 1148 2951 nomina
1164 2892 1272 2951 incerti
1287 2907 1376 2968 gene-
1389 2903 1420 2953 31

54 3006 77 3043 2⁵
90 2993 131 3051 ris
153 2994 357 3052 inveniuntur.
401 3010 468 3051 nam
490 2993 570 3051 inter
592 2992 788 3053 masculinum
811 3001 841 3053 et
862 2994 1039 3053 femininum
1062 3000 1130 3053 sunt
1151 2993 1224 3053 llaec
1247 2995 1375 3064 nomina,

89 3102 189 3155 cortex
217 3094 291 3155 silex
318 3094 387 3154 tlnis
408 3096 500 3174 stirps
520 3094 610 3173 pinus
631 3094 710 3154 dies:
739 3101 866 3174 utroque
889 3096 968 3155 onim
991 3104 1100 3172 genere
1122 3095 1197 3155 lecta
1221 3097 1377 3156 inveniun-

92 3203 154 3265 tur,
186 3197 321 3275 quamris
352 3198 384 3256 iu
415 3195 593 3275 quibusdam
626 3203 707 3256 certa
740 3197 908 3257 observatio
943 3199 996 3267 sit,
1031 3205 1065 3258 ut
1097 3198 1239 3258 alterutro
1267 3216 1376 3275 genere

91 3300 291 3357 enuntientur.
327 3316 396 3357 nam
419 3301 542 3377 stirpem
565 3317 632 3358 cum
656 3300 692 3359 de
714 3316 825 3377 genere
848 3299 988 3369 dicimus,
1012 3300 1156 3360 feminino
1178 3301 1376 3369 enuntiamus,

90 3407 122 3458 ut
142 3398 232 3459 ‘lieu
255 3402 415 3478 stirpem
437 3401 629 3471 invisam';
653 3402 777 3481 stirpem
799 3400 917 3461 arboris
939 3402 1116 3471 masculino,
1139 3408 1172 3462 ut

54 3516 79 3553 ³0
239 3501 303 3561 sed
327 3504 486 3581 stirpem
509 3501 647 3562 'leucri
671 3503 773 3563 nullo
795 3504 1022 3563 discrimine
1045 3521 1197 3563 sacrum.

92 3604 160 3662 item
182 3604 292 3663 incerti
315 3605 435 3680 generis
457 3611 526 3663 sunt
548 3606 627 3664 inter
649 3604 843 3665 masculinum
866 3612 896 3664 et
918 3612 1068 3675 neutrum,
1092 3612 1124 3664 ut
1145 3605 1250 3682 vulgus
1272 3624 1378 3685 specus

174 3736 343 3873 d‘gl—iwi—um
367 3806 506 3857 ironesium
527 3807 668 3857 soirouirnn
685 3808 711 3857 B
732 3808 869 3873 gligerium
893 3807 1002 3857 iconium
1022 3808 1173 3857 sulit-onium
1195 3809 1216 3857 L
1242 3808 1377 3874 gligerium

94 3877 229 3927 [moestum
247 3876 282 3925 M
349 3880 422 3928 'lest
440 3879 507 3927 enim
525 3879 637 3928 uicissim
658 3878 712 3927 BL
730 3887 769 3927 est
784 3878 859 3925 etiam
880 3878 991 3928 uicissim
1011 3878 1159 3928 Putsebius:
1179 3883 1218 3927 est
1236 3892 1299 3928 sono
1314 3879 1379 3928 senti

95 3948 216 3996 intellectu
235 3956 352 3996 neutrum
372 3957 398 3994 ut
415 3948 509 4011 dogma
529 3958 568 3996 est
589 3948 702 3997 uicissim
727 3961 790 3996 sono
810 3949 880 3995 maso
898 3949 932 3997 M
999 3948 1164 3998 Stlroreuma
1182 3946 1207 3995 B
1222 3954 1335 4013 toregma
1354 3950 1378 3997 L

158 4018 189 4067 11
207 4017 303 4082 singul.
323 4016 465 4082 (singulare
480 4018 525 4081 M)
541 4026 568 4067 ut
582 4017 630 4066 hoc
645 4018 761 4067 balneum
774 4016 839 4066 BM
843 4016 867 4064 L
938 4016 969 4069 13
987 4018 1083 4067 caelum
1096 4031 1189 4082 eoepae
1205 4030 1306 4080 porrum
1324 4019 1379 4067 ioca

96 4084 212 4135 rocetos
232 4084 267 4134 M
352 4100 457 4153 eoepum
476 4103 570 4152 coeptae
587 4088 642 4137 BL
730 4086 762 4137 17
784 4087 820 4136 ait
842 4086 908 4136 euim
928 4088 1047 4154 uirgilius
1071 4089 1108 4136 sic
1125 4098 1151 4135 ut
1169 4086 1281 4151 ignobile
1299 4088 1325 4137 B
1343 4088 1379 4137 ait

97 4156 158 4204 enim
178 4156 292 4223 ignobile
310 4156 341 4207 M
359 4168 403 4206 tut
417 4158 531 4222 ignobile
550 4158 589 4207 1..-
613 4159 691 4222 Verp.
712 4158 777 4210 Aen,
798 4158 808 4205 1
828 4156 879 4207 lto
931 4158 997 4220 quod
1013 4158 1092 4209 neutri
1112 4165 1151 4206 est
1170 4156 1290 4206 nominat.
1311 4157 1377 4206 idem

97 4240 178 4277 rursus
196 4226 264 4276 dixit
282 4233 308 4275 et
324 4242 446 4293 spargere
464 4228 490 4277 B
507 4228 574 4290 quod
589 4235 627 4277 est
645 4235 761 4277 neutrum
781 4227 939 4277 nominatiuo
956 4235 983 4277 ¹et
1000 4227 1065 4276 idem
1083 4240 1170 4275 rursus
1188 4226 1253 4275 dixit
1271 4236 1295 4275 et
1306 4240 1379 4292 spar-

97 4310 151 4360 gere
169 4296 201 4348 M
219 4296 287 4360 quod
305 4298 388 4347 neutri
407 4306 447 4347 est
465 4298 637 4347 nominatione
653 4307 678 4346 et
692 4298 759 4346 idem
778 4311 867 4345 rursus
888 4296 954 4346 dixit
971 4304 996 4345 et
1013 4312 1133 4363 spergere
1152 4295 1189 4344 L:
1213 4296 1292 4361 Verg.
1314 4297 1379 4346 Aen.

97 4365 164 4417 nes
216 4366 250 4417 tu
265 4364 387 4433 Lucilius]
405 4368 539 4417 satirarum
553 4366 617 4415 libro
630 4368 703 4416 tertio
718 4367 782 4419 Non.
795 4381 823 4429 p.
839 4364 888 4415 173
943 4364 1197 4419 rudimentur
1249 4366 1279 4415 21
1302 4380 1378 4415 oeno-

98 4434 154 4487 loris
171 4436 382 4489 Noniueeuoiori
400 4437 456 4487 BL
473 4436 586 4506 oenofori
600 4436 631 4485 M
701 4436 795 4486 fundus
814 4452 883 4486 corr.
897 4451 951 4485 -urn
972 4436 1004 4484 M
1063 4438 1096 4486 22
1110 4432 1239 4501 Lucanus]
1258 4436 1378 4487 praeeat.

97 4505 174 4557 1111118
243 4508 277 4557 24
295 4508 382 4557 incerti
408 4508 510 4573 generis
529 4507 693 4555 inueniuntur
706 4506 731 4554 L
750 4506 836 4555 incerti
854 4507 956 4572 generis
977 4513 1036 4556 sunt
1052 4506 1077 4556 B
1095 4506 1257 4553 inueniuntur
1279 4506 1380 4571 generis

99 4576 226 4627 incerth
294 4577 465 4641 ‘tdstirpsB
482 4577 560 4641 strips
581 4575 687 4627 Lcorr.
707 4575 833 4641 stirpsM
896 4574 1154 4641 pinusBmeirus
1173 4574 1206 4623 M
1274 4586 1380 4639 utroque

100 4646 160 4695 euim
179 4647 243 4697 lecta
259 4662 353 4713 genere
370 4647 401 4695 M
420 4656 527 4709 utroque
548 4647 588 4695 uis
605 4646 715 4707 (utrouis
732 4646 769 4709 B)
790 4648 855 4694 enim
876 4660 970 4710 genere
989 4646 1052 4694 lecta
1069 4645 1126 4695 BL
1212 4644 1246 4694 27
1264 4646 1381 4710 quamuis

100 4714 233 4779 (merser.
253 4715 293 4779 iu)
312 4717 463 4781 quibusdam
481 4724 548 4765 certa
572 4716 716 4765 obseruatio
734 4716 768 4765 sit
783 4716 817 4765 M
832 4728 907 4778 qnam
920 4716 946 4763 in
966 4714 1117 4779 quibusdam
1139 4722 1220 4763 rectae
1236 4716 1380 4765 obseruatio

103 4783 126 4831 itt
142 4786 165 4834 L
181 4788 297 4850 quamuis
314 4787 340 4835 in
357 4786 509 4849 quibusdam
527 4794 596 4835 reeta
613 4786 776 4835 obseruantia
793 4786 821 4835 itt
838 4786 864 4835 B
944 4784 979 4836 29
997 4780 1056 4851 lteu]
1083 4786 1162 4849 Verg.
1182 4785 1248 4835 Aen.
1267 4786 1311 4836 Vll
1329 4784 1380 4835 293

165 4855 199 4907 30
214 4854 271 4925 sed]
297 4858 375 4922 Vero.
393 4858 458 4907 Aere.
477 4854 592 4908 1111770

151 4944 320 4992 cunnusncr
333 4946 465 4991 mrrurv.
1137 4936 1180 5003 23
