3350 5442
678 381 749 442 tus
778 371 786 380 ⁸
1324 385 1366 449 53

1171 505 1191 546 p.
1206 495 1266 534 1303.
1282 497 1305 535 10
1319 493 1341 534 l‘.

75 568 125 629 bic
146 567 303 629 inllerit
325 573 486 628 sensus’.
506 566 511 645 Ι
530 603 572 612 -
594 568 665 628 ldeo
687 569 718 630 in
732 570 874 648 singulari
890 589 1014 631 numero
1029 572 1124 650 prima
1139 591 1266 652 persona
1282 593 1366 635 voca-
1378 587 1437 649 380,
1448 589 1480 638 27

73 673 156 732 tirum
180 669 372 740 nonhabet,
395 672 465 750 quia
480 671 592 750 ipsese
607 689 695 732 nemo
710 678 802 732 vocat
822 707 859 716 —
884 673 925 732 Vt
946 691 1071 734 eccum
1094 692 1232 744 eccam,
1257 674 1408 738 ollumat

73 772 195 842 ellam,
217 774 327 834 cuius
349 774 434 834 cuia
456 775 578 834 cuium
601 775 752 835 cuiatis:
775 775 830 835 ista
855 777 953 834 omnia
976 774 1110 836 anomala
1132 784 1214 846 sunt,
1239 795 1298 838 non
1314 776 1365 838 de·

71 874 224 936 clinantnr.
250 891 318 935 nam
342 876 483 936 ‘cuium
505 883 636 956 pecus’
659 878 820 938 auctoritas
834 879 1040 959 praesumpsit
1057 913 1098 924 --
1113 877 1157 938 Et
1178 880 1362 949 vocativo,
1377 895 1409 942 32

50 986 101 1037 sut
121 980 194 1038 sui:
224 978 390 1038 notandum
414 997 451 1038 ne
473 979 528 1040 ista
549 980 727 1059 pronomina
750 981 832 1058 quasi
856 981 1017 1059 possessiva
1040 979 1257 1059 intellegantur.
1297 999 1364 1061 pos-

68 1082 205 1141 sessivum
221 1082 264 1140 ita
287 1078 469 1150 declinatur,
493 1100 565 1142 suus
587 1082 631 1142 sui
653 1099 709 1143 suo
731 1100 818 1143 suum
841 1098 927 1143 osne
948 1093 965 1142 'a
988 1100 1056 1151 sno;
1081 1082 1138 1143 boc
1160 1100 1230 1142 vero
1252 1083 1290 1143 ita
1314 1082 1372 1144 de?

69 1182 207 1252 elinatur,
231 1183 281 1243 sui
303 1181 362 1243 sibi
383 1200 416 1243 se
439 1189 468 1242 et
489 1202 564 1247 ase.
601 1182 654 1244 sed
677 1183 757 1254 ride,
781 1191 924 1262 quantum
947 1184 1094 1264 discrepat
1115 1185 1193 1244 inter
1215 1182 1272 1244 hoc
1294 1203 1363 1263 pro-

70 1303 169 1344 nomen
194 1293 224 1345 et
240 1285 459 1364 possessivum:
482 1284 540 1346 hoc
554 1287 594 1346 ita
610 1285 769 1347 dicendum
786 1293 844 1355 est,
869 1286 934 1347 ‘sui
950 1303 1036 1347 causa
1053 1285 1150 1356 iacit',
1175 1285 1241 1347 dico
1258 1293 1286 1346 et
1303 1289 1361 1347 ‘sui

68 1405 146 1446 cansa
167 1387 342 1455 iecerunt';
372 1385 484 1449 idcirco
506 1396 537 1448 et
563 1389 728 1449 communis
751 1395 795 1450 est
821 1389 948 1449 numeri.
964 1421 1007 1432 -
1021 1387 1104 1450 luter
1118 1406 1222 1450 omnes
1239 1397 1268 1450 et
1282 1397 1359 1451 totos
1371 1403 1459 1464 aste

40 1487 129 1568 :·.»quid
152 1489 301 1551 interest?
324 1489 421 1550 omnis
442 1497 541 1568 potest
563 1507 628 1552 esse
650 1508 716 1551 curu
739 1489 854 1563 multis:
878 1496 957 1550 totus
978 1497 1076 1570 potest
1096 1489 1177 1552 solus
1200 1511 1273 1553 esse.
1304 1491 1362 1574 [di-

68 1599 131 1652 tunt
151 1591 204 1652 alii
226 1593 330 1655 lacere
352 1592 402 1654 hic
423 1599 529 1654 neuter
550 1592 638 1654 huius
657 1594 661 1671 Ι
681 1591 806 1674 neutri]

142 1693 252 1755 luter
272 1696 495 1774 pronomina
523 1703 557 1756 et
585 1694 771 1756 articulos
797 1695 867 1755 hoc
893 1695 1070 1756 interest:
1099 1685 1275 1775 pronomina
1299 1697 1390 1758 solat

67 1794 258 1858 declinantur.
297 1795 438 1857 articulos
453 1797 558 1858 Graeci
573 1798 604 1858 in
620 1797 792 1858 nominibus
805 1797 933 1867 habent,
950 1815 1006 1858 nos
1019 1797 1050 1857 in
1066 1795 1301 1876 pronominibus.
1333 1805 1362 1859 et

68 1897 177 1958 articuli
200 1907 266 1960 trus
287 1899 520 1976 significationes
541 1898 668 1968 habent;
702 1906 731 1960 et
756 1899 933 1978 pronomina
963 1899 1101 1961 dicuntur
1130 1907 1159 1960 et
1187 1899 1303 1960 articuli
1332 1907 1361 1960 et

41 1999 345 2062 rsoemonsuauones.
361 2035 401 2045 —
418 2002 642 2063 Pronomina
659 2021 699 2062 ea
713 2009 911 2081 putantur,
934 2019 1025 2081 quae
1039 1997 1053 2084 ΙΙ
1069 2018 1149 2061 cum
1165 2001 1244 2061 sola
1260 2010 1357 2062 sunt:

67 2102 111 2160 sed
133 2111 204 2164 tunc
228 2102 299 2164 dico
322 2121 386 2164 esse
407 2107 598 2184 pronomina,
629 2123 698 2165 cum
720 2110 824 2163 carent
847 2102 994 2172 articulis;
1022 2102 1117 2164 sicubi
1140 2120 1206 2163 cum
1229 2102 1360 2165 articulis

68 2205 169 2265 luerint
191 2204 357 2275 declinata,
382 2209 501 2267 nomina
524 2205 723 2286 nuncupanda
745 2214 824 2267 sunt.
847 2237 888 2248 -
909 2203 1073 2286 Vterque
1101 2211 1189 2266 sunt
1210 2206 1271 2285 qui
1294 2221 1387 2268 ruo-u

68 2309 168 2377 nina,
197 2315 289 2368 sunt
317 2309 379 2388 qui
406 2310 624 2389 pronomina
653 2310 883 2369 existiment:
918 2309 986 2388 quia
1009 2325 1068 2368 non
1091 2306 1162 2368 lacit
1182 2305 1231 2367 hic
1253 2317 1359 2369 neuter

68 2407 146 2470 liuius
166 2412 288 2480 neutri,
310 2410 387 2471 sicut
411 2412 508 2471 omnis
530 2411 573 2470 sic
595 2409 703 2471 dubiae
725 2409 862 2470 similiter
884 2427 1049 2488 pronomen
1072 2409 1097 2469 si
1120 2407 1259 2470 articulos
1281 2412 1357 2471 acci-

67 2513 104 2589 pit
122 2529 234 2574 nomen
258 2520 317 2582 est,
341 2511 390 2574 hic
410 2520 531 2582 neuter;
555 2515 584 2573 si
602 2529 661 2574 con
684 2514 810 2590 accipit,
839 2513 871 2572 tit
897 2529 1062 2592 pronomen
1093 2507 1159 2591 [sed
1181 2512 1247 2588 quis
1268 2521 1359 2591 ponat

69 2613 273 2696 articuluml]:
296 2616 337 2675 ita
360 2623 390 2676 et
410 2634 523 2676 omnes.
551 2633 612 2676 non
635 2615 774 2675 omnibus
795 2611 1023 2696 pronominibus
1044 2613 1206 2692 iunguntur
1221 2611 1355 2694 articuli!

69 2733 241 2777 nonnemo
264 2715 338 2778 dicit
359 2716 408 2778 hic
429 2719 454 2778 is
476 2725 506 2778 et
527 2717 601 2778 baec
624 2735 657 2778 ea
681 2724 710 2778 et
731 2717 789 2777 hoc
810 2716 852 2778 id.
875 2749 916 2760 —
931 2715 989 2776 Pro
1006 2713 1137 2776 articulis
1154 2722 1224 2776 tuuc
1239 2731 1385 2794 pontin-t

70 2818 265 2897 renouando
288 2821 491 2900 corripiuntur
514 2827 543 2880 et
564 2818 735 2881 nominibus
756 2821 856 2880 iuncta
877 2818 1003 2887 luerint3
1026 2835 1081 2896 pro
1104 2815 1356 2878 demonstratione

69 2927 144 2990 tunc,
176 2921 302 3000 quando
336 2921 542 3001 producuntur
571 2930 599 2983 et
626 2921 765 2983 adverbia
793 2921 907 2982 iaciunt
935 2918 1001 2979 loci.
1025 2951 1067 2963 -
1089 2917 1165 2979 lstae
1194 2919 1384 2998 particulare

41 3040 59 3076 c
70 3019 165 3082 dubiae
179 3029 268 3093 sunt,
291 3030 391 3084 utrum
406 3027 581 3103 pronomina
597 3025 656 3086 sint
671 3042 708 3086 an
723 3025 854 3085 nomina.
892 3021 971 3083 unde
986 3023 1079 3100 magis
1095 3021 1214 3081 nomina
1229 3020 1354 3083 dicenda

68 3132 141 3192 sunt,
164 3127 238 3202 quia
260 3127 426 3204 iunguntur
447 3125 494 3188 his
516 3126 649 3198 articuli,
680 3129 756 3188 sicut
779 3125 918 3188 omnibus
939 3122 1111 3184 nominibus
1134 3123 1240 3184 etrite
1263 3121 1352 3184 decli·

70 3235 183 3298 uantur,
205 3226 241 3288 id
264 3235 311 3289 est
332 3234 440 3290 neuter
462 3235 529 3289 uter
551 3231 648 3291 omnis
670 3228 745 3290 alter
767 3227 842 3291 alius
864 3225 950 3290 ambo
973 3234 1110 3304 uterque.

606 3400 655 3462 DE
677 3399 802 3462 VERBO

141 3515 276 3578 Verbum
298 3516 410 3578 dictum
433 3537 449 3578 a
472 3518 628 3580 verberato
650 3525 733 3590 aere,
758 3519 835 3598 quod
853 3524 934 3579 motu
950 3516 982 3576 tit
997 3514 1129 3593 linguae,
1152 3513 1205 3575 sed
1228 3521 1256 3575 et
1278 3513 1352 3576 aliae

45 3627 155 3693 spanos
176 3619 222 3679 sic
243 3623 327 3680 liunt.
366 3619 419 3680 sed
446 3619 514 3682 ideo
543 3622 617 3682 baec
638 3619 707 3701 p'ars
728 3624 771 3682 sic
794 3621 902 3682 dicitur
924 3619 1059 3699 proprie,
1089 3617 1157 3696 quia
1180 3616 1352 3696 principalis

72 3726 107 3779 cst
123 3728 151 3780 et
164 3720 238 3782 lacit
260 3721 467 3784 elocutionem.
487 3756 530 3768 -
552 3723 684 3796 Qualitas
705 3725 737 3784 in
759 3721 855 3784 modis
877 3728 907 3783 et
928 3723 959 3782 iu
980 3719 1098 3781 formis:
1129 3717 1298 3796 coniugatio
1320 3721 1351 3780 in

127 3960 493 4014 Cod.Berrr.Vlll12-3*.
546 3964 563 4012 2
579 3974 608 4013 ut
624 3971 707 4014 etcum
726 3964 824 4014 etunius
842 3969 924 4012 etenm
942 3961 1032 4011 cuiatis
1046 3970 1131 4008 ereum
1152 3955 1232 4020 (corr.
1251 3959 1350 4024 eccum)
1428 3975 1430 3980 ·

74 4031 138 4078 arma
153 4032 239 4082 etenin
256 4032 334 4081 ellum
351 4033 426 4082 ellam
444 4034 555 4084 etcuium
570 4035 661 4085 curiatis
679 4035 728 4085 istu
797 4030 907 4098 dsuns]
926 4046 970 4082 sus
1023 4023 1113 4092 osne]
1130 4041 1209 4076 sueo
1263 4029 1297 4080 20
1308 4028 1350 4078 hic

74 4108 145 4149 reum
162 4101 190 4150 lit
206 4117 258 4152 uon
275 4117 416 4168 pronomen
485 4103 519 4152 22
537 4103 587 4153 hoc
604 4103 644 4152 lris
657 4113 682 4153 et
698 4104 762 4155 haee
778 4119 824 4153 aes
843 4111 868 4152 et
885 4103 933 4152 hoc
952 4102 978 4150 id
1030 4099 1064 4151 23
1082 4098 1279 4149 demostratione

74 4167 99 4217 tl
114 4169 202 4222 iaciant
216 4185 288 4222 corr.
302 4181 362 4222 -nnt
420 4173 641 4225 contundentes
701 4176 735 4223 27
753 4172 819 4239 uter]
835 4181 941 4236 uterque
994 4172 1081 4222 ambas
1136 4164 1171 4216 29
1188 4170 1267 4220 uerbo
1280 4185 1348 4221 eurr.

74 4239 170 4294 duan.
187 4242 298 4292 uerbum
368 4250 440 4294 mutu
457 4257 527 4294 corr.
546 4245 580 4294 nl.
600 4260 665 4298 man.
685 4252 755 4294 motu
823 4243 858 4296 30
875 4243 995 4308 propriae
1064 4233 1228 4303 31non]n

89 4379 363 4390 ---—-—-—-

128 4467 243 4516 leuium
260 4463 353 4534 pecus]
380 4467 459 4534 Verp.
479 4466 560 4519 bucol.
579 4466 634 4530 3,1
704 4467 805 4517 ilinter
823 4469 907 4517 omnis
925 4477 949 4518 et
969 4475 1036 4520 totus
1053 4467 1187 4519 Pul-rebius
1258 4468 1291 4518 10
1309 4468 1349 4516 di-

79 4539 248 4587 unt-neutri
267 4537 305 4588 ad
317 4553 349 4587 ea
365 4553 431 4603 qaue
446 4537 516 4601 infra
534 4553 558 4591 u.
570 4537 603 4589 18
621 4538 654 4588 de
673 4538 754 4589 dubiis
767 4538 953 4603 pronominibus
970 4543 1066 4602 scripta
1080 4549 1139 4591 sunt
1155 4539 1276 4589 adnotata
1293 4553 1349 4588 erae

78 4602 173 4655 matur
243 4607 276 4657 tr
296 4608 411 4671 sertum
433 4609 583 4674 pronomina
601 4609 656 4659 solu
682 4609 855 4670 declinantur,
882 4610 981 4662 articuli
1000 4609 1143 4659 nominibus
1162 4607 1346 4676 adiunguntur,

78 4673 177 4726 orientes
194 4687 242 4728 etc.
315 4676 348 4728 18
367 4677 484 4729 ἀίυενεαε
499 4681 714 4745 prnmmutr'corruu
732 4681 878 4741 sementina,
897 4693 949 4728 ntur
971 4679 1092 4730 allidere
1110 4679 1142 4730 de
1158 4679 1246 4744 qrrtbus
1263 4681 1348 4746 opiter

79 4754 117 4791 w
126 4751 236 4798 articulis
251 4748 377 4799 decdnuri
389 4749 512 4811 dicerem,
528 4750 575 4799 clii
592 4758 715 4814 reparent
737 4750 859 4812 confusae
876 4757 941 4800 curte.
978 4751 1092 4801 uidentur
1108 4757 1187 4800 autern
1209 4751 1272 4800 leaeo
1288 4751 1348 4812 fere

77 4815 158 4879 scripto
170 4818 265 4881 subse,
288 4819 349 4882 qnia
371 4833 445 4869 uerno
471 4818 533 4869 dicit
555 4819 598 4868 hic
617 4829 705 4870 neuter
722 4819 799 4869 huius
817 4817 900 4868 neutri
917 4827 941 4870 et
960 4835 1047 4872 omnes
1066 4821 1130 4871 istae
1152 4829 1236 4887 partes
1255 4821 1347 4872 dubiae

78 4893 124 4932 tunt
138 4887 201 4938 inter
217 4903 308 4940 nomen
327 4898 352 4938 et
369 4903 525 4961 pronomen:
541 4899 629 4941 neuter
647 4891 669 4942 si
682 4891 801 4942 articulos
819 4889 913 4954 accipit
932 4898 979 4946 etc.
