3350 5442
280 280 341 347 104
846 280 986 343 POMPEI

304 405 326 447 p.
340 394 416 435 12-—so
430 391 451 431 L.

279 472 359 533 illam
387 471 422 531 ad
452 469 538 533 aliam
567 469 711 542 litteram,
741 477 771 530 et
791 468 858 529 ride
881 470 948 549 qnia
971 486 1029 529 non
1053 470 1096 529 sic
1118 479 1217 539 sonat,
1242 468 1294 530 sed
1317 471 1454 549 pinguius
1476 478 1588 538 sonat,
1619 384 1627 459 1

279 572 386 635 vulnus
413 589 513 633 vanus.
559 572 700 652 numquid
729 573 772 633 sic
801 578 887 632 sonat
914 588 1005 641 nnus,
1038 572 1040 631 l
1066 570 1183 649 quando
1205 590 1223 632 ιι
1247 571 1308 633 sola
1331 578 1394 632 esti
1423 590 1496 642 non,
1523 570 1590 631 sed

283 677 412 737 tenuiter
439 683 531 737 sonat.
578 691 667 735 vanus
695 673 812 753 quando
841 672 923 742 dico,
952 674 1091 752 pinguior
1118 692 1207 735 sonus
1235 681 1289 735 ost.
1334 674 1476 754 numquid
1499 674 1591 734 dicis

279 798 299 839 u
322 795 338 838 a
361 778 433 839 nus?
461 794 533 855 ergo
562 776 644 836 rides
675 778 759 855 quia,
787 776 812 836 si
835 784 984 854 ponantur
1006 775 1099 846 solae,
1129 784 1247 839 tenuent
1271 795 1376 838 sonum
1400 776 1527 846 babent,
1560 777 1591 835 si

280 882 443 959 iungamur
465 878 500 939 ad
523 876 595 939 alias
617 876 744 948 litteras,
767 880 894 957 pingues
916 884 1031 939 sonant.
1054 876 1189 939 similiter
1212 886 1240 939 et
1261 880 1270 937 i
1294 880 1337 939 sic
1359 881 1478 958 patitur.
1502 882 1587 946 itur,
1606 898 1620 936 a

281 1001 351 1043 ecce
374 982 492 1041 tenuius
514 987 614 1048 sonat;
637 983 663 1039 si
685 979 766 1040 dicas
788 978 897 1051 Titius,
921 981 1061 1059 pinguius
1084 989 1168 1041 sonat
1191 989 1219 1041 et
1241 980 1339 1059 perdit
1360 1000 1465 1043 sonum
1489 1000 1591 1042 suum

282 1092 312 1145 et
338 1084 448 1161 accipit
476 1080 605 1146 sibilum.
650 1100 722 1159 ergo
751 1100 807 1161 quo
836 1081 926 1142 modo
955 1081 1047 1149 dixit,
1074 1092 1179 1143 sonant
1208 1084 1336 1152 mediae,
1366 1082 1395 1143 id
1424 1093 1468 1145 est
1496 1083 1591 1163 quod

281 1185 361 1247 solae
383 1183 468 1246 aliter
490 1190 610 1252 sonant,
635 1181 720 1245 allier
742 1186 876 1249 iunctae,
901 1184 1011 1245 idcireo
1036 1183 1174 1245 dicuntur
1196 1186 1324 1255 mediae,
1349 1186 1488 1264 quostiam
1512 1203 1591 1245 me-

248 1356 251 1362 ·
282 1288 364 1349 dium
394 1286 505 1348 habent
534 1304 655 1356 sonum,
677 1304 734 1345 neo
757 1285 922 1347 naturalem
947 1305 1001 1346 nec
1023 1288 1186 1366 proprium.
1232 1296 1302 1346 sunt
1325 1290 1412 1347 etiam
1435 1305 1511 1367 qnae
1538 1287 1592 1347 di·

282 1398 389 1450 cuntur
416 1388 572 1458 idiomata,
602 1406 677 1467 quae
704 1395 798 1449 artem
826 1408 886 1448 non
911 1388 1034 1459 babent,
1058 1388 1110 1448 sed
1133 1407 1186 1449 usu
1210 1390 1412 1468 proferuntur.
1457 1396 1530 1469 puta
1560 1391 1591 1449 si
1608 1408 1635 1444 ro

282 1492 364 1553 dicas
387 1492 485 1551 ‘venit
513 1490 633 1573 quidam
661 1491 731 1559 vir',
757 1488 889 1571 [quando
918 1489 1004 1571 dicis]
1035 1488 1101 1550 illae
1128 1488 1244 1551 litterae
1268 1510 1326 1551 ιιοιι
1350 1500 1463 1552 sonant.
1509 1510 1591 1551 nam

283 1591 448 1655 naturalem
471 1591 583 1653 habeut
603 1609 719 1652 sonum.
750 1609 817 1652 nam
842 1594 868 1651 si
889 1600 1030 1653 sonarent
1051 1594 1133 1671 ipsae
1155 1591 1286 1663 litterae,
1312 1612 1329 1653 u
1352 1595 1379 1653 ir
1402 1594 1589 1663 diceremus

285 1705 314 1756 et
328 1704 415 1756 esset
437 1693 504 1755 vilis
528 1711 628 1755 sonus.
672 1692 783 1755 babent
810 1693 952 1755 medium.
969 1694 1115 1773 quendam
1138 1712 1259 1764 sonum,
1284 1714 1343 1755 oon
1366 1693 1448 1757 illum
1471 1714 1589 1757 sonum

284 1815 373 1876 quem
396 1795 516 1857 habent.

166 1906 225 1967 tet,
239 1910 271 1955 33
368 1899 426 1960 lsta
448 1900 615 1961 communia
640 1906 709 1961 sunt
730 1901 808 1959 inter
830 1906 985 1977 utramque
1008 1897 1145 1959 litteram.
1190 1900 1247 1959 iam
1272 1898 1435 1970 videamus,
1459 1900 1633 1978 quandem

166 1974 392 2103 ἓῖῗζξθιιιίιίι
418 2020 437 2061 ιι
464 2000 582 2061 litterae
610 2009 642 2060 ιιι
668 2001 791 2061 omnino
821 1984 960 2060 nilrtl'stt.
1007 1999 1124 2079 quando
1148 2021 1165 2062 u
1191 2000 1262 2061 nihil
1286 2003 1348 2061 esti
1371 2010 1440 2063 tunc
1462 2022 1482 2063 u
1506 2001 1590 2063 nibil

286 2105 355 2171 erit,
384 2103 450 2163 ride
479 2121 535 2182 qua
565 2100 725 2163 subtilitate
753 2101 824 2163 nibil
855 2105 927 2171 erit,
956 2104 981 2161 si
1011 2102 1091 2163 dicas
1121 2104 1313 2179 ‘quoniam':
1349 2122 1410 2183 qu
1433 2112 1463 2163 et
1484 2122 1502 2163 o
1525 2112 1588 2164 est.

285 2207 382 2265 istan
405 2202 475 2283 quid
504 2206 578 2264 erit?
605 2204 731 2265 roralis?
762 2222 821 2264 non
851 2212 956 2283 potest.
1002 2222 1070 2265 natn
1099 2214 1169 2264 tunc
1198 2212 1309 2265 tantum
1341 2203 1450 2266 vocalis
1473 2216 1530 2273 est,
1560 2208 1589 2266 si

286 2305 347 2366 sola
371 2305 473 2365 luerit:
502 2305 591 2367 modo
614 2304 699 2365 alteri
721 2305 814 2367 vocali
836 2307 935 2366 iuncta
959 2315 1011 2367 ost.
1056 2324 1128 2385 ergo
1150 2306 1217 2367 ideo
1240 2326 1299 2367 nnn
1322 2315 1420 2386 potest
1442 2324 1507 2367 esse
1531 2324 1588 2367 ro-

287 2407 374 2478 calis,
398 2410 467 2485 quia
489 2406 578 2467 habet
600 2418 666 2487 post
687 2427 718 2468 se
742 2407 890 2469 vocalem.
929 2426 1001 2468 num
1024 2410 1100 2469 lorte
1124 2426 1288 2469 consonans
1312 2410 1372 2469 esti
1396 2426 1451 2469 noc
1473 2426 1588 2469 conso·
1604 2429 1629 2467 ao

287 2527 361 2572 nans
384 2517 436 2570 est.
468 2510 579 2590 quare?
602 2511 671 2588 quia
694 2528 753 2569 non
777 2518 822 2569 est
844 2511 934 2587 prior.
967 2528 1038 2588 ergo
1055 2518 1087 2571 ut
1103 2529 1160 2571 uon
1177 2513 1215 2571 sit
1236 2510 1344 2572 vocalis
1366 2509 1414 2570 illa
1437 2530 1485 2571 res
1501 2510 1587 2581 lacit,

287 2614 355 2692 qnia
376 2612 474 2671 iuncta
498 2619 544 2671 est
565 2610 651 2671 alteri
673 2610 781 2681 vocali;
806 2618 839 2672 ut
861 2630 920 2671 non
943 2614 980 2673 sit
1002 2630 1167 2675 consonans
1189 2612 1238 2673 illa
1260 2632 1308 2673 res
1331 2613 1407 2683 lacit,
1432 2614 1499 2689 quia
1521 2631 1588 2673 non

288 2722 334 2774 est
355 2716 448 2794 prior.
492 2713 530 2772 ita
558 2714 591 2773 lit
617 2722 650 2773 ut
677 2731 732 2774 nec
760 2714 867 2775 roralis
895 2716 933 2774 sit
955 2732 1010 2776 nec
1033 2732 1207 2775 consonans.
1254 2731 1325 2792 ergo
1349 2713 1421 2775 nihil
1444 2716 1512 2774 erit.
1562 2716 1589 2775 si

288 2814 361 2876 nihil
384 2816 454 2883 erit,
478 2814 547 2893 quid
571 2813 660 2875 habet
683 2816 767 2876 esse?
789 2814 872 2876 nibil.
903 2833 1089 2917 quare‘ergo
1111 2815 1153 2877 ibi
1176 2815 1334 2877 scribitur?
1356 2824 1479 2896 propter
1500 2816 1587 2875 illam

289 2934 422 2983 causam,
446 2917 514 2992 quia
536 2934 605 2995 pars
628 2922 672 2977 est
693 2916 808 2991 litterae
830 2917 1046 2996 praecedentis.
1077 2937 1095 2978 n
1118 2917 1214 2977 littora
1236 2935 1307 2994 ergo
1329 2917 1505 2997 aliquotiens
1528 2936 1588 2977 ner..
1603 2940 1628 2977 es

290 3035 457 3079 consonans
486 3025 530 3078 est
557 3036 614 3079 nee
636 3016 758 3088 vocalis,
788 3027 858 3079 ttrnc
880 3019 998 3099 quando
1021 3021 1140 3098 ponitur
1162 3021 1193 3078 in
1216 3020 1314 3079 medio
1337 3038 1355 3099 q
1377 3018 1588 3097 praecedentis

291 3132 320 3183 et
342 3123 554 3200 cuiuscumque
582 3120 689 3200 roralis
715 3122 881 3201 sequendo,
912 3128 944 3182 ιιι
966 3121 990 3181 si
1013 3119 1093 3181 dicas
1122 3122 1272 3201 quoniam.
1318 3120 1436 3201 quando
1459 3119 1588 3181 dicimus

291 3226 444 3306 qnoniam,
473 3242 534 3304 qn
557 3211 586 3283 ei
608 3242 626 3282 o
648 3230 702 3283 est.
746 3242 767 3283 u
794 3224 880 3284 istam
909 3222 978 3302 qnid
1001 3221 1151 3283 dicemus?
1179 3221 1309 3284 vocalem
1333 3240 1393 3283 non
1415 3241 1585 3301 possumus,

291 3328 359 3406 qrtia
381 3328 516 3407 sequitur
545 3323 667 3395 vocalis,
693 3333 722 3385 et
743 3326 879 3405 quotiens
899 3323 1008 3385 vocalis
1030 3326 1179 3402 sequitur,
1204 3327 1308 3387 transit
1336 3327 1366 3385 in
1394 3326 1588 3385 consonantis

291 3435 477 3509 potestatem.
522 3444 578 3487 nec
600 3444 768 3487 consonans
791 3435 845 3497 est,
869 3429 937 3507 quia
960 3433 1032 3487 tunc
1054 3434 1099 3487 est
1121 3444 1297 3497 consonans,
1322 3424 1439 3507 quando
1463 3444 1586 3506 praere·
1601 3451 1625 3488 aa

292 3532 344 3593 dit.
376 3549 447 3609 ergo
471 3547 527 3590 nec
550 3527 658 3589 vocalis
681 3536 803 3590 estnec
826 3547 1005 3599 consonans,
1030 3530 1170 3609 quoniam
1194 3537 1223 3589 et
1244 3528 1334 3590 habet
1355 3536 1421 3608 post
1442 3546 1474 3589 se
1497 3526 1586 3589 aliam

292 3634 349 3695 sibi
373 3630 504 3693 noralem
526 3632 655 3691 iunctam
678 3639 708 3691 et
729 3649 790 3691 non
811 3632 874 3711 ipsa
897 3630 1059 3711 praecedit.
1091 3631 1161 3710 quid
1185 3648 1256 3709 ergo
1279 3630 1429 3691 dicemus?
1453 3629 1589 3691 dicemus

293 3753 358 3796 eam
386 3732 470 3794 nibil.
514 3733 588 3794 dicis
616 3732 705 3802 nilril;
737 3732 789 3793 sed
817 3742 915 3795 tamen
939 3740 983 3794 est
1005 3732 1110 3793 littera.
1156 3732 1228 3813 quid
1251 3734 1307 3792 erit
1328 3733 1400 3793 ista?
1437 3750 1505 3812 pars
1529 3736 1588 3794 erit

293 3838 408 3898 litterae
430 3835 645 3915 praecedentis.
676 3836 786 3897 etenim
808 3837 903 3915 ipsam
925 3834 1052 3896 litteram
1074 3834 1304 3916 praecedentem
1326 3841 1420 3921 sonat.
1458 3842 1488 3895 et
1509 3835 1587 3905 vide,

295 3958 383 4018 quem
409 3938 444 3999 ad
473 3938 595 3999 modum
617 3946 716 4009 sonat,
746 3946 776 3998 et
802 3938 935 3998 invenies
963 3938 1104 4015 quoniam
1127 3936 1292 3999 naturalem
1316 3955 1422 3997 sonum
1445 3935 1535 3997 habet
1559 3946 1624 3998 etna

297 4044 430 4103 istarum.
463 4039 581 4117 quaudo
605 4038 773 4116 dicisque,
797 4038 867 4118 quid
890 4046 976 4099 sonat
997 4040 1051 4099 nisi
1075 4055 1094 4116 q
1116 4048 1145 4099 et
1167 4042 1199 4100 ei
1222 4058 1294 4117 ergo
1315 4039 1385 4100 inde
1408 4040 1558 4100 invenitur
1583 4040 1586 4120 l

364 4230 377 4279 1
399 4230 520 4296 pinguius
539 4228 616 4277 nna
638 4227 743 4293 pinguis
759 4227 813 4277 An
881 4228 896 4276 t
916 4242 979 4291 ergo
997 4242 1053 4275 cnm
1074 4226 1123 4276 ltoc
1143 4227 1207 4275 dixit
1225 4226 1248 4275 L
1320 4227 1350 4278 11
1371 4240 1429 4275 nam
1447 4226 1586 4275 patruelem

297 4299 352 4348 Ab
370 4315 444 4363 quem
463 4300 602 4348 naturalem
621 4298 706 4348 Bae:
724 4311 781 4345 narn
802 4311 847 4349 om.
868 4298 889 4347 0
941 4297 974 4347 15
993 4298 1057 4346 iuter
1074 4308 1206 4360 utramque
1225 4295 1332 4346 litteram
1349 4297 1392 4347 Ga
1409 4297 1434 4345 in
1454 4307 1587 4359 utramque¹

296 4372 403 4419 litteram
420 4370 478 4419 AB
496 4370 610 4432 intraque
629 4367 736 4418 litteram
758 4366 782 4415 L
798 4372 804 4381 “
854 4367 885 4417 17
901 4381 949 4429 qua
965 4368 1102 4416 subtilitate
1119 4366 1229 4418 intulrrit
1245 4367 1439 4419 Lindenmnnns.
1458 4368 1588 4417 excidisse

295 4440 393 4489 videtur
414 4441 454 4490 nel
475 4440 586 4502 definitio
606 4440 645 4488 ael
662 4438 798 4502 exerrtpium
815 4454 832 4487 ιι
855 4440 955 4487 litterae
974 4454 1019 4487 nee
1043 4440 1136 4488 vocalis
1156 4453 1201 4487 aee
1223 4436 1383 4488 rorrsoaaotir
1399 4438 1453 4487 loco
1477 4439 1587 4499 positae,

296 4522 356 4559 tuno
376 4525 393 4558 ιι
416 4508 478 4559 nibil
498 4510 559 4568 erit,
583 4508 685 4572 quando
705 4508 769 4556 dicia
787 4508 948 4571 ‘quouinnr'.
978 4518 1002 4557 et
1021 4508 1079 4557 vide
1097 4524 1145 4571 qua
1164 4509 1302 4557 subtilitate
1318 4507 1380 4556 nihil
1397 4506 1453 4567 erit,
1475 4509 1497 4555 -i
1516 4507 1586 4555 dieas

296 4590 342 4630 rte.
396 4596 447 4641 qu
466 4575 993 4641 etoistauBuneroistauA(?iL
1025 4570 1080 4628 Ι18
1100 4592 1147 4626 uon
1162 4586 1314 4643 potestesse
1331 4591 1388 4625 taam
1402 4578 1534 4626 ιιιιιιιιιιιΑ

297 4648 331 4698 ’.Ὀ
349 4665 381 4697 ne
400 4651 462 4700 l'orte
484 4663 629 4701 consonans
645 4657 685 4697 est
702 4647 775 4697 BOn
793 4661 825 4697 ne
841 4646 905 4697 iorte
926 4662 1070 4697 corrsouans
1083 4660 1150 4697 esset
1169 4647 1193 4696 A
1263 4647 1297 4698 ‘29
1316 4648 1431 4711 seqnitur
1446 4647 1587 4711 posteriore

296 4722 350 4769 ioco
369 4719 480 4770 om.AG
526 4718 956 4768 aerisonantisBaconsonantium
973 4717 1026 4768 Ac
1077 4718 1110 4767 34
1128 4718 1208 4783 ipsam
1222 4716 1330 4767 litteram
1344 4718 1409 4779 AL,
1428 4734 1496 4770 corr.
1513 4718 1586 4766 istam

296 4790 450 4841 BistamC
506 4785 829 4854 nequqqmennon
899 4786 1420 4851 uisiqeteBGnisineAniueL
