3350 5442
317 275 379 340 326
870 278 1066 341 excurrat

317 466 565 528 alios'sermones
588 473 657 526 tunc
680 465 760 527 dicat
781 465 872 529 luisse
893 465 1024 547 aliosque
1047 484 1135 528 nunc.
1180 467 1232 528 sed
1260 487 1316 548 per
1338 468 1450 528 lisicam
1473 466 1582 528 similitu·

317 568 416 628 dinem
439 566 535 630 attulit
556 569 673 639 dicem,
698 573 854 648 ‘postera'
877 570 973 649 inquit
995 571 1093 630 ‘aetas
1107 569 1213 631 muudi
1228 579 1260 631 ιιι
1281 568 1471 649 disciplinam
1492 571 1584 648 pristini

316 670 426 731 saeculi
446 672 486 732 ita
509 678 539 730 et
559 688 712 731 sermones
735 670 866 732 lastidire
894 671 992 751 coepit
1017 680 1047 732 et
1068 689 1142 732 nova
1165 673 1315 751 parturire
1339 670 1445 750 verba,
1468 690 1538 752 quae
1554 676 1584 732 iu

317 791 425 833 venum
447 775 507 834 ritu
529 774 592 852 ipsa
616 772 704 833 modo
726 773 835 834 llorent
857 780 886 833 et
907 769 1033 852 vigent’.
1076 774 1128 853 qui
1150 776 1238 834 etiam
1260 773 1416 835 Horatium
1439 773 1542 834 dixisse
1558 777 1584 834 ait

318 877 368 936 ‘ut
390 875 480 936 silvae
503 875 592 936 liores
613 893 724 954 pronos
748 883 902 937 mutantur
923 877 953 936 in
976 882 1115 962 annoset
1129 877 1225 954 prima
1241 875 1364 946 cadunt,
1387 879 1429 936 ita
1452 876 1601 938 verborum·

317 985 397 1038 vetus
412 979 514 1040 interit
529 984 624 1047 aetas,
642 984 672 1038 et
687 997 760 1039 nova
775 979 915 1040 iuvenum
936 979 994 1039 ritu
1009 979 1118 1040 llorent
1133 978 1221 1040 modo
1236 985 1304 1038 nata
1321 979 1493 1057 vigentque’
1509 988 1534 1040 et
1546 977 1583 1038 rel.

869 1082 887 1120 ε
952 1081 970 1119 a
1034 1081 1052 1120 ε

400 1166 443 1226 lle
459 1165 587 1226 editione
603 1165 742 1226 secunda.
767 1167 871 1246 incipit
893 1164 983 1226 editio
1005 1161 1136 1228 secunda
1152 1165 1257 1226 lionati
1273 1167 1461 1245 grammatici
1482 1165 1517 1226 de
1535 1185 1585 1246 par·

249 1337 259 1354 5
316 1266 395 1329 tibus
423 1269 572 1328 orationis.
618 1269 735 1348 scripsit
762 1269 840 1329 enim
868 1275 962 1328 artem
990 1267 1153 1347 duplicem,
1183 1266 1212 1327 id
1242 1277 1287 1328 est
1308 1275 1377 1328 octo
1400 1275 1511 1346 partes,
1531 1288 1588 1348 quae

317 1371 447 1431 minores
476 1377 581 1430 vocant
608 1377 702 1440 artes,
731 1389 747 1430 a
776 1370 884 1450 quibus
910 1368 1040 1432 secunda
1062 1370 1137 1430 haec
1159 1375 1204 1430 εει
1226 1368 1327 1429 editio.
1371 1369 1423 1430 sed
1446 1369 1587 1431 anundum

307 1455 374 1542 εει,
398 1471 505 1550 quibus
531 1474 667 1552 personis
689 1473 823 1553 primam,
848 1472 1013 1550 quibusque
1034 1473 1151 1551 scripsit
1172 1469 1348 1541 secundam,
1365 1479 1403 1532 et
1424 1473 1613 1550 interroga-s

316 1573 401 1644 dum,
425 1581 497 1654 quot
518 1580 548 1634 et
569 1573 677 1653 quibus
700 1575 795 1635 causis
816 1582 896 1635 artes
918 1575 1051 1636 minores
1073 1575 1201 1652 scripsit.
1234 1572 1292 1633 boc
1313 1581 1359 1634 εει
1381 1575 1514 1653 personis
1534 1592 1589 1653 pue·

316 1695 419 1736 rorum
442 1682 472 1736 et
499 1677 594 1736 causis
620 1676 725 1738 tribus.
770 1676 880 1755 prima,
911 1683 944 1737 ut
970 1677 1096 1746 scirent,
1126 1675 1235 1754 quibus
1256 1673 1352 1735 modis
1375 1682 1454 1736 esset
1475 1693 1535 1742 ars:
1555 1695 1591 1736 sc·

318 1777 428 1847 cunda,
458 1784 491 1838 ιιι
523 1777 673 1839 discerent
704 1780 905 1858 interrogare,
941 1787 973 1839 nt
996 1785 1040 1838 est
1069 1781 1186 1857 partes
1215 1777 1358 1838 orationis
1386 1785 1460 1856 quot
1489 1778 1591 1844 suntin
1632 1758 1634 1815 l

317 1879 402 1939 tertia
431 1897 534 1948 causa,
563 1881 606 1942 uti
634 1885 756 1942 nossent
782 1879 898 1941 solvere
925 1881 1121 1958 interrogata,
1155 1887 1187 1940 ιιι
1221 1888 1266 1941 εει
1293 1881 1396 1940 octo'
1427 1886 1458 1940 et
1489 1878 1539 1940 rel.
1569 1881 1593 1937 iu
1634 1890 1636 1943 l

315 1983 411 2062 prima
434 1981 471 2042 ad
493 1982 642 2042 docendos
664 2001 774 2062 pueros
795 1983 1021 2060 interrogationi
1037 1981 1178 2043 satisfacit
1193 1987 1222 2042 ει
1244 1980 1399 2050 solutioni;
1423 1983 1455 2041 in
1477 1956 1638 2059 secundat

316 2091 415 2145 autem
438 2083 567 2144 editione
589 2103 731 2164 personas
753 2085 906 2164 perlectas
917 2084 1004 2145 docet
1019 2084 1172 2144 scientiam
1195 2082 1356 2144 latinitatis.
1389 2081 1443 2142 sed
1459 2101 1512 2143 nos
1526 2101 1593 2142 nunc
1638 2088 1639 2135 l

315 2185 416 2246 dicere
438 2187 590 2256 convenit,
614 2186 832 2264 quibusmodis
848 2187 1108 2270 sitinterrogatio,
1132 2185 1161 2246 id
1185 2194 1230 2245 est
1251 2183 1361 2255 tribus,
1385 2186 1470 2265 quasi
1491 2184 1593 2245 ducere
1640 2220 1641 2251 ι

316 2286 416 2349 volens
438 2287 484 2349 vel
507 2286 614 2349 docere
637 2307 673 2350 an
697 2290 879 2367 quaestionis
901 2287 1083 2368 promendae
1104 2288 1207 2367 gratia.
1245 2286 1329 2348 sed
1320 2305 1353 2346 m
1375 2285 1490 2347 artibus
1511 2289 1593 2347 mino·
1641 2287 1643 2371 ζ

316 2389 398 2451 ribus
419 2392 503 2471 quasi
526 2391 635 2452 docere
658 2389 758 2452 volens
779 2392 946 2468 interrogat
966 2391 1111 2459 Donatus,
1140 2390 1224 2450 cidus
1252 2390 1456 2452 auctoritatem
1479 2389 1594 2450 ostendit
1643 2418 1644 2433 ι

315 2492 473 2573 Pompeius
496 2492 622 2554 dicendo
645 2491 728 2554 ‘alii'
750 2494 848 2571 inquit
870 2493 1068 2573 ‘scripserunt
1090 2499 1200 2561 artem,
1224 2491 1275 2553 sed
1297 2490 1365 2552 illos
1380 2510 1439 2552 non
1455 2501 1537 2571 putes
1556 2493 1624 2550 ine·

316 2593 471 2674 tellegcre,
501 2597 557 2657 nisi
586 2577 602 2658 a
626 2596 740 2656 Donato
763 2597 946 2674 sumpserint
974 2595 1168 2674 principium,
1193 2601 1225 2654 ut
1248 2600 1293 2654 est
1314 2592 1429 2654 Probus
1452 2601 1481 2654 ει
1501 2593 1593 2654 Caesar

316 2696 430 2766 etalii,
454 2695 505 2758 sed
534 2698 685 2768 alienato
714 2702 906 2778 sumpserunt
932 2696 1121 2777 principium.
1167 2695 1204 2756 de
1231 2695 1367 2776 partibus
1394 2698 1466 2758 ards
1486 2695 1593 2758 satisiu

317 2798 440 2878 prologo
462 2801 584 2880 promsi.

863 2921 1063 2929 -—-——·——-—-

703 3054 758 3128 Ex
785 3055 906 3130 codiee
932 3055 1099 3130 Parisino
1126 3056 1225 3128 7570

402 3189 484 3251 blulti
507 3165 646 3251 emerunt
668 3190 745 3268 quod
769 3191 827 3253 lact
850 3191 909 3252 dici
931 3189 1068 3262 deberet,
1091 3199 1124 3253 ut
1145 3190 1222 3270 apud
1239 3192 1416 3261 Varronem,
1441 3210 1474 3252 ea
1494 3191 1589 3252 ratione
1603 3203 1628 3239 a

318 3292 401 3370 quia,
425 3294 450 3354 si
472 3291 518 3352 lac
540 3300 621 3353 esset
642 3295 854 3363 nominativus,
883 3292 954 3354 lacis
977 3301 1054 3354 esset
1075 3296 1245 3372 genetivus,
1273 3301 1306 3354 ut
1327 3292 1392 3354 alec
1414 3293 1510 3354 alecis.
1547 3287 1589 3350 sed

318 3393 425 3455 Caesar
448 3394 521 3454 dixit
542 3414 606 3457 rem
630 3395 857 3458 valentissimam
880 3403 984 3458 contra
1012 3395 1178 3475 ipsum‚'id
1201 3403 1247 3457 est
1268 3395 1382 3458 nullum
1406 3415 1511 3456 nornen
1531 3393 1589 3452 dca-

317 3496 372 3557 bus
395 3497 483 3558 mutis
501 3499 654 3560 terminari
676 3518 772 3579 posse.
804 3519 820 3560 c
843 3505 873 3559 et
893 3506 906 3559 t
927 3498 1002 3560 duae
1017 3504 1115 3558 mutae
1131 3504 1208 3559 sunt.
1240 3498 1359 3560 Plautus
1381 3516 1505 3578 namque
1525 3493 1588 3555 lacte

317 3599 383 3661 tulit
405 3600 429 3659 si
452 3597 557 3660 melius
579 3601 627 3661 ait.
674 3600 811 3680 Virgilius
840 3602 924 3672 dicit,
954 3600 1000 3662 lac
1027 3599 1185 3663 dicendum
1210 3607 1262 3662 est.
1309 3599 1373 3662 alec
1395 3607 1493 3662 autern
1512 3613 1591 3677 genus

318 3709 362 3763 cst
382 3702 481 3782 piscis.
1602 3711 1629 3748 ³³⁰

318 3825 621 3832 .———..--..--..-.—

317 3892 573 3958 efiprnefigramm.
593 3909 615 3943 u.
635 3893 687 3956 lp.
708 3891 814 3945 LlV.o.
835 3891 1086 3958 tvp.xx1vmt
1106 3893 1185 3946 Diem.
1204 3908 1232 3957 p.
1251 3889 1314 3954 499,
1330 3889 1348 3942 8
1401 3891 1480 3958 iper
1498 3888 1592 3938 anien

316 3961 340 4011 L
411 3961 581 4012 3lastidiare
600 3963 625 4012 L
694 3965 710 4012 4
734 3970 758 4012 ει
784 3962 905 4029 [igentia
976 3959 1115 4028 Horatium}
1137 3962 1169 4011 dc
1190 3978 1215 4012 a.
1234 3977 1261 4025 p.
1282 3928 1318 4013 69
1386 3961 1532 4013 ductura.
1549 3950 1592 4005 rat

316 4041 386 4082 aetas
401 4034 426 4082 L
506 4033 596 4083 llorent
615 4041 694 4083 motut
712 4042 838 4097 augentq:
859 4043 883 4082 et
902 4033 935 4082 rl'
955 4033 978 4082 L
1066 4031 1101 4082 20
1122 4033 1235 4095 Pompeii
1253 4036 1331 4084 locum
1350 4045 1386 4081 ex
1401 4032 1557 4095 praefatione
1572 4026 1593 4073 1⁵⁸

316 4103 387 4154 libris
404 4117 478 4151 ηιαιιιι
495 4105 598 4168 scriptia
616 4105 726 4154 mutilata
740 4105 842 4166 petitum
854 4103 937 4153 videri
949 4103 1007 4153 diet
1023 4117 1104 4165 cupro
1120 4120 1146 4168 p
1162 4103 1196 4153 86
1213 4110 1264 4152 noi.
1335 4102 1368 4152 21
1388 4117 1489 4152 caesam
1505 4101 1527 4150 t

385 4193 418 4241 24
444 4189 532 4242 θοιίιω
549 4191 685 4240 Parisinus
706 4188 775 4242 7570
796 4189 849 4254 (Ρ)
871 4205 939 4240 saec.
957 4189 994 4239 XI
1015 4189 1038 4251 f.
1058 4190 1070 4241 1
1091 4189 1143 4249 Qut
1163 4198 1249 4256 partes
1273 4189 1395 4241 orationis
1422 4191 1496 4239 etiam
1520 4189 1594 4251 qttrrle³

318 4258 449 4310 latinitatis
467 4260 597 4324 dicuntur,
623 4275 680 4310 ειιιιι
699 4260 811 4311 latinitas
831 4277 877 4326 per
898 4261 967 4325 ipsas
992 4269 1079 4324 partes
1097 4261 1229 4310 narretur?
1253 4259 1311 4310 ideo
1330 4261 1391 4322 qula
1408 4275 1423 4309 ιι
1439 4260 1522 4309 Latino
1540 4270 1579 4317 ιι,
1566 4266 1594 4298 “0

318 4331 509 4393 oratoribusque
529 4339 615 4380 ornata
630 4341 706 4394 atque
725 4330 819 4379 directa
842 4339 880 4380 εει
899 4338 965 4382 etc:
987 4331 1175 4380 commentarius
1194 4333 1220 4380 in
1238 4331 1362 4380 Donatum
1380 4322 1597 4391 decennarius

317 4402 442 4451 orationis
460 4404 592 4451 vacaturam
607 4409 707 4460 partem
725 4417 738 4450 e
756 4401 869 4464 Pompeii
886 4401 1015 4451 Prisciani
1031 4401 1159 4451 Consentii
1175 4401 1247 4451 libris
1265 4401 1385 4452 collectae
1455 4401 1488 4450 25
1506 4397 1596 4446 debere·

318 4473 398 4522 turP
447 4473 515 4535 apud
531 4469 683 4535 Varronem]
704 4473 813 4534 Pompei.
829 4487 857 4534 p
873 4469 931 4532 199,
951 4471 982 4521 13
1053 4470 1087 4521 26
1104 4469 1240 4521 Ιιιείεεεεε
1257 4468 1383 4538 genetP
1451 4467 1597 4530 28(thoe

318 4540 423 4590 Plautus
443 4556 551 4603 namque
571 4543 634 4592 lacte
652 4542 766 4606 protulit
786 4543 831 4590 sed
849 4541 948 4600 ιιιεΙίιιε,
966 4550 993 4591 nt
1007 4539 1132 4607 Virgilius
1150 4540 1220 4600 dicit,
1236 4540 1284 4594 lac
1303 4543 1354 4591 uisi
1368 4543 1452 4604 portes
1464 4547 1596 4604 proem-

316 4611 360 4673 plo
382 4611 501 4661 Plautino
524 4628 541 4660 a
558 4614 677 4676 Pompeio
699 4613 783 4676 posito
802 4613 866 4661 illud
887 4612 953 4676 quod
969 4609 1154 4664 Priscianual.
1174 4611 1252 4674 le.
1272 4612 1337 4670 212,
1356 4609 1554 4672 dadrcnpu'l,
1546 4603 1593 4654 Me

319 4679 428 4730 naecluu
448 4683 469 4731 V
490 4680 521 4744 9,
540 4679 575 4732 39
599 4695 680 4748 neque
707 4696 874 4753 aquasquas
900 4697 983 4744 neque
1007 4679 1072 4730 lacte
1091 4681 1177 4745 luctis¹
1195 4681 1258 4730 mihi
1276 4681 1360 4747 crede,
1379 4696 1484 4746 usquam
1500 4674 1595 4730 timisffll

318 4753 435 4815 arripiunt
449 4757 507 4804 erat
