3350 5442
320 361 384 426 560
840 363 980 422 rescit.
1005 362 1090 424 ΒΟΒ.

347 485 367 524 y..
383 473 426 510 aaa.
441 473 465 510 31
482 469 506 509 v.

321 569 385 612 asse
409 569 521 620 assum,
551 549 693 629 pubertas
714 549 872 628 pubertate
896 549 1100 628 pubertatum,
1131 551 1283 610 Maecenas
1306 551 1475 611 Maecenate
1499 551 1620 610 blaere-

321 663 434 714 natum.
479 663 585 712 neutra
608 653 666 712 duo
689 659 771 720 sunt,
796 654 841 712 las
864 661 893 711 ct
915 653 1013 722 nelas,
1036 659 1206 731 monoptota
1230 654 1321 712 trium
1342 670 1464 712 casuum
1488 661 1620 713 tautum.

321 757 469 834 excipitur
493 773 583 815 unum
606 773 670 823 vas,
694 754 772 832 quod
795 754 940 830 singulari
969 755 1075 815 tertiae
1100 754 1307 814 declinationis
1328 762 1388 822 est,
1411 755 1519 833 plurali
1544 774 1622 814 vero

321 876 446 917 numero
474 857 636 926 secundae,
665 856 721 915 hoc
750 873 798 915 ves
827 857 915 918 buius
944 859 1021 917 vasis
1048 856 1119 917 huic
1147 858 1207 916 vasi
1236 857 1290 915 boc
1313 874 1363 915 vas
1385 875 1404 914 o
1425 874 1476 917 vas
1497 857 1535 916 ab
1563 858 1622 916 bor

322 979 388 1019 vase
411 960 484 1019 baec
506 978 575 1019 vasa
597 958 703 1018 horum
724 977 863 1018 vasorum
885 958 931 1018 liis
954 961 1031 1018 vasis
1053 957 1126 1018 baec
1151 977 1216 1018 rasa
1239 977 1256 1017 o
1279 977 1344 1019 vasa
1368 958 1406 1017 ab
1427 960 1475 1019 his
1497 962 1594 1019 rasis.
1633 998 1643 1013 ,.

407 1061 511 1121 Omnia
535 1079 567 1119 es
589 1062 763 1128 terminata,
788 1079 843 1119 sou
864 1078 969 1136 graeca
985 1078 1037 1120 sen
1058 1061 1149 1119 latina
1172 1061 1245 1129 sint,
1267 1060 1432 1120 masculina
1454 1069 1504 1121 aut
1525 1063 1621 1120 lenii-

322 1165 405 1232 nina,
435 1162 562 1223 ablativo
590 1180 660 1221 casu
688 1161 831 1238 singulari
861 1181 877 1220 c
906 1163 1050 1221 finiuntur
1080 1168 1109 1220 et
1137 1180 1172 1221 ea
1201 1163 1232 1220 in
1260 1181 1308 1221 um
1336 1181 1477 1222 conversa
1499 1164 1620 1222 iaciunt

322 1266 485 1342 genitivum
513 1263 672 1342 pluralem,
703 1270 736 1322 ut
763 1265 863 1342 paries
890 1266 1005 1342 pariete
1033 1265 1196 1342 parietum,
1231 1264 1318 1323 miles
1351 1263 1446 1323 milite
1474 1264 1620 1332 militum,

324 1366 413 1426 heres
435 1365 546 1425 herede
568 1365 725 1434 heredum,
749 1365 891 1425 Chremes
907 1365 1063 1425 Chremete
1079 1365 1282 1435 Chremetum,
1306 1365 1389 1426 abies
1411 1365 1509 1425 abiete
1533 1365 1620 1425 abic-

322 1479 401 1538 tum,
430 1468 517 1528 sedes
545 1469 614 1527 sede
644 1467 762 1536 sedum,
791 1484 907 1526 merces
936 1467 1074 1527 mercede
1108 1468 1294 1537 mercedum,
1324 1466 1420 1528 nubes
1449 1466 1530 1527 nube
1563 1487 1649 1535 nu-r·

325 1570 411 1638 bum,
435 1568 542 1629 caedes
564 1569 653 1629 caede
677 1569 814 1637 caedum,
838 1588 930 1648 rupes
953 1589 1026 1649 rupe
1050 1587 1167 1648 rupurn.

407 1671 512 1731 Omnia
536 1673 562 1730 is
584 1673 742 1731 terminata
765 1670 857 1730 latina
872 1674 1039 1732 communia
1056 1679 1162 1731 neutra
1184 1673 1216 1730 in
1239 1690 1255 1730 e
1278 1673 1427 1731 venientia
1451 1689 1544 1746 exse
1569 1689 1618 1748 ge-

323 1775 474 1842 neranlia,
500 1781 532 1832 ut
554 1771 603 1832 hic
626 1780 656 1831 et
677 1772 750 1832 baec
774 1772 879 1832 docilis
901 1773 956 1831 hoc
979 1773 1090 1842 docile,
1120 1772 1248 1833 ablativo
1271 1773 1415 1849 singulari
1438 1775 1448 1831 i
1470 1774 1619 1832 liniuntur

323 1876 482 1954 additaque
506 1889 555 1934 um
578 1872 689 1952 syllaba
713 1875 826 1933 iaciunt
848 1876 1012 1951 genitivum
1034 1873 1188 1953 pluralem.
1219 1877 1335 1953 quaesi
1353 1876 1475 1954 propria
1492 1877 1617 1941 luerint,

323 1976 484 2037 ablativum
508 1976 689 2053 singularem
711 1978 742 2034 in
766 1994 781 2034 e
805 1978 938 2045 mittent,
962 1985 995 2036 ut
1016 1977 1065 2035 bic
1081 1977 1198 2036 ethaeo
1221 1977 1345 2038 cerealis
1367 1986 1398 2037 et
1420 1977 1477 2036 hoc
1500 1978 1616 2037 cereae·
1629 2003 1646 2040 1..

323 2078 439 2139 abhoc
468 2086 497 2137 et
525 2076 561 2136 ab
589 2078 644 2136 bac
673 2077 782 2140 cereali
812 2077 918 2137 borum
941 2085 970 2137 et
992 2078 1098 2138 harum
1120 2079 1297 2148 cerealium,
1321 2079 1370 2138 bic
1393 2098 1463 2139 vero
1487 2079 1616 2138 Cerealis

325 2179 362 2240 ab
386 2181 441 2239 boc
465 2179 605 2248 Cereale;
630 2181 672 2238 sic
696 2185 725 2237 et
748 2179 833 2255 agilis
856 2178 992 2239 amabilis
1014 2180 1126 2250 vitalis,
1150 2188 1180 2240 ct
1203 2183 1286 2260 siqua
1310 2181 1390 2242 talia.
1435 2180 1507 2240 huie
1530 2199 1615 2256 regu·

322 2281 367 2342 lae
390 2282 579 2341 subicientur
607 2289 636 2338 et
664 2299 739 2360 quac
768 2300 784 2340 a
812 2281 985 2341 masrulinis
1007 2283 1038 2341 in
1066 2288 1112 2341 ter
1140 2283 1317 2344 exeuntibus
1339 2285 1485 2344 feminino
1508 2301 1615 2359 genere

285 2426 289 2436 ,
322 2387 377 2443 tris
401 2382 512 2462 syllaba
542 2384 753 2450 terminantur,
784 2388 923 2460 equester
949 2386 1111 2463 equestris,
1141 2384 1272 2462 paluster
1299 2385 1455 2464 palustris,
1485 2389 1614 2463 equestri

324 2486 522 2564 equestrium,
546 2483 671 2562 palustri
693 2483 880 2562 palustrium.
926 2487 1024 2544 omnia
1046 2487 1072 2544 is
1093 2489 1251 2548 terminata
1274 2488 1379 2556 latina,
1407 2505 1461 2546 seu
1486 2505 1645 2547 commu-2·

324 2589 372 2646 nis
395 2589 515 2663 generis
538 2588 603 2645 sine
626 2593 733 2644 neutro
755 2603 806 2644 scu
830 2586 992 2646 cuiuslibet
1013 2587 1136 2647 alterius
1158 2593 1291 2664 generis,
1321 2589 1448 2648 eundem
1477 2588 1613 2647 babentia

323 2689 486 2765 genitivum
511 2688 691 2747 nominativo
713 2706 781 2755 suo,
806 2686 935 2747 ablativo
957 2689 1101 2766 singulari
1124 2690 1249 2749 modoe
1278 2691 1378 2750 littera
1401 2692 1548 2751 dniuntur
1570 2711 1613 2750 ea·

323 2808 380 2870 que
404 2793 435 2850 in
459 2808 510 2850 um
532 2807 672 2849 convorsa
695 2790 809 2849 iaciunt
829 2792 993 2866 genitivum
1016 2790 1176 2870 pluralem,
1201 2799 1233 2851 ut
1254 2792 1303 2851 bic
1326 2801 1356 2852 et
1378 2792 1452 2852 baec
1474 2794 1559 2853 oanis
1580 2792 1614 2851 ab

324 2892 379 2951 boc
397 2899 427 2951 ct
442 2891 479 2951 ab
494 2892 549 2952 lrac
566 2909 638 2951 rane
654 2891 760 2951 horum
776 2898 805 2950 et
820 2890 927 2952 barum
943 2911 1059 2962 canrrm,
1076 2893 1125 2953 bic
1141 2901 1170 2953 et
1191 2894 1264 2953 baec
1278 2896 1395 2954 iuvenis
1410 2893 1448 2954 ab
1464 2894 1614 2954 hocerat

323 2995 382 3054 buc
398 2995 504 3053 iuvene
527 2996 681 3062 iuvenum,
697 2993 747 3052 bic
763 2995 848 3072 panis
864 2992 972 3052 abhoc
987 3013 1063 3073 pane
1079 2995 1184 3055 borum
1200 3014 1323 3074 panurn;
1348 2999 1427 3056 inter
1442 3015 1520 3074 quae
1537 3000 1611 3055 esri-

324 3097 447 3172 piuntur
477 3095 525 3154 bic
548 3097 626 3172 ignis
649 3098 717 3172 igne
740 3096 869 3171 ignium,
899 3097 983 3155 navis
1006 3115 1079 3157 nave
1102 3100 1233 3166 navium,
1258 3094 1262 3178 Ι
1287 3097 1369 3157 orbis
1391 3099 1464 3158 orbe
1487 3097 1612 3165 orbium,
1660 3152 1661 3155 ,

326 3199 392 3256 linis
416 3199 473 3257 tine
498 3197 616 3266 linium,
641 3199 733 3257 crinis
757 3198 840 3256 crine
864 3199 1008 3257 crinium:
1032 3200 1118 3258 modo
1137 3201 1160 3267 i,
1185 3206 1215 3258 et
1237 3200 1336 3260 addita
1358 3218 1408 3259 um
1430 3202 1545 3259 iaciunt
1566 3219 1613 3274 gc·

324 3299 447 3358 nitivurn
470 3297 629 3377 pluralem,
654 3299 727 3360 baec
749 3301 859 3377 puppis
882 3297 919 3357 ab
941 3299 997 3359 hac
1018 3303 1111 3380 puppi
1139 3301 1245 3362 barum
1267 3303 1427 3380 puppium,
1456 3305 1550 3361 turris
1578 3302 1613 3361 ab

325 3399 378 3458 bac
402 3402 477 3459 turri
500 3403 642 3469 turrium,
667 3401 781 3461 securis
804 3399 841 3460 ab
863 3401 918 3460 hac
933 3404 1033 3461 securi
1055 3405 1221 3472 securium,
1245 3403 1294 3463 hic
1310 3403 1389 3463 Liris
1411 3403 1450 3463 ab
1473 3405 1528 3463 hoc
1544 3405 1612 3469 Liri,

326 3500 450 3560 Fabaris
473 3501 509 3561 ab
533 3502 586 3561 boc
610 3501 733 3572 Fabari',
758 3502 878 3563 Tiberis
900 3503 937 3562 ab
959 3504 1015 3562 hoc
1037 3503 1156 3574 Tiberi,
1186 3511 1232 3573 et,
1262 3511 1296 3564 ut
1325 3503 1398 3565 dicit
1426 3504 1541 3567 Plinius
1563 3505 1661 3587 Str-sy

323 3601 437 3663 nundus
466 3606 496 3663 in
526 3603 613 3672 libris
642 3603 726 3664 dubii
755 3607 917 3675 sermonis,
946 3603 995 3664 hic
1024 3605 1094 3666 salis
1122 3606 1159 3665 ab
1187 3606 1243 3666 boc
1266 3606 1331 3666 sali.
1377 3625 1504 3686 quorum
1527 3610 1612 3666 etiam

323 3707 483 3764 accusativi
511 3714 631 3783 praeter
663 3706 734 3765 salis
761 3717 864 3767 contra
892 3700 1042 3786 propriam
1071 3710 1178 3768 tertiae
1207 3708 1417 3769 declinationis
1446 3711 1611 3770 finalitatem
1660 3746 1661 3791 y

324 3824 382 3865 non
405 3809 436 3865 in
460 3825 522 3876 em,
547 3807 598 3866 sed
623 3809 717 3867 inim
741 3807 882 3887 syllabam
900 3802 1036 3879 v'eniunt,
1053 3810 1129 3870 banc
1144 3813 1282 3890 puppim,
1306 3811 1384 3871 banc
1399 3813 1517 3881 turrim,
1539 3812 1610 3872 bant·
1660 3794 1661 3875 l

322 3909 467 3976 securim,
497 3908 572 3968 hanc
600 3911 704 3969 restim
735 3907 918 3989 [exolvere-L
947 3909 1026 3970 hunc
1048 3913 1158 3980 Lirim,
1182 3910 1261 3971 hune
1283 3912 1440 3982 Fabarim,
1465 3913 1609 3973 1111111Τί-

326 4007 429 4068 berim.
475 4008 611 4070 similiter
639 4019 669 4070 et
697 4013 776 4071 lunis
805 4011 842 4071 ab
871 4012 926 4071 boc
953 4013 1017 4073 luni
1041 4014 1148 4073 borum
1170 4016 1301 4084 lunium,
1326 4018 1496 4076 accusativo
1517 4025 1637 4076 tamen

323 4128 377 4188 per
400 4129 462 4179 ern,
486 4128 558 4180 non,
584 4119 728 4191 utsupra
751 4113 878 4183 dictum,
902 4133 957 4194 per
979 4117 1020 4174 im
1044 4116 1130 4176 elato.
1175 4122 1306 4176 attamen
1327 4124 1358 4175 et
1380 4116 1418 4178 ab
1441 4117 1497 4178 bac
1518 4136 1609 4196 puppe

321 4219 350 4271 et
379 4209 416 4272 ab
445 4211 499 4271 bac
527 4220 610 4273 turre
639 4221 669 4272 et
696 4213 733 4274 ab
757 4214 812 4274 hoc
834 4217 906 4275 lune
929 4223 960 4275 et
982 4215 1097 4276 abhoc
1120 4217 1179 4276 sale
1203 4217 1340 4278 dicimus.
1386 4221 1486 4279 omnia
1507 4221 1533 4278 is
1555 4226 1607 4277 ter·

322 4315 430 4374 minata
459 4332 534 4391 quae
562 4317 592 4375 in
620 4317 751 4392 genitivo
781 4317 924 4394 singulari
952 4326 1092 4378 crescunt
1113 4317 1241 4379 ablativo
1263 4320 1408 4398 singulari
1432 4339 1448 4380 e
1471 4323 1607 4381 liniuntur

321 4433 413 4493 eaque
441 4417 473 4474 in
501 4434 551 4476 um
579 4435 720 4476 conversa
749 4418 863 4478 iaciunt
890 4421 1054 4495 genitivum
1082 4419 1246 4499 pluralem,
1276 4431 1308 4481 ut
1331 4423 1380 4481 bie
1402 4424 1480 4483 cinis
1502 4425 1606 4483 cineris

321 4517 422 4576 cinere
446 4519 595 4586 cinerum,
619 4519 716 4596 pulvis
732 4519 864 4598 pulveris
880 4521 1001 4598 pulvere
1017 4522 1188 4600 pulverum,
1212 4526 1313 4602 cuspis
1335 4525 1471 4602 cuspidis
1493 4525 1623 4604 cuspides
1646 4513 1661 4545 '¹

391 4770 422 4819 12
443 4773 751 4823 neutrumineveniens
770 4776 851 4825 editor
874 4776 1072 4826 Vindobonenais
1153 4777 1185 4829 18
1204 4778 1305 4841 etquis
1323 4781 1430 4841 quaeB
1499 4743 1602 4828 1111111111ιί

321 4839 422 4900 generis
440 4839 463 4886 B
531 4843 564 4889 25
583 4853 608 4890 et
626 4842 656 4891 ab
675 4842 723 4892 hac
742 4858 786 4893 om.
809 4845 833 4893 B
903 4845 937 4896 30
953 4846 985 4895 ab
1002 4845 1050 4895 boe
1068 4844 1134 4896 labri
1152 4847 1177 4896 B
1248 4848 1349 4912 plenius
1368 4849 1542 4915 secryqdrysss
