3350 5442
675 376 746 439 ARS
1291 374 1356 439 369

1159 500 1180 541 p.
1195 486 1252 527 toti,
1265 485 1290 526 55
1304 485 1327 527 P.

63 580 112 634 est
134 576 243 653 ‘pasco
264 576 294 630 te
316 572 352 633 ad
374 572 551 653 prandium'
580 577 611 631 et
637 574 760 652 ‘pascor
782 590 798 633 a
821 578 849 632 ιε
873 572 908 631 ad
931 570 1117 651 prandium',
1146 572 1204 629 erit
1226 570 1354 631 activum

64 684 96 737 ει
119 678 283 755 passivum,
307 678 384 736 sicut
406 682 453 736 εει
473 676 637 755 ‘pascite
659 675 770 735 boves
792 677 932 754 puerl'.
963 677 1035 735 item
1057 673 1276 753 inspiciendum
1299 680 1353 740 est,

63 798 154 847 num,
182 785 217 837 ut
239 779 385 837 incertum
406 796 500 855 genus
522 779 684 848 elliciatur,
714 796 832 858 semper
860 796 876 837 r
904 778 1003 838 littera
1026 778 1136 837 inierat
1157 778 1304 855 passivam
1326 782 1355 835 et

64 881 297 941 declinationem
319 887 348 940 ει
371 880 570 950 ιιιιειιεειιιιιι,
594 899 631 940 an
653 887 788 941 mutuum
810 881 867 940 hoc
889 882 942 949 sit,
973 886 1004 939 ut
1027 885 1057 937 ει
1078 876 1195 938 sublata
1217 895 1233 936 r
1256 877 1355 938 littera

37 985 164 1043 aectiva
185 981 347 1042 declinatio
369 990 398 1041 ει
420 984 464 1041 vis
485 982 652 1042 inducatur.
696 989 769 1061 puto
797 990 897 1043 tamen
927 983 1024 1041 omnia
1053 980 1125 1039 haec
1147 977 1239 1039 verba
1260 980 1355 1057 magis

63 1085 214 1146 neutralia
238 1082 341 1164 [quam
369 1082 562 1164 deponentia]
591 1086 687 1163 prima
709 1087 824 1145 ratione
853 1090 884 1143 ει
910 1084 1103 1163 supervenire
1127 1080 1162 1141 ad
1185 1080 1354 1142 similitudi-

64 1206 135 1247 nem
158 1187 366 1248 declinationis
393 1194 422 1247 et
450 1185 618 1247 intellectus
646 1189 755 1266 passivi
785 1204 838 1266 per
868 1187 998 1247 litteram
1026 1202 1051 1243 r.
1097 1185 1168 1245 item
1192 1182 1288 1261 simile
1311 1191 1355 1243 εει

65 1291 201 1358 incesso,
223 1289 302 1369 quod
325 1296 370 1349 εει
386 1291 528 1359 activum,
553 1307 620 1348 cum
642 1288 718 1349 dicis
740 1290 888 1365 ‘regina
911 1287 953 1348 ad
975 1286 1154 1365 templum
1176 1286 1355 1347 incessit'

66 1410 122 1470 pro
155 1391 277 1451 incedit.
321 1393 352 1451 iu
384 1391 439 1451 hac
473 1392 689 1468 significatione
722 1390 854 1451 additum
882 1408 898 1449 r
925 1408 984 1449 non
1012 1390 1083 1450 iacit
1110 1390 1273 1467 passivum:
1296 1405 1355 1448 non

28 1508 53 1545 ιιι
67 1495 150 1553 enirn
179 1496 313 1553 incessor
340 1510 394 1572 pro
422 1493 545 1553 incedor
572 1492 667 1562 dicas,
691 1492 743 1552 scd
765 1511 820 1572 pro
842 1493 959 1571 pulsor,
983 1494 1031 1551 cui
1054 1492 1263 1569 significationi
1286 1489 1355 1551 sub-

65 1595 160 1655 latum
180 1612 198 1655 r
218 1596 309 1656 iaciat
323 1594 457 1656 eiusdem
472 1595 624 1656 interdurn
640 1596 865 1673 significationis
881 1596 1022 1662 activum,
1047 1612 1114 1654 uam
1135 1596 1232 1672 ipsum
1255 1593 1356 1653 dicere

66 1714 124 1755 non
149 1698 275 1765 desinit,
303 1699 455 1757 incessere
478 1716 533 1777 pro
554 1697 684 1777 pulsare.
729 1705 799 1757 sunt
825 1699 916 1758 etiam
938 1695 1028 1756 verba
1051 1698 1183 1756 incertae
1206 1696 1355 1773 signitica-

66 1801 158 1858 tionis
179 1799 224 1858 vel
247 1797 379 1877 ambigui
406 1802 526 1877 generis
554 1801 635 1860 inter
662 1799 809 1859 neutralia
836 1806 866 1859 ct
888 1800 1083 1879 deponentia,
1107 1805 1140 1859 ut
1161 1798 1270 1859 tondeo
1292 1798 1356 1857 lavo

66 1899 183 1961 [alarico
203 1903 294 1980 punio
315 1919 440 1961 munero
461 1904 559 1981 partio
580 1901 689 1981 populo
712 1901 846 1962 adsentio
862 1901 949 1962 adulo
964 1901 1043 1962 lucto
1066 1918 1178 1978 auguro
1200 1907 1230 1960 et
1246 1908 1354 1960 cetera.

33 2002 140 2062 1⁵haec
163 2004 262 2063 omnia
284 2003 339 2064 sub
361 2002 465 2063 eadem
493 2005 520 2063 ri
549 2012 579 2065 et
607 2006 638 2063 in
660 2022 676 2063 r
698 2003 798 2064 littera
826 2005 984 2072 liniuntur,
1015 2010 1048 2063 ut
1074 2002 1200 2063 tondeor
1228 2010 1258 2062 et
1285 2002 1356 2061 reli-

68 2124 134 2183 qua.
188 2111 276 2184 atque
307 2105 445 2165 omnibus
483 2106 530 2166 his
568 2105 669 2165 verbis
705 2112 841 2184 tempora
878 2107 1104 2185 participiorum
1137 2104 1274 2165 accidunt
1310 2106 1355 2163 in·

69 2207 185 2267 tardum
212 2225 307 2286 paene
336 2210 448 2276 omnia,
477 2215 579 2287 utpote
607 2226 674 2267 cum
702 2207 831 2268 liberum
860 2211 898 2269 sit
921 2207 959 2269 ab
982 2206 1124 2269 utralibet
1146 2208 1355 2268 declinationis

69 2311 167 2388 specie
194 2311 353 2388 participia
379 2319 570 2389 praesumpta
599 2311 738 2370 formare.
783 2312 824 2370 ita
853 2330 869 2370 a
894 2305 900 2392 1
925 2312 1022 2389 partio
1054 2312 1186 2389 partiens
1220 2308 1354 2377 fundum,

69 2414 233 2490 partiturus
254 2410 393 2480 fundum,
418 2430 433 2472 a
456 2414 572 2491 partior
593 2414 720 2491 partitus
741 2412 882 2482 lundum;
911 2413 984 2472 item
1013 2430 1029 2472 a
1051 2430 1175 2471 munero
1196 2415 1356 2472 munerans

36 2521 293 2582 remuneraturus,
317 2534 333 2574 a
356 2532 497 2574 muneror
518 2522 701 2575 muneratus.
731 2518 803 2574 item
825 2516 893 2574 novi
916 2515 1036 2592 generis
1058 2514 1180 2574 verbum
1203 2523 1247 2574 est
1268 2514 1355 2582 lacio,

70 2618 110 2675 ita
134 2623 165 2675 ut
187 2618 321 2676 incertae
343 2617 570 2693 significationis
592 2619 647 2685 sit,
671 2624 772 2676 utrum
792 2616 849 2676 hoc
872 2616 1006 2677 neutrale
1030 2618 1142 2695 potius,
1167 2636 1204 2676 an
1227 2617 1356 2676 activum
1449 2624 1452 2638 '

71 2736 132 2777 esse
156 2718 300 2779 rideatur.
345 2737 414 2778 nam
441 2720 467 2779 si
494 2719 621 2779 lormam
643 2718 834 2787 consideres,
864 2719 942 2798 quod
970 2725 1089 2798 accepta
1112 2736 1128 2777 r
1149 2718 1274 2779 latinum
1296 2736 1355 2777 non

71 2827 113 2879 est
146 2821 256 2889 lacior,
291 2819 410 2880 videtur
436 2820 571 2880 neutrale
599 2836 675 2879 esse.
720 2828 750 2880 at
776 2838 881 2881 rursus
908 2823 1047 2900 quoniam
1074 2822 1224 2899 passivum
1256 2819 1355 2888 habet,

71 2930 164 2999 potest
192 2922 251 2982 dici
281 2924 418 2981 activum.
463 2924 611 3001 passivum
645 2924 710 2983 eius
742 2930 788 2982 est
815 2924 863 2982 iio.
908 2930 938 2983 et
965 2925 1178 3002 cuiuscumque
1205 2924 1357 3001 passivum

39 3032 165 3092 sextat,
194 3042 253 3104 quo
275 3024 362 3083 modo
389 3031 487 3103 potest
513 3027 642 3085 activum
664 3043 723 3084 uon
745 3025 865 3104 putari?
892 3024 944 3085 scd
967 3026 1060 3102 ligura
1084 3025 1254 3085 ultimarum
1276 3024 1355 3084 litte·

72 3144 168 3185 rarum
191 3128 357 3205 quaeritur.
394 3143 499 3186 vocum
526 3129 606 3187 enirn
631 3134 747 3187 tantum
775 3125 893 3204 regulas
915 3129 1126 3204 grammaticus
1149 3129 1232 3214 sequi
1256 3126 1355 3187 debet.

72 3235 226 3307 utrumque
248 3230 386 3288 neutrius
407 3230 528 3305 generis
549 3228 718 3289 habendum
740 3237 801 3299 est,
825 3238 856 3289 ει
878 3236 965 3289 ειιιιιι
987 3230 1019 3289 iu
1041 3237 1168 3309 utroque
1190 3229 1249 3290 duo
1271 3246 1355 3298 nova,

72 3338 103 3389 ut
128 3340 158 3391 et
184 3331 262 3389 lacio
290 3330 430 3399 verbum,
461 3332 546 3391 cuius
574 3332 723 3410 passivum
751 3316 998 3401 enatandum
1021 3350 1078 3391 uon
1102 3334 1155 3400 sit,
1179 3332 1355 3391 etfrover·

74 3429 154 3500 bum,
186 3450 253 3491 cnut
286 3434 428 3512 patientis
457 3434 704 3510 significationem
735 3432 843 3493 haheat
876 3442 905 3493 et
934 3435 1062 3493 activum
1090 3436 1155 3493 eius
1183 3442 1277 3502 oxtct,
1301 3452 1356 3493 nec

43 3536 218 3611 eposium
246 3534 286 3594 sit
312 3552 368 3594 nec
396 3534 564 3614 deponens,
594 3535 645 3595 sed
669 3543 808 3596 neutrum
830 3537 931 3614 potius
952 3533 1111 3605 habeatur,
1136 3537 1274 3615 quoniam
1297 3554 1354 3595 nou

75 3654 88 3693 r
107 3635 203 3696 littera
224 3638 414 3697 terminatur.
445 3637 542 3697 simile
558 3644 602 3696 est
618 3636 712 3696 vendo
734 3644 763 3696 et
785 3628 894 3697 veneo:
917 3654 986 3697 nam
1008 3637 1103 3697 vendo
1125 3639 1241 3715 agentis
1263 3638 1355 3715 signi·

141 3910 302 3976 letpascor
319 3924 335 3957 a
356 3918 380 3958 te
399 3909 430 3957 ad
450 3909 584 3974 prandium
602 3924 648 3958 ora.
669 3908 703 3959 M
769 3909 839 3958 2sic
857 3908 942 3959 estM
1010 3906 1116 3975 pascite]
1141 3910 1218 3974 Verp.
1237 3910 1316 3959 bucol.
1333 3910 1357 3974 l,

76 3976 105 4027 to
122 3972 226 4042 pascite,
244 3987 274 4028 nt
291 3989 358 4035 ante,
377 3978 463 4037 bovae,
483 3979 569 4044 pueri:
589 3964 714 4042 emere.
731 3981 757 4028 ιἰι
776 3980 854 4043 Verp,
875 3978 941 4032 Aen.
962 3978 972 4026 l
993 3978 1043 4029 194
1112 3982 1128 4029 4
1147 3992 1179 4027 an
1199 3986 1294 4027 motum
1308 3978 1357 4027 hoo

76 4048 105 4095 sit
118 4048 142 4096 B
155 4062 186 4097 an
200 4059 315 4098 mutuom
335 4047 383 4097 hoc
397 4048 424 4097 fit
438 4049 462 4098 h
478 4064 510 4097 au
524 4058 639 4099 mutuum
658 4047 707 4098 hoc
723 4049 755 4098 M
841 4056 870 4098 ιιι
888 4048 987 4098 sublata
1006 4048 1038 4098 M
1117 4050 1134 4099 5
1150 4050 1233 4097 actius
1252 4048 1356 4098 clinatio

78 4116 105 4165 rt
120 4119 193 4167 actiui
211 4118 348 4168 declinatio
368 4119 394 4168 B
411 4120 495 4168 aetina
513 4119 683 4169 declinatione
701 4121 725 4169 L
812 4119 829 4170 6
849 4133 925 4181 quam
944 4118 1097 4185 deponentia
1114 4132 1159 4167 om.
1177 4119 1236 4169 ML
1323 4118 1355 4168 ed

77 4201 116 4235 om.
136 4187 168 4236 M
232 4184 650 4254 8regina]Ver9.Aen,1496
720 4185 834 4255 incessit]
853 4188 972 4239 cessitM
1043 4186 1075 4237 10
1092 4186 1190 4254 pulsor]
1213 4187 1286 4254 pulso
1305 4188 1356 4238 BL

140 4258 170 4307 12
187 4258 281 4307 desinit
298 4260 344 4307 vel
357 4257 463 4307 desinit'
486 4258 523 4321 (d.
545 4274 568 4310 e.
589 4258 727 4323 desinitur)
749 4261 784 4308 in·
796 4274 876 4324 marp.
896 4258 957 4313 add,
979 4256 1019 4306 M.
1037 4272 1071 4306 an
1087 4259 1171 4308 dicere
1191 4272 1240 4308 non
1261 4257 1356 4307 desini-

79 4328 144 4374 mus?
159 4334 185 4377 ut
201 4329 331 4377 incessere
350 4329 424 4377 etiam
438 4330 482 4378 iile
503 4331 588 4379 altera
604 4331 787 4393 sipndtcntione
798 4344 849 4392 pro
862 4330 979 4378 incedere
997 4328 1049 4377 diet
1064 4329 1216 4392 significetur
1275 4328 1355 4375 incer-

80 4410 127 4444 aere
144 4398 167 4445 t
235 4398 270 4450 13
289 4398 355 4447 inter
372 4406 461 4447 neutro
480 4408 505 4448 et
522 4398 675 4463 deponentia
693 4399 725 4447 M
740 4399 805 4449 inter
823 4398 936 4448 neutrale
955 4412 1039 4464 genus
1052 4406 1077 4447 et
1094 4398 1230 4463 deponent.
1249 4396 1274 4445 B
1292 4397 1356 4445 iuter

81 4466 180 4515 neutrale
195 4482 278 4532 genua
298 4476 323 4516 et
340 4466 477 4533 deponenti
495 4469 520 4517 L
589 4467 682 4517 tondeo
706 4470 788 4517 condo
808 4469 867 4518 lano
884 4468 918 4518 M
986 4468 1017 4517 lt
1043 4475 1067 4516 et
1089 4476 1171 4518 cetera
1191 4484 1236 4518 ont.
1257 4466 1288 4515 M

80 4534 108 4583 15
123 4535 146 4583 oi
161 4550 216 4586 cnm
234 4539 261 4585 in
279 4552 292 4584 r
309 4536 341 4586 M
413 4536 444 4586 17
463 4539 494 4587 ob
514 4544 618 4601 utraque
636 4537 698 4586 libet
715 4538 748 4587 M
805 4538 839 4589 18
856 4538 975 4587 formaret
993 4538 1028 4586 ita
1044 4553 1059 4586 a
1077 4539 1157 4603 portio
1176 4538 1224 4587 ιιεῐι
1243 4536 1355 4603 partiens

81 4602 121 4651 ius
135 4608 270 4668 pertituros
289 4604 398 4657 fundum
416 4608 443 4657 B
500 4607 530 4656 21
552 4618 667 4657 nentrum
683 4606 716 4656 M
784 4608 817 4659 23
833 4608 900 4657 lacio
920 4606 1010 4657 BML
1078 4607 1112 4657 24
1130 4608 1262 4673 passiuum
1280 4605 1355 4656 habet

81 4672 108 4720 llo
125 4683 203 4737 potest
220 4677 271 4726 dici
289 4678 401 4726 ectiuum
418 4686 443 4727 et
461 4678 642 4740 cuiuscumque
655 4677 686 4726 M
743 4678 776 4729 26
790 4679 863 4741 sequi
876 4678 950 4728 debet
963 4677 994 4725 M
1012 4674 1087 4725 habet
1100 4676 1155 4728 BL
1208 4676 1241 4726 27
1258 4686 1355 4726 ιιιιιιιιι·

82 4744 266 4810 occultiusque
284 4761 353 4799 corr.
373 4750 408 4801 al,
427 4761 491 4799 men.
511 4755 646 4811 utrumque
662 4747 824 4812 neutriusque
842 4747 868 4797 B
951 4748 985 4798 28
1008 4747 1113 4795 uerbum
1131 4748 1241 4797 uotiuum
1261 4761 1310 4796 non
1330 4746 1356 4795 lit

83 4811 145 4862 caios
157 4816 286 4878 paesiumn
305 4825 430 4867 excurtet
449 4816 482 4865 llo
500 4816 531 4865 M
583 4831 632 4866 non
652 4818 685 4866 sit
702 4816 841 4869 Sicdardes
858 4834 909 4868 nou
928 4818 955 4868 lit
969 4818 1026 4867 BL·
1079 4817 1113 4869 29
1127 4828 1151 4868 ει
1170 4820 1279 4867 uotiuum
1299 4818 1354 4868 eius

83 4889 143 4931 extat
160 4885 189 4934 M
205 4887 315 4935 aciiuum
333 4887 389 4936 eius
408 4886 476 4949 quod
494 4884 582 4947 (quam
596 4887 634 4951 B)
654 4895 721 4938 extet
739 4887 794 4941 Bt
853 4888 887 4944 ³0
904 4890 938 4942 sit
956 4889 981 4942 B
999 4886 1025 4937 lit
1042 4888 1074 4955 L,
1092 4902 1138 4938 om.
1159 4886 1192 4937 M
