3350 5442
651 361 824 428 unorum
1313 361 1374 427 507

1179 484 1202 525 p.
1217 473 1274 514 1991.
1288 473 1313 513 92
1326 471 1351 512 P.

81 555 212 630 sultum,
237 553 293 614 boc
315 552 480 613 consultum
502 552 591 626 buius
613 553 741 614 consulti
764 553 834 614 buic
857 551 991 614 consulto
1012 551 1067 612 boc
1090 552 1256 613 consultum
1272 571 1290 612 o
1305 571 1375 614 con·

83 641 194 701 sultum
218 638 254 700 ab
276 638 332 699 boc
355 638 505 708 consulto;
534 645 654 699 senatus
682 645 779 698 autem
807 640 956 717 genitivus
979 645 1039 706 cst,
1071 636 1119 697 bic
1146 657 1206 698 nou
1234 638 1374 699 llcctitur.

170 725 211 786 lle
238 725 372 794 nomino,
407 731 548 802 quantum
577 724 644 784 rudi
673 722 883 794 conveniebat,
917 722 1035 803 plonius
1063 725 1268 801 exposuimus;
1297 742 1375 783 nunc

82 811 122 870 de
150 810 325 889 pronomine
354 815 398 869 est
425 808 599 880 dicendum,
633 827 708 888 quae
738 815 784 869 est
816 809 945 870 secunda
978 826 1047 888 pars
1080 807 1116 875 de
1143 815 1210 868 octo
1241 807 1376 888 partibus

49 897 239 957 curationis.

583 1044 632 1107 DE
654 1045 877 1110 Pttonorttnu

170 1167 240 1228 ldeo
261 1182 425 1246 pronomen
440 1165 565 1234 dicitur,
589 1166 659 1244 quia
674 1168 767 1225 vicem
790 1163 925 1241 iungitur
940 1165 1082 1233 nominis,
1106 1172 1138 1224 ut
1160 1164 1210 1225 ille
1226 1167 1284 1225 isle
1299 1168 1373 1245 ipse.

82 1271 154 1314 nam
176 1271 235 1332 quo
249 1252 336 1313 modo
358 1250 485 1312 dicendo
500 1267 607 1310 nomen
624 1249 804 1329 explicamus
825 1266 996 1328 personam,
1019 1256 1053 1309 ut
1066 1248 1223 1325 Virgilius,
1247 1251 1291 1310 sic
1305 1269 1374 1330 pro-

82 1339 205 1399 nomina
227 1355 329 1417 prope¹
342 1335 476 1396 eiusdem
503 1337 658 1414 potestatis
685 1342 768 1404 sunt,
798 1353 866 1394 cum
892 1335 982 1394 tacito
1011 1335 1131 1394 nomino
1160 1334 1287 1396 dicimus
1309 1336 1375 1397 ‘bic

37 1439 67 1479 ιο
84 1425 189 1493 tecit',
213 1425 281 1483 ‘iste
303 1423 398 1482 lecit'.
442 1423 617 1500 pronomina
641 1427 691 1481 aut
712 1421 793 1480 linita
817 1428 886 1481 sunt
907 1426 958 1480 aut
979 1420 1095 1480 intinita
1110 1427 1161 1480 aut
1175 1421 1273 1482 minus
1287 1439 1375 1501 quam

82 1510 178 1570 imita.
222 1509 305 1568 finita
327 1515 395 1567 sunt
418 1523 492 1586 quae
514 1512 617 1566 notant
632 1512 743 1566 certam
765 1522 936 1585 personam,
961 1510 994 1564 ut
1008 1521 1078 1582 ego;
1101 1506 1231 1574 infinita,
1254 1512 1287 1567 ut
1309 1509 1376 1587 quis

81 1596 212 1673 quisque
240 1594 419 1672 quicumque
447 1609 651 1671 quaecumque
680 1592 731 1670 qui
760 1591 852 1670 aliqui
880 1608 955 1669 quae
982 1589 1109 1669 aliquae.
1160 1592 1259 1652 minus
1287 1609 1376 1670 quarn
1443 1652 1446 1657 ,

81 1681 169 1740 linita
197 1686 265 1739 sunt
291 1678 466 1757 pronomina
495 1695 579 1756 quae
599 1695 658 1736 non
685 1677 729 1738 sic
756 1675 901 1736 deliniunt
927 1691 1098 1753 personam,
1128 1681 1160 1735 ut
1188 1693 1247 1735 non
1269 1684 1377 1754 egeant

81 1769 299 1832 monstratore,
329 1781 386 1841 quo
413 1761 500 1822 modo
528 1762 655 1823 dicimus
684 1777 752 1838 ego:
781 1779 849 1822 nam
876 1764 975 1840 ipsum
1002 1766 1034 1819 tu
1061 1778 1120 1820 non
1147 1759 1377 1840 pleuetinitum

37 1865 66 1905 rs
82 1856 149 1918 est,
171 1851 231 1909 nisi
253 1850 285 1907 in
307 1864 463 1926 personam
485 1846 633 1907 direxeris
655 1845 790 1923 digitum.
835 1847 966 1922 sicergo
988 1845 1061 1906 baec
1076 1846 1175 1906 minus
1190 1864 1279 1925 quam
1293 1847 1376 1908 linita

81 1933 211 1994 dicenda
232 1941 310 1993 sunt.
354 1931 465 1992 babent
487 1933 566 1992 enim
587 1931 733 2011 quandam
749 1931 998 2007 designationem,
1022 1929 1074 1992 sed
1089 1949 1148 1990 non
1163 1930 1269 2010 plenae
1284 1934 1376 2009 signi·

80 2019 246 2087 ficationis,
270 2036 328 2098 quo
350 2017 438 2078 modo
460 2035 530 2094 ego:
554 2025 586 2077 ut
608 2018 678 2096 p'uta
701 2034 777 2096 pone
793 2033 860 2077 esse
875 2014 1008 2085 turbam,
1031 2022 1131 2077 tamen
1148 2034 1208 2077 non
1223 2018 1267 2077 sic
1282 2018 1375 2094 sigui·

81 2105 210 2164 licenter
232 2110 264 2163 tu
286 2103 397 2163 dicitur
419 2105 452 2163 in
472 2100 575 2170 turba,
604 2120 663 2181 quo
689 2101 776 2162 modo
804 2100 841 2162 de
870 2099 956 2162 turba
979 2118 1047 2160 cum
1069 2119 1145 2161 unus
1173 2101 1283 2162 dixerit
1305 2119 1375 2179 ego;

80 2189 139 2248 sed
160 2195 193 2248 ut
215 2188 251 2248 de
273 2184 375 2248 mullis
396 2205 488 2247 unum
510 2187 726 2264 significemus,
754 2203 843 2265 quem
870 2187 1056 2266 quaerimus,
1086 2193 1137 2246 aut
1161 2204 1270 2246 nomen
1292 2186 1375 2247 addi·

34 2289 65 2328 so
81 2291 152 2334 mus
174 2279 225 2334 aut
247 2272 372 2350 digitum
395 2271 593 2342 intendimus,
622 2280 655 2332 ut
682 2278 824 2351 appareat
845 2273 971 2340 certius,
1000 2289 1088 2350 quem
1110 2288 1259 2332 nocemus.
1304 2289 1376 2349 ergo

78 2372 114 2420 tu
140 2357 189 2418 ille
213 2366 242 2418 et
265 2359 321 2418 iste
344 2363 376 2417 et
397 2358 470 2426 alia,
499 2375 574 2437 quae
603 2364 727 2436 possunt
754 2374 790 2416 ex
816 2363 901 2435 parte
929 2355 1027 2435 aliqua
1056 2356 1180 2417 delinire
1207 2374 1374 2436 personam,

79 2445 183 2504 rninus
204 2461 293 2523 quam
320 2442 403 2503 linita
431 2442 560 2504 vocanda
584 2439 590 2523 Ι
613 2449 691 2502 sunt.
741 2443 837 2521 prima
865 2447 1072 2520 personatam
1101 2443 1131 2500 in
1154 2442 1298 2519 singulari
1320 2461 1375 2502 nu·

80 2547 169 2589 mero
190 2547 278 2608 quam
300 2529 331 2588 in
358 2527 484 2607 plurali,
513 2545 579 2588 curn
609 2527 734 2588 dicimus
762 2545 830 2596 nos,
860 2545 919 2586 non
947 2524 1037 2586 babet
1064 2528 1229 2588 vocativum
1257 2546 1374 2599 casum;

79 2616 153 2694 quia
176 2631 264 2674 nemo
286 2631 318 2673 se
340 2621 438 2684 vocat,
462 2631 479 2672 o
502 2630 571 2691 ego,
595 2631 612 2672 o
634 2631 698 2673 nos.
736 2629 807 2689 ergo
828 2612 873 2672 sic
891 2611 1057 2672 declinatur
1072 2628 1127 2688 ego
1148 2614 1208 2672 mei
1230 2612 1304 2672 mibi
1328 2630 1375 2673 mc

35 2716 96 2758 sca
123 2717 171 2758 mo
193 2715 247 2758 nos
268 2705 403 2760 nostrum
425 2696 512 2758 nobis
527 2715 582 2758 nos
597 2715 612 2758 a
628 2697 729 2759 nobis:
753 2698 920 2758 vocativum
943 2697 1038 2766 enim,
1061 2703 1095 2756 ut
1109 2695 1186 2765 dixi,
1210 2697 1375 2758 nonhabet

79 2791 144 2844 tarn
167 2785 198 2843 in
221 2783 363 2860 singulari
386 2801 473 2861 quam
495 2785 526 2842 in
548 2783 667 2862 plurali.
712 2784 848 2862 sequitur
870 2781 1028 2842 declinatio
1050 2781 1197 2842 secundae
1211 2800 1374 2862 personae:

78 2876 115 2928 tu
139 2870 183 2929 tui
205 2866 261 2928 tibi
288 2875 318 2927 te
345 2887 362 2927 o
384 2875 417 2928 tu
439 2887 455 2928 a
478 2875 507 2928 te
530 2886 581 2928 vos
596 2875 727 2929 vestrum
746 2867 829 2928 robis
850 2885 901 2927 vos
917 2885 935 2926 o
953 2885 1004 2927 ros
1023 2865 1149 2928 anobis.
1186 2885 1256 2928 sane
1279 2869 1375 2947 prima

79 2969 210 3034 persona
233 2958 263 3012 et
284 2952 429 3022 secunda,
453 2952 483 3012 id
500 2959 545 3014 est
560 2969 614 3030 ego
630 2959 659 3012 ct
677 2959 723 3022 tu,
746 2954 867 3031 generis
888 2953 987 3012 omnis
1008 2958 1068 3012 est:
1092 2970 1161 3012 nam
1183 2960 1213 3012 et
1234 2955 1280 3013 vir
1302 2953 1375 3014 dicit

79 3057 140 3116 ogo
162 3045 191 3098 et
212 3038 325 3116 lemica
345 3055 401 3114 ego
423 3043 454 3098 et
475 3039 656 3117 mancipium
678 3055 749 3115 ego;
773 3039 816 3098 sic
838 3044 886 3107 tu,
909 3044 939 3098 et
954 3037 1017 3097 viro
1033 3036 1161 3097 dicimus
1182 3045 1216 3099 tu
1238 3045 1268 3097 et
1288 3038 1375 3098 iemi·

36 3141 65 3180 co
79 3142 139 3184 nae
162 3129 194 3184 et
215 3123 373 3202 mancipio.
418 3123 514 3182 sicin
536 3122 645 3202 plurali
667 3124 786 3201 generis
808 3123 904 3182 omnis
926 3130 986 3191 est,
1009 3129 1043 3182 ut
1063 3140 1118 3183 nos
1139 3140 1199 3183 vos.
1237 3141 1272 3182 ex
1287 3125 1375 3184 tertia

79 3227 211 3289 persona
237 3208 311 3268 baec
339 3214 384 3267 est
411 3206 580 3277 declinatio,
609 3207 771 3270 masculino
798 3225 911 3286 genere
933 3207 983 3268 ille
1006 3207 1087 3270 illius
1113 3207 1158 3269 illi
1179 3207 1263 3269 illum
1285 3227 1303 3268 o
1325 3207 1375 3270 ille

79 3293 195 3356 abillo
222 3292 267 3353 illi
297 3292 417 3353 illomm
443 3291 502 3354 illis
530 3292 599 3354 illos
622 3293 705 3354 oilli
739 3291 776 3353 ab
808 3292 885 3364 illis,
914 3310 1024 3371 genere
1052 3294 1198 3354 feminino
1222 3293 1271 3354 illa
1294 3293 1376 3354 illins

79 3379 129 3440 illi
156 3377 237 3440 illam
265 3397 282 3437 o
310 3377 360 3438 illc
389 3376 426 3438 ab
454 3377 505 3439 illa
532 3377 599 3438 illae
627 3378 744 3439 illarum
773 3377 834 3439 illis
861 3379 929 3439 illas
957 3397 974 3437 o
1002 3377 1070 3438 illae
1096 3377 1133 3439 ab
1161 3377 1236 3448 illis,
1264 3395 1375 3455 genere

80 3471 191 3525 neutro
218 3462 293 3524 illud
322 3462 403 3523 illius
430 3461 476 3524 illi
498 3462 570 3523 illud
593 3482 611 3523 o
632 3463 705 3524 illud
727 3462 764 3526 ab
786 3463 837 3524 illo
859 3457 1049 3523 illa'illorum
1071 3462 1130 3524 illis
1153 3463 1202 3524 illa
1224 3463 1316 3524 oilla
1338 3461 1375 3524 ab

37 3569 65 3608 es
80 3549 152 3610 illis.
196 3550 253 3609 iste
275 3547 414 3609 similiter
435 3555 466 3608 et
487 3548 551 3626 ipse
574 3547 611 3608 ad
633 3549 757 3608 formam
779 3549 966 3628 superiorem
989 3547 1156 3608 declinabis
1178 3555 1239 3608 tam
1264 3547 1300 3608 ad
1324 3565 1374 3625 ge-

80 3653 156 3695 nera
179 3651 266 3714 quam
289 3635 378 3694 etiam
400 3632 435 3694 ad
459 3650 608 3694 numeros.
653 3650 723 3693 sane
745 3634 881 3713 quaestio
897 3640 945 3693 est
965 3634 997 3692 in
1019 3631 1076 3692 boc
1090 3634 1275 3712 pronomine,
1299 3634 1373 3712 ipse,

79 3737 176 3800 qnare
197 3737 264 3780 cum
287 3718 367 3780 istud
390 3725 419 3778 et
449 3717 523 3778 illud
551 3719 582 3778 in
609 3735 719 3796 genere
747 3726 854 3778 neutro
881 3717 1024 3786 dicimus,
1052 3716 1185 3778 dicamus
1206 3719 1319 3797 ipsum,
1343 3723 1376 3776 ut

79 3807 126 3866 ait
140 3803 282 3882 Virgilius
303 3803 431 3883 ‘atque
455 3804 575 3883 ipsum
596 3820 731 3883 corpus
753 3803 894 3873 amici',
919 3820 978 3862 nou
994 3801 1069 3863 dixit
1090 3802 1189 3882 ipsud.
1226 3802 1279 3864 sed
1301 3802 1375 3862 baec

79 3891 218 3969 quaestio
240 3889 362 3950 solvitur
384 3888 440 3948 boc
462 3888 565 3948 modo:
595 3889 709 3967 antiqui
732 3889 812 3948 enim
834 3889 930 3965 magis
951 3889 1035 3967 ipsus
1063 3887 1204 3948 dicebant
1225 3889 1257 3948 in
1279 3889 1374 3948 nomi·

38 3976 183 4036 sanative
205 3973 349 4051 singulari
371 3973 489 4050 generis
511 3971 667 4034 masculini
690 3991 777 4052 quam
805 3974 879 4052 ipse.
923 3972 999 4033 banc
1022 3973 1206 4052 antiquitatis
1228 3974 1375 4033 rationem

80 4057 277 4120 adtendentes
305 4059 380 4119 artis
407 4059 567 4137 scriptores
589 4075 753 4137 pronomen
774 4057 830 4118 boc
853 4058 889 4119 ad
917 4058 1042 4119 sormam
1065 4059 1194 4118 nominis
1216 4057 1374 4118 transtule-

79 4153 169 4216 runt;
198 4152 228 4204 et
255 4162 312 4223 quo
340 4142 427 4204 modo
456 4145 487 4202 in
514 4145 634 4203 nomine
663 4145 758 4204 iustus
777 4141 858 4203 iusta
880 4144 991 4204 iustum
1017 4143 1144 4203 dicimus
1166 4149 1196 4204 et
1223 4144 1376 4222 perlectus

80 4230 217 4310 perlecta
243 4228 423 4308 perlectum,
452 4229 496 4288 sic
519 4227 723 4290 enuntiabitur
744 4235 773 4288 et
800 4227 856 4288 boc
884 4244 1048 4308 pronomen
1074 4230 1158 4308 ipsus
1179 4230 1245 4307 ipsa
1265 4229 1374 4307 ipsum,

78 4333 143 4375 non
166 4313 266 4394 ipsud,
291 4332 349 4394 quo
370 4312 457 4374 modo
480 4313 560 4374 istud
583 4319 614 4373 et
636 4313 719 4375 illud.

154 4518 274 4575 inicos
345 4518 378 4570 12
398 4531 572 4581 quaecumque
605 4525 788 4582 quemeumque
804 4518 1027 4582 quemcumqueF
1095 4519 1128 4570 14
1146 4515 1378 4568 moustmtoremF

83 4590 288 4640 demonstratore
306 4602 348 4646 ς.
395 4587 428 4638 15
447 4587 572 4638 direxeris
606 4586 709 4638 duxeris
727 4587 775 4644 Fe
848 4588 879 4639 tt
900 4589 938 4638 sic
956 4598 983 4639 tu
1001 4587 1177 4654 significanter
1195 4588 1287 4638 dieitur
1303 4601 1323 4644 ς
1338 4588 1377 4638 sie

80 4659 271 4726 significantius
286 4657 378 4708 dicitnr
395 4657 420 4706 F
493 4658 528 4708 22
546 4659 629 4722 prima
647 4671 757 4722 persona
774 4657 868 4708 dicitur
883 4673 932 4723 ego
947 4665 999 4708 mm
1014 4659 1061 4715 Fe
1146 4659 1181 4710 26
1199 4657 1246 4708 sed
1263 4658 1377 4722 sequitur

80 4729 127 4780 F:
145 4730 260 4794 eeqnitur
276 4755 310 4765 -
328 4741 453 4794 personae
472 4741 556 4782 cmc
642 4727 677 4778 36
696 4728 752 4794 ipse
770 4742 816 4782 om.
836 4729 862 4778 F
947 4727 981 4780 37
1003 4727 1073 4796 cum]
1095 4728 1154 4792 quie
1172 4727 1199 4777 F
1267 4728 1376 4778 dicimus

81 4815 130 4852 om.
151 4800 177 4848 F
241 4797 275 4848 38
292 4795 375 4864 utque]
401 4798 479 4862 Verg.
496 4796 562 4848 Aen.
579 4797 589 4845 l
608 4796 659 4848 486
712 4797 745 4848 311
765 4797 847 4862 ipsius
862 4812 931 4850 corr.
950 4799 1023 4864 ipsus
1043 4800 1069 4848 F
1116 4797 1148 4847 at
1168 4805 1222 4847 arte
1240 4799 1376 4864 scriptores

80 4869 108 4918 F
175 4867 356 4918 transtulerunt
373 4875 400 4916 nt
418 4867 545 4930 quomodo
561 4867 609 4922 Fe
677 4867 807 4934 resperas
825 4867 882 4933 lpse
900 4869 985 4933 ipsum
1005 4882 1054 4918 non
1072 4867 1154 4935 ipsius
1173 4868 1199 4917 F

1106 4951 1173 5016 33*
