3350 5442
166 334 171 344 Ι
281 239 345 304 264
851 238 1006 302 nonnuli

307 363 329 405 p.
343 351 432 392 ute-ta
445 349 468 390 L.

282 442 341 494 tarn
364 431 413 492 diu
436 437 505 491 sunt
526 430 690 510 participia,
715 446 803 507 quarn
826 426 877 488 diu
899 446 959 489 non
981 428 1130 507 recipiunt
1152 427 1410 509 conparationem
1438 447 1505 490 cum
1526 446 1581 490 re·
1656 498 1657 517 χ

283 534 426 616 ceperint,
450 533 526 593 dunt
547 533 676 593 nomina.
721 533 863 592 incensus
885 531 1077 610 praeteritum
1099 538 1218 612 tempus
1240 536 1300 600 est;
1329 537 1472 635 acceptus¹
1489 550 1582 612 prae·
1656 538 1657 609 ζ

282 638 402 698 teritum
431 642 548 714 tempus
578 641 633 695 εει.
678 651 749 712 ergo
778 641 919 713 acceptus
947 639 977 694 et
998 634 1139 694 incensus
1161 634 1281 694 nomina
1302 642 1382 695 sunt.
1428 636 1583 715 acceptior
1656 656 1657 725 ἦ

284 747 314 801 ει
335 738 500 808 incensior,
528 737 587 798 iam
614 754 675 797 non
704 755 721 798 a
742 737 908 816 participiis
929 743 996 798 orta
1016 744 1086 797 sunt
1106 735 1181 798 haec
1203 736 1277 806 dno,
1304 734 1357 798 sed
1381 743 1448 798 orta
1470 744 1539 799 sunt
1563 756 1583 798 a
1656 730 1657 745 ¹

284 843 413 904 nomine.
1485 915 1491 928 ¹
1596 853 1610 894 ⁵
1656 878 1657 881 =

369 943 432 1005 lloc
453 941 534 1022 quod
557 940 628 1003 dicit
657 939 717 1002 noli
743 939 787 1001 illi
816 939 956 1002 credere:
986 940 1057 1003 dicit
1083 938 1222 1003 adverbia
1249 939 1287 1002 de
1310 957 1344 1002 se
1366 939 1467 1002 iacere
1488 943 1583 1021 parti·

285 1047 361 1127 cipia
384 1043 433 1126 [ut
456 1055 501 1106 est
522 1041 689 1108 scribenter
715 1040 876 1123 legenter}
920 1060 982 1104 non
1008 1050 1054 1104 est
1081 1061 1200 1112 rernm,
1228 1042 1281 1104 sed
1310 1049 1383 1104 tunc
1410 1041 1469 1104 hoc
1496 1043 1586 1104 nobis

285 1155 411 1230 possunt
432 1153 586 1229 praestare
608 1143 762 1222 adverbia,
791 1145 927 1225 quotiens
948 1143 1062 1208 ducunt
1090 1147 1235 1224 originem
1257 1163 1275 1206 a
1296 1145 1476 1227 participiis,
1506 1163 1586 1224 quae

285 1251 441 1331 participia
464 1250 609 1328 originem
632 1247 744 1309 ducunt
766 1267 782 1312 a
805 1247 935 1309 nomine.
969 1254 1003 1308 ut
1024 1248 1103 1327 siqui
1124 1248 1204 1309 dicat
1224 1243 1439 1329 indulgenlter:
1463 1248 1586 1329 quando

287 1353 353 1414 dico
375 1351 574 1432 indulgenter,
598 1367 658 1411 non
681 1349 782 1412 videor
805 1351 951 1428 originem
973 1348 1094 1412 duxisse
1115 1349 1203 1412 liuius
1225 1347 1358 1412 adverbii
1383 1349 1421 1411 alt
1444 1369 1481 1411 ec
1503 1351 1622 1432 quod1⁰

288 1463 334 1516 est
354 1454 525 1533 indulgens,
552 1451 653 1539 idest
680 1472 697 1514 a
719 1453 891 1532 participio,
923 1450 976 1512 sed
999 1471 1016 1512 a
1038 1454 1167 1514 nomine.
1214 1470 1281 1513 nam
1311 1453 1419 1534 recipit
1439 1471 1586 1534 conpara·

288 1559 408 1627 tionem,
431 1555 640 1634 indulgentior.
687 1562 716 1616 et
738 1563 772 1616 ut
794 1555 870 1616 scias
892 1571 996 1615 verum
1019 1573 1100 1625 esse,
1124 1573 1234 1634 quaere
1256 1555 1462 1635 participium,
1485 1554 1518 1616 id
1540 1565 1589 1618 est

288 1678 352 1721 rem
375 1677 435 1720 non
463 1658 657 1738 recipientem
680 1659 937 1737 conparationem,
962 1656 1038 1718 aude
1061 1656 1132 1718 inde
1154 1657 1253 1718 lacere
1276 1655 1458 1720 adverbium.
1505 1658 1587 1719 unde

289 1747 422 1843 apparet
435 1761 576 1840 quoniam
599 1779 659 1821 non
682 1757 818 1821 ducimus
840 1757 980 1820 adverbia
1002 1758 1098 1820 nisis
1120 1760 1241 1821 nomine
1262 1756 1367 1840 [orta].
1399 1759 1480 1822 unde
1500 1779 1588 1822 error

291 1871 338 1926 est
358 1863 500 1944 quoniam
522 1861 559 1924 de
582 1861 745 1942 participiis
767 1868 931 1923 nascuntur
954 1859 1102 1922 adverbia.
1600 1875 1623 1916 ss

758 2031 808 2094 DE
830 2030 1109 2094 coniunctionis

192 2175 281 2238 418,4
378 2153 551 2217 Coniunctio
573 2160 617 2213 est
639 2171 709 2233 pars
731 2153 876 2214 orationis
897 2150 984 2222 dicta,
1008 2151 1087 2232 quod
1102 2153 1262 2231 coniungat
1278 2151 1487 2214 elocutionem.
1519 2171 1592 2214 nam

175 2245 233 2307 515,
247 2239 360 2317 ³⁶ide'0
383 2255 460 2317 dicta
484 2255 666 2316 coniunctio.
710 2253 885 2315 naturaliter
916 2255 995 2316 euim
1018 2263 1133 2316 nostra
1147 2254 1243 2315 oratio
1272 2253 1418 2316 dissidens
1439 2263 1471 2315 ει
1491 2254 1592 2317 soluta

293 2365 346 2428 est,
370 2376 426 2419 nec
448 2365 546 2438 potest
568 2358 598 2418 in
621 2358 815 2418 concisionem
838 2357 940 2416 venire
962 2357 1020 2418 nisi
1041 2358 1226 2436 interpositis
1246 2355 1303 2416 illis
1317 2354 1483 2436 particulis.
1514 2375 1593 2436 quae

293 2458 455 2541 particulae
486 2462 512 2522 si
538 2478 598 2521 non
630 2459 743 2521 luerint
768 2459 977 2538 interpositae,
1011 2459 1123 2521 iaciunt
1150 2457 1355 2520 soloecismos.
1404 2460 1484 2540 siqui
1512 2442 1626 2522 dicam

293 2562 366 2640 ‘ego
388 2569 420 2623 tu
444 2564 573 2633 eamus’,
598 2569 728 2623 nonest
754 2559 842 2642 plena
871 2563 926 2621 ista
949 2559 1091 2630 elocutio;
1127 2560 1179 2624 sed
1207 2562 1233 2622 si
1255 2563 1427 2642 interponas
1450 2570 1495 2633 ει,
1519 2562 1594 2625 lacis

293 2663 411 2744 plenam
439 2663 652 2734 elocutionem,
685 2663 715 2724 id
744 2670 790 2725 est
816 2664 890 2724 lacis
918 2655 1022 2742 ὑφέν,
1054 2662 1086 2724 id
1114 2673 1159 2725 est
1187 2665 1357 2725 continuam
1380 2663 1592 2728 elocutionem.

295 2773 384 2846 atque
411 2765 481 2827 huic
507 2769 554 2828 rei
582 2766 750 2828 contrarius
779 2775 825 2826 est
852 2763 903 2826 ille
935 2773 1054 2844 tropus,
1088 2765 1247 2846 asyndetos
1276 2764 1394 2847 [dicunt
1425 2768 1593 2848 asyndeton

296 2876 416 2947 tropum
437 2865 561 2949 unum];
586 2869 643 2929 iam
666 2866 784 2929 videtur
807 2876 912 2929 contm
933 2868 1173 2930 coniunctionem
1195 2886 1261 2931 esse
1283 2867 1333 2931 hic
1354 2869 1524 2950 asyndetos,

1359 2971 1425 3042 ite,
1605 2982 1628 3023 ιε

448 3072 546 3133 terte
569 3073 635 3133 citi
657 3071 843 3141 flammas,
867 3069 951 3132 date
973 3071 1065 3142 tela,
1088 3069 1267 3152 inpellite
1287 3070 1439 3155 remos!

299 3192 369 3235 ecce
398 3173 456 3236 hoc
483 3172 549 3236 loco
577 3173 658 3236 nuilla
686 3173 856 3235 coniunctio
886 3181 946 3249 est,
980 3184 1009 3235 et
1035 3180 1133 3254 potest
1159 3181 1240 3235 stare
1271 3171 1398 3236 elocutio
1427 3174 1494 3237 sine
1522 3193 1593 3238 con·

297 3278 458 3337 iunctione.
489 3293 560 3356 ergo
582 3283 683 3357 potest
703 3275 769 3336 fieri
791 3282 824 3336 ut
846 3274 1006 3355 aliquando
1028 3275 1105 3338 desit
1126 3277 1305 3338 coniunctio.
1339 3275 1419 3338 alind
1442 3284 1488 3339 est
1504 3278 1594 3340 verba

299 3375 453 3458 copulare,
484 3377 562 3441 alind
591 3387 636 3440 est
665 3396 786 3440 sensum
815 3375 964 3458 copulare.
1015 3378 1106 3441 verba
1139 3379 1205 3440 sine
1232 3379 1442 3441 coniunctione
1471 3381 1594 3442 omnino

299 3498 366 3542 esse
394 3497 454 3542 non
481 3488 619 3562 possunt,
652 3497 758 3543 sensus
785 3472 850 3541 sine
878 3479 1088 3542 coniunctione
1119 3498 1185 3542 esse
1217 3486 1326 3560 potest
1376 3481 1493 3561 quando
1528 3483 1628 3545 neno

299 3584 369 3651 ‘ite
392 3581 467 3644 lene
490 3584 541 3644 citi
562 3582 706 3651 flammas,
729 3582 797 3644 date
813 3581 879 3654 tela,
903 3580 1037 3662 inpellite
1057 3589 1180 3653 remos’,
1203 3581 1306 3645 videor
1328 3582 1419 3646 rerba
1439 3603 1500 3646 non
1524 3603 1594 3648 con·

298 3685 438 3764 iungere,
462 3686 514 3747 sed
537 3703 659 3748 sensum
682 3685 873 3763 coniungere.
920 3682 985 3764 [aut
1007 3682 1097 3745 verba
1120 3702 1180 3746 non
1202 3687 1370 3766 coniungit,
1398 3687 1451 3748 sed
1472 3705 1596 3750 sensnm

300 3787 462 3865 coniungit.
508 3805 568 3849 non
596 3788 684 3850 modo
715 3785 752 3848 de
780 3788 945 3849 conexione
972 3784 1132 3848 verborum
1155 3789 1266 3866 agitur,
1295 3787 1349 3850 sed
1371 3789 1409 3850 de
1430 3791 1595 3851 conexione

300 3886 430 3970 sensus]
463 3908 532 3952 nam
554 3889 661 3968 singuli
683 3907 789 3952 sensus
811 3889 893 3970 pleni
915 3895 996 3950 sunt:
1028 3889 1124 3950 ‘lente
1146 3889 1195 3950 citi
1217 3890 1379 3960 flammas',
1402 3889 1536 3971 inpletus
1556 3899 1597 3952 cst

301 4008 421 4060 sensns;
445 3991 526 4052 ‘date
549 3990 627 4064 tela',
649 3991 780 4072 inpletus
803 3999 849 4052 est
863 4010 982 4060 sensns;
1005 3991 1151 4072 ‘inpellite
1171 3999 1293 4063 remos’,
1315 3992 1447 4074 inpletus
1468 4002 1516 4057 est
1529 4004 1627 4055 sen-³⁵

175 4113 195 4130 r
301 4113 360 4155 sus
406 4110 465 4172 qno
488 4100 623 4174 tempore
645 4093 699 4155 tibi
720 4093 791 4155 licet
813 4092 969 4156 detrahere
992 4093 1235 4156 coniunctiones?
1264 4114 1322 4175 qno
1345 4105 1482 4175 tempore
1497 4103 1595 4176 potest

301 4196 367 4257 sieri
389 4202 421 4255 ut
442 4202 558 4256 remoto
579 4193 630 4256 illc
651 4213 741 4258 sensu
763 4203 822 4258 stet
843 4215 949 4258 sensus
970 4197 1023 4276 qui
1044 4195 1233 4277 relinquitm.
1264 4215 1281 4258 ε
1303 4199 1455 4259 εοιιιιειιο
1477 4197 1594 4276 qnando

372 4452 386 4503 l
405 4467 462 4503 curn
476 4453 620 4518 reciperent
637 4450 662 4500 Α
733 4451 825 4504 θιιὶεἰι
838 4454 983 4514 portatore
1000 4455 1056 4503 loco
1074 4468 1121 4506 om.
1141 4452 1174 4517 A,
1193 4453 1254 4506 cdd.
1275 4451 1309 4503 a*
1379 4452 1397 4502 8
1415 4454 1535 4516 quotiens
1552 4456 1595 4504 dn-

303 4529 362 4570 cnnt
381 4523 505 4589 originem
521 4538 537 4572 a
554 4522 687 4589 participio
707 4521 765 4571 AB
771 4538 794 4588 c,
809 4537 857 4572 om.
873 4521 894 4572 0
978 4521 995 4572 il
1012 4524 1147 4590 participia
1165 4525 1190 4574 in
1207 4525 1313 4574 liturae
1389 4521 1422 4576 13
1441 4525 1508 4574 nude
1526 4519 1592 4588 inde]

303 4599 346 4640 aut
360 4591 452 4642 deinde
471 4592 555 4643 ABG
610 4591 643 4644 23
663 4592 800 4657 asyndeton
818 4591 963 4655 (asindetcs
981 4591 1015 4656 B)
1034 4593 1121 4644 dicunt
1139 4593 1253 4644 asindete
1267 4594 1324 4644 AB
1341 4609 1492 4646 ncunssroc
1511 4595 1595 4645 dicunt

303 4662 462 4713 acrudeteO
530 4663 564 4712 24
582 4677 660 4712 unum
678 4679 724 4713 om.
744 4663 783 4722 A,
801 4663 862 4712 add
875 4677 893 4711 o
945 4661 1042 4729 anne]
1066 4666 1146 4731 Verg.
1168 4663 1232 4716 Aeo.
1253 4662 1366 4717 1111593
1426 4663 1461 4716 26
1480 4665 1595 4731 inpellete

303 4729 329 4779 A
400 4746 485 4782 remus
509 4747 578 4785 corr.
599 4749 641 4783 -os
659 4731 683 4782 Α
755 4732 788 4785 34
805 4743 844 4783 εει
860 4747 906 4782 om.
921 4731 1005 4784 ABG
