3350 5442
310 375 348 441 16
579 391 586 398 “
866 375 1040 438 ctunonu

333 499 354 541 p.
368 488 425 530 reso.
439 489 463 528 oo
477 485 499 527 r.

852 563 901 625 DE
923 562 1047 626 vnubo

336 767 340 772 Δ
394 701 413 737 ε
441 683 596 746 verberato
613 702 665 745 ore
680 692 764 745 motu
778 682 898 762 linguae
912 682 1021 744 locutio
1038 684 1179 744 firmetur.
1210 682 1264 744 sed
1284 682 1354 743 dum
1376 701 1480 744 omnes
1494 691 1595 762 partes

308 791 351 850 sic
373 789 457 862 fiant,
487 785 610 848 verbum
632 788 773 856 maxime,
803 787 871 866 quia
893 803 963 865 pars
986 792 1031 846 est
1052 783 1238 865 principalis,
1268 787 1331 846 siue
1353 803 1411 865 qua
1431 783 1513 866 loqui
1534 804 1595 846 non
1673 866 1674 869 Ἴ

207 911 265 970 359,
279 908 473 969 4possumus.
508 923 548 933 -—
582 888 666 950 Cum
697 895 874 968 ternpore:
909 888 1047 966 quoniam
1075 885 1164 947 rerba
1196 887 1381 967 temporibus
1408 886 1595 948 declinantur

308 1001 338 1054 et
359 991 463 1062 modis,
486 1010 544 1072 quo
567 991 655 1052 modo
679 991 797 1051 uomina
821 987 948 1050 casibus.
973 1025 1012 1034 -
1035 989 1124 1049 Sine
1146 1007 1248 1048 casu:
1272 1006 1341 1050 casu
1363 995 1453 1058 caret,
1477 995 1507 1049 et
1527 988 1618 1050 ideos

308 1094 380 1154 dixit
402 1095 466 1155 sine
489 1111 573 1164 casu,
603 1101 725 1174 propter
747 1109 852 1170 graeca
874 1089 964 1162 verba
986 1092 1048 1151 ‘est
1069 1089 1122 1151 tibi
1144 1087 1226 1169 loqui
1234 1096 1253 1160 ’,
1277 1093 1338 1150 ‘est
1359 1090 1511 1151 ambulare
1535 1095 1541 1163 Ι
1566 1093 1595 1152 in

307 1196 407 1266 ioro;'
438 1203 483 1257 est
511 1193 648 1264 uerbum,
678 1192 830 1256 ambulare
857 1193 994 1262 verbum,
1028 1198 1058 1253 et
1083 1191 1143 1251 duo
1171 1189 1260 1252 verba
1288 1193 1371 1270 iungi
1397 1210 1458 1253 uon
1486 1192 1596 1254 debent

278 1297 401 1366 asimul.
447 1299 535 1376 igitur
557 1295 599 1357 illi
623 1298 666 1358 sic
694 1302 816 1358 utuntur
838 1296 961 1356 induitis
983 1292 1099 1374 verllbis
1122 1295 1205 1373 quasi
1227 1292 1406 1354 nominibus.
1434 1329 1468 1338 -
1499 1295 1594 1357 Neu·

279 1407 417 1460 rtrum:
434 1417 489 1460 nec
504 1415 592 1477 agere
608 1417 663 1460 nec
678 1401 753 1478 pati,
771 1406 803 1459 ut
818 1405 864 1459 est
877 1415 976 1458 curro.
995 1431 1030 1441 -
1052 1394 1219 1468 Qualitas
1234 1392 1448 1456 verborum:
1471 1395 1596 1477 qualitas

308 1500 428 1570 accidit,
459 1508 492 1561 ut
517 1502 645 1561 sciamus
672 1498 758 1580 quale
783 1503 821 1560 sit
849 1499 972 1559 verbum
993 1500 1023 1558 in
1047 1497 1143 1558 modis
1164 1504 1194 1558 et
1214 1498 1245 1556 iu
1268 1497 1465 1576 temporibus;
1490 1501 1594 1561 coniu-
1608 1515 1630 1553 ro

308 1604 399 1682 gatio,
424 1611 456 1663 ut
477 1603 604 1664 sciamus
626 1609 724 1662 ulrum
747 1603 843 1683 prima
865 1619 902 1661 an
925 1599 1069 1667 secundm
1093 1616 1201 1677 genus,
1225 1605 1257 1658 ut
1278 1597 1482 1678 intellegamus
1505 1603 1595 1679 signi-

307 1705 468 1775 ficationes,
491 1711 590 1764 utrum
613 1703 723 1764 activae
746 1705 806 1764 sint
827 1721 865 1763 an
880 1703 1026 1782 passivam
1049 1718 1207 1770 numerus,
1230 1701 1308 1760 siout
1330 1702 1482 1761 nominum
1489 1720 1497 1771 ;
1520 1709 1594 1762 tem·

307 1825 377 1887 pus,
400 1823 459 1888 quo
482 1807 690 1886 cognoscimus
711 1824 773 1866 rern
795 1813 923 1884 gestam;
947 1820 1083 1885 persona,
1107 1820 1161 1881 per
1183 1819 1272 1882 quam
1293 1801 1409 1881 singula
1430 1802 1594 1865 dividimus.

279 1922 345 1970 9-
371 1909 654 1972 Coniunctivus:
683 1909 888 1969 coniunctivus
916 1905 983 1967 ideo
1011 1904 1115 1974 dictus,
1139 1906 1206 1984 quia
1228 1903 1310 1966 solus
1331 1923 1449 1966 sensum
1470 1905 1596 1985 implere

308 2029 368 2072 non
391 2017 502 2091 potest,
527 2019 560 2072 ut
580 2017 650 2090 puta
672 2012 757 2070 ‘eum
779 2007 895 2088 legero,
919 2011 1055 2085 surgam’
1078 2005 1154 2068 banc
1176 2014 1291 2086 partem
1313 1993 1457 2069 orationis
1471 2005 1529 2068 sibi
1544 2006 1595 2068 ad·
1610 2023 1633 2063 u

307 2115 419 2191 iungit,
444 2130 577 2191 surgam,
601 2130 687 2192 quarn
710 2113 735 2172 si
758 2111 906 2180 detrahas,
929 2108 1035 2189 plenus
1055 2126 1162 2170 sensus
1184 2125 1244 2168 noo
1268 2115 1322 2169 est.
1346 2108 1426 2170 modi
1442 2127 1494 2170 sex
1516 2116 1594 2171 sunt.

307 2217 499 2297 promissivus
514 2213 620 2275 modus
635 2231 694 2274 non
712 2219 765 2282 est,
782 2212 835 2274 sed
850 2223 896 2273 est
910 2211 1058 2272 indicativi
1072 2209 1153 2270 modi
1167 2219 1285 2289 tempus
1298 2211 1440 2272 loturum.
1462 2211 1597 2273 iuimitus

309 2317 429 2388 dicitur,
447 2319 497 2397 qui
513 2334 654 2377 numeros
669 2322 802 2396 tempora
817 2331 968 2394 personas,
994 2310 1000 2395 Ι
1020 2314 1174 2376 contusum
1189 2310 1279 2373 babet
1295 2319 1399 2374 totum.
1422 2315 1596 2394 inpersoua·

308 2419 345 2480 lis
367 2419 472 2480 modus
495 2424 553 2487 est,
578 2418 628 2498 qui
651 2416 688 2477 de
710 2418 924 2495 significatione
945 2435 997 2477 sua
1011 2433 1156 2495 personas
1177 2433 1236 2476 non
1259 2415 1337 2484 iacit,
1360 2415 1412 2476 sed
1428 2415 1466 2476 de
1486 2434 1596 2496 prono·

264 2535 296 2584 10
307 2521 436 2583 minibus
457 2538 600 2603 personas
615 2520 718 2588 sumit,
742 2526 775 2580 ut
789 2519 897 2598 legitur
912 2537 929 2580 a
944 2537 1007 2589 me,
1031 2537 1047 2578 a
1063 2525 1105 2587 te,
1129 2517 1167 2578 ab
1186 2517 1236 2578 illo
1251 2515 1297 2580 vel
1313 2516 1349 2578 ab
1366 2536 1411 2578 eo.
1436 2552 1476 2562 -
1498 2517 1596 2589 Quae
1609 2535 1634 2575 eo

308 2632 395 2686 sunt
423 2623 577 2684 lcrrnae:
616 2628 769 2702 quattuor,
800 2639 876 2703 quae
910 2619 1020 2682 babent
1051 2619 1210 2681 verborum
1242 2621 1374 2699 ipsorum
1407 2621 1596 2698 significatio·

308 2745 386 2788 nem.
431 2744 498 2786 narn
527 2725 601 2787 haec
629 2733 675 2785 est
704 2725 798 2784 iorma
821 2725 952 2803 perlecta
974 2722 1055 2801 lego,
1080 2741 1156 2802 quae
1178 2729 1223 2783 est
1245 2729 1275 2784 et
1294 2722 1470 2800 significatio
1492 2723 1596 2784 activa.

308 2861 350 2873 —-
372 2826 600 2889 lleditativa:
629 2825 797 2886 meditativa
826 2827 920 2905 prima
943 2822 1032 2884 debet
1053 2843 1133 2894 esse,
1163 2826 1230 2905 quia
1252 2831 1321 2886 ante
1342 2823 1522 2886 meditamur
1544 2824 1597 2886 ali-

310 2928 379 3008 quid
404 2930 496 2990 etsie
518 2927 707 2996 inchoamus;
731 2933 760 2988 et
782 2926 950 2987 meditativa
973 2933 1020 2986 est
1041 2944 1057 2986 a
1079 2925 1271 2988 meditatione
1293 2925 1385 2997 diota,
1409 2935 1441 2987 ut
1461 2925 1595 3002 lecturio,

308 3031 408 3110 legere
429 3028 508 3090 volo:
539 3047 599 3089 non
627 3037 724 3090 actum
753 3028 846 3098 enirn,
878 3027 929 3088 sed
958 3027 1065 3106 agendi
1091 3035 1264 3108 apparatum
1287 3027 1385 3088 babet.
1430 3028 1595 3090 inchoativa
1609 3049 1636 3088 sc

310 3143 355 3194 est
377 3151 451 3213 quoe
473 3129 592 3192 inchoat
615 3137 644 3191 et
665 3131 745 3192 venit
767 3149 783 3191 a
805 3128 933 3191 neutrali
955 3130 1055 3199 verbo,
1079 3137 1111 3190 ut
1132 3130 1222 3192 ardeo
1244 3130 1332 3192 ardes
1353 3129 1488 3200 ardesco,
1497 3130 1559 3191 'vel
1581 3150 1597 3192 a

309 3253 341 3296 se
369 3235 478 3303 oritur,
507 3243 541 3294 ut
570 3235 720 3294 inanesco.
767 3239 796 3294 et
823 3231 988 3294 inchoativa
1016 3233 1111 3294 lorma
1137 3251 1193 3294 nec
1215 3234 1407 3313 praeteritum
1429 3230 1520 3294 babet
1540 3251 1597 3294 nec

309 3337 450 3398 loturum.
495 3335 707 3416 frequentativa
736 3341 780 3395 est
802 3353 879 3414 quae
901 3353 957 3397 nos
979 3335 1107 3397 ostendit
1128 3335 1298 3415 frequenter
1320 3333 1431 3415 aliquid
1453 3335 1565 3406 lacere,
1591 3333 1595 3415 l

264 3451 296 3501 tr
309 3447 340 3501 ut
361 3438 475 3512 lectito,
500 3437 557 3498 boc
580 3445 625 3498 est
646 3438 818 3517 frequenter
840 3435 916 3515 lego.
939 3436 1113 3517 -Quarta
1136 3439 1302 3516 coniugatio
1318 3457 1335 3498 a
1349 3439 1436 3499 tertia
1459 3437 1528 3498 binc
1551 3455 1597 3498 se·

308 3548 444 3621 paratur,
468 3539 545 3619 quod
568 3547 672 3617 quarta
694 3539 862 3616 coniugatio
884 3555 1002 3617 semper
1023 3540 1055 3600 in
1069 3541 1164 3601 activo
1179 3548 1247 3600 ante
1267 3538 1383 3602 literam
1398 3541 1409 3600 i
1422 3539 1599 3620 productam
1611 3558 1640 3599 so

308 3642 411 3712 habet,
440 3643 471 3701 in
497 3643 613 3721 passivo
635 3650 704 3703 ante
726 3639 884 3720 syllabam,
914 3649 947 3702 ut
968 3640 1056 3702 audio
1078 3641 1175 3712 audis,
1200 3641 1305 3703 audior
1326 3641 1446 3704 audiris.
1491 3650 1522 3703 et
1543 3641 1597 3704 du·

307 3744 415 3826 plicem
443 3743 575 3805 loturum
601 3742 705 3812 bebet;
733 3761 801 3803 nam
831 3749 860 3802 et
881 3744 912 3802 in
935 3761 983 3804 am
1005 3744 1097 3805 mittit
1119 3750 1148 3804 et
1168 3745 1200 3804 in
1221 3744 1274 3814 bo,
1298 3751 1332 3806 ut
1353 3743 1471 3806 audiam
1493 3749 1524 3805 et
1546 3762 1598 3804 an·

308 3846 392 3916 dibo;
417 3853 446 3907 et
466 3845 613 3907 infinitum
636 3862 754 3923 semper
774 3843 929 3924 producit,
953 3852 985 3905 ut
1006 3845 1109 3908 audire
1131 3847 1256 3907 munire.

278 3964 295 4012 4
393 3947 476 4009 Cum
505 3955 673 4026 tempore
702 3953 737 4007 et
763 3965 941 4028 persona:
976 3949 1086 4028 quare?
1115 3950 1182 4028 quia
1211 3950 1268 4010 ista
1295 3948 1351 4011 sibi
1378 3949 1504 4010 invicem
1531 3956 1601 4010 sunt

307 4053 420 4121 iuncta,
456 4055 485 4110 et
516 4067 645 4129 persona
679 4052 805 4131 tempori
833 4060 862 4111 et
888 4057 1004 4130 tempus
1031 4067 1186 4129 personae.
1231 4069 1300 4113 nam
1327 4053 1352 4112 si
1377 4068 1507 4130 persona
1535 4050 1641 4112 solam

348 4291 531 4341 roduam.
549 4286 671 4340 tlt—d.
743 4289 834 4338 torae
852 4303 920 4340 corr.
940 4303 985 4339 ore
1054 4286 1216 4339 dmoximae
1249 4295 1254 4307 '
1284 4292 1406 4352 sineque
1471 4288 1598 4341 bimioro

378 4359 574 4424 roqu01qu0s
645 4355 676 4409 15
694 4366 766 4424 potes
838 4357 871 4410 18
886 4356 1031 4409 comtusum
1101 4359 1135 4410 20
1154 4369 1293 4424 quaesunt
1312 4358 1409 4410 ionnce
1510 4361 1596 4425 (corr.

307 4443 380 4481 mauu
398 4432 494 4480 recenti
511 4429 659 4492 formaeque
677 4429 741 4494 ago),
758 4429 817 4492 quia
835 4427 928 4478 babent
998 4427 1200 4479 comederemus
1271 4431 1305 4480 27
1323 4427 1455 4496 inanesco]
1478 4444 1599 4482 manesco

375 4501 409 4553 29
428 4509 573 4568 separatum
644 4497 678 4550 30
696 4507 754 4549 oute
768 4499 853 4548 littera
921 4497 1060 4564 sequare]
1081 4509 1168 4563 quarte

376 4724 392 4772 2
409 4724 538 4774 verberato
555 4721 764 4774 aerePutscltius.
783 4723 881 4784 tomum,
900 4737 973 4786 quom
989 4721 1105 4784 iudicavi,
1124 4723 1217 4773 initium
1234 4730 1357 4775 mactatus
1374 4725 1407 4776 de
1419 4723 1497 4775 cerdo
1510 4725 1600 4788 perdit.

307 4794 418 4844 Verbum
441 4793 501 4843 iude
524 4794 634 4855 dictum,
660 4793 727 4856 quod
746 4795 877 4842 verberato
897 4806 940 4841 ore
956 4819 992 4829 —-
1010 4791 1133 4843 lormetnr
1153 4795 1258 4844 coniecit
1280 4793 1403 4860 Hagenus
1473 4795 1507 4846 20
1531 4805 1600 4860 quae

308 4873 366 4922 suut
384 4863 548 4916 lormatiuee:
567 4863 625 4914 ideo
639 4865 698 4930 qnia
713 4864 855 4914 Putsclrius.
872 4862 986 4929 fortasse
1004 4871 1066 4928 quot
1078 4870 1137 4914 suut
1152 4861 1266 4916 ionncet
