3350 5442
453 340 654 403 EXCERPTA
675 340 851 402 Pautsttta
875 340 949 401 xlv.
974 340 1023 405 XV
1321 335 1384 399 615

1189 456 1211 499 p.
1225 446 1283 487 aaa.
1297 446 1323 486 so
1335 443 1359 485 r.

88 548 129 590 τε
150 531 309 608 acceperit,
333 528 464 590 secunda
485 529 610 609 pluralis
632 535 685 599 est,
701 524 918 609 πεποιήκατει
942 530 968 589 si
984 540 1029 605 σι,
1052 528 1148 595 tertia,
1172 520 1383 605 πεποιήκασι,

87 625 380 712 ὐπερσυντελικός
407 632 444 691 do
471 633 568 711 prima
596 649 723 712 persona
750 631 823 692 lacit
850 624 911 692 tres
933 628 1114 707 singulares,
1144 635 1206 687 tres
1227 645 1298 687 vero
1319 626 1384 705 pla·

88 732 171 794 rales
193 733 230 794 de
253 735 342 794 tertia
366 733 527 809 singulari:
552 724 766 813 ἐπεποιήκειν
780 751 802 792 ν
816 734 849 793 ia
865 730 965 811 σίγμα
980 738 1092 792 mutato
1113 731 1144 790 bt
1163 723 1385 808 decucurisse,

87 855 113 895 ν
135 835 253 897 abiecta
284 838 318 895 lat
350 828 553 913 dromedart.
593 836 691 914 ipsum
718 852 789 894 vera
823 828 1014 915 ἐπεποιήκει
1043 839 1191 911 assumpta
1219 849 1282 912 μεν
1314 831 1385 891 lacit

56 934 362 1018 εέπεποιήκειμεν,
387 944 536 1016 assumpta
559 954 595 997 τε
618 932 863 1015 έπεποιήκειτε;
895 936 919 996 si
948 948 1013 995 σαν
1040 936 1208 1014 acceperit,
1240 933 1384 1013 pluialem

89 1042 212 1100 tertiam
235 1034 512 1119 έπεποιήκεισανι
542 1056 610 1099 nam
633 1032 881 1117 έπεποιήκεσαν
908 1045 1045 1117 correpta
1072 1035 1252 1117 paenultima
1268 1029 1386 1106 Ἴωνες

88 1142 294 1219 protulerunt.
338 1141 407 1201 ideo
435 1149 534 1201 autem
561 1142 819 1219 praetermisimus
847 1138 997 1218 disputare
1026 1139 1063 1199 de
1091 1114 1171 1199 duali
1198 1156 1324 1199 numero
1355 1144 1386 1197 et

91 1244 131 1303 de
153 1251 287 1330 tempore
309 1246 421 1305 aoristo
442 1250 473 1304 et
494 1242 531 1303 de
549 1242 709 1321 multiplici
730 1243 847 1302 ratione
870 1248 1046 1320 temporum,
1075 1243 1144 1322 quia
1172 1240 1219 1303 his
1248 1238 1385 1301 amnibus

88 1353 196 1406 carcat
221 1344 338 1416 Latini,
378 1345 411 1407 id
443 1352 489 1406 est
514 1340 592 1424 περὶ
619 1338 788 1422 δευτέρων
814 1339 871 1404 καλ
898 1339 1010 1424 μέσων
1036 1336 1059 1423 ή
1087 1335 1386 1423 παρακειμένωνή

41 1440 391 1527 ιοὺπερσνντελικοίν
416 1440 439 1528 ή
467 1440 676 1527 μελλόντων,
704 1444 813 1525 quibus
843 1445 931 1507 latias
960 1443 1084 1506 Graecia
1114 1445 1176 1507 sola
1198 1443 1384 1505 diliunditar.

91 1549 130 1609 de
153 1550 270 1628 passiva
292 1550 387 1626 igitur
409 1547 607 1610 declinatione
630 1548 773 1609 dicamus.

177 1650 221 1710 lle
243 1652 359 1730 passiva
382 1650 591 1712 declinatione.
637 1650 743 1710 Graeci
771 1652 867 1711 activo
897 1651 1020 1711 instanti
1043 1648 1202 1710 vorborum
1232 1651 1264 1710 ia
1285 1668 1312 1711 ω
1334 1667 1384 1709 ex·
1447 1636 1457 1648 ⁴
1532 1720 1538 1729 Ι

91 1753 228 1813 euntium
256 1752 368 1813 addunt
395 1751 539 1833 syllabam
561 1771 632 1832 μαι,
660 1760 690 1813 ει
710 1753 743 1812 lit
765 1754 924 1831 passivam.
961 1770 1035 1831 quae
1058 1750 1169 1831 syllaba
1192 1752 1271 1811 omni
1293 1749 1385 1811 verbo

91 1854 157 1915 sola
179 1855 325 1925 sociatur,
348 1858 389 1915 ita
416 1865 450 1916 at
471 1873 498 1915 ω
520 1856 605 1934 prins
627 1853 763 1915 ultimum
784 1872 865 1915 nanc
886 1854 1102 1933 paenultimam
1124 1860 1174 1915 aut
1198 1859 1329 1921 maneat,
1352 1860 1385 1913 ut

44 1982 75 2022 ιε
91 1958 124 2017 ia
147 1956 276 2017 monada
297 1952 575 2035 περισπωμένων,
598 1948 814 2036 ἄροτριωμαι,
837 1965 888 2017 aut
902 1958 934 2017 io
949 1974 992 2017 ου
1006 1954 1224 2036 diphthongum
1243 1960 1383 2025 transeat,

89 2067 125 2118 ut
147 2060 179 2118 in
201 2061 297 2138 prima
319 2064 351 2119 et
372 2060 476 2128 tertia,
506 2056 665 2137 κινοῦμαι
693 2057 937 2138 οτεφαυοῦμαι,
967 2064 1017 2119 aut
1038 2060 1070 2118 in
1092 2075 1111 2117 ο
1133 2058 1329 2136 corripiatur,
1353 2062 1385 2115 ut

88 2162 123 2221 io
146 2158 284 2221 omnibus
306 2158 469 2240 lamponis,
492 2154 656 2240 πλέκομαι
677 2152 810 2239 ἄγομαι.
850 2178 922 2237 ergo
944 2176 1104 2239 auaaqaam
1127 2162 1275 2239 passivam
1298 2176 1384 2236 grac·

91 2281 160 2322 cum
183 2263 334 2323 iuvenitur
355 2280 414 2322 non
437 2279 490 2321 suo
513 2263 608 2322 activo
629 2262 735 2323 maius.
778 2260 903 2322 verbam
926 2278 1066 2340 graecum
1090 2263 1120 2321 in
1148 2280 1207 2341 μαι
1233 2261 1383 2328 desinam,

89 2366 117 2424 si
141 2366 172 2424 in
194 2362 323 2424 secunda
345 2381 473 2442 persona
498 2364 503 2446 Ι
525 2383 549 2443 μ
577 2365 609 2424 ia
637 2361 740 2444 σίγμα
761 2363 908 2433 demutet,
931 2362 987 2423 boc
1010 2369 1061 2425 aut
1088 2370 1134 2423 est
1155 2380 1296 2442 praesens
1317 2360 1385 2421 τῶν

42 2490 74 2530 νο
90 2462 141 2537 εἰς
161 2484 210 2545 μι,
225 2472 258 2525 ut
272 2463 390 2544 τίθημι
404 2463 540 2545 τίθεμαι
556 2464 701 2544 τίθεσαι,
723 2460 845 2544 δίδωμι
860 2461 994 2545 δίδυμαι
1009 2460 1153 2544 δίδοσαι,
1167 2460 1281 2545 ’ίστημι
1294 2458 1384 2524 ἵστα-

89 2586 152 2647 μαι
171 2561 316 2645 λστασαι,
341 2574 392 2626 aut
413 2573 458 2626 est
479 2566 549 2627 τῶν
571 2563 619 2638 είς
648 2587 674 2627 ω
697 2568 841 2647 temporis
863 2568 1018 2647 praeteriti
1040 2567 1177 2646 perlecti,
1200 2563 1410 2646 πεφίλημαι,

89 2667 286 2749 πεφίλήσαι,
308 2666 483 2749 τετίμήμαι
504 2666 688 2749 τετίμησαι,
710 2676 741 2729 ct
762 2672 794 2729 in
815 2668 864 2729 bis
886 2686 1005 2748 semper
1027 2664 1247 2747 ίσοσυλλαβεί
1270 2670 1385 2747 primae

89 2770 221 2831 secunda
236 2788 373 2851 persona,
402 2770 534 2851 alioquin
556 2770 672 2851 reliqna
693 2773 792 2831 amaia
813 2789 890 2851 quae
913 2772 944 2831 io
966 2790 1025 2851 μαι
1047 2770 1196 2840 desinunt,
1220 2771 1282 2830 sive
1297 2786 1384 2848 prae·

89 2873 186 2933 sentis
206 2890 261 2933 seu
282 2873 377 2933 laturi
398 2874 468 2942 sint,
491 2880 552 2934 tam
574 2874 684 2952 passivi
705 2874 825 2951 generis
847 2892 937 2952 quam
951 2873 1116 2933 communis
1131 2889 1221 2933 unam
1237 2871 1384 2933 secundae

45 2996 75 3038 es
89 2992 237 3054 personae
267 2973 409 3054 syllabam
436 2974 606 3036 detrahunt.
638 2974 806 3055 καλοῦμαι
828 2974 933 3056 καλή,
961 2966 1089 3053 ὁρῶμαι
1111 2966 1192 3053 δρᾷ,
1220 2969 1385 3054 δηλοῦμαι

89 3072 199 3155 δηλοῖ,
221 3072 387 3157 βλέπομαι
407 3072 527 3158 βλέπῃ,
549 3070 774 3157 τιμηθήσομαι
789 3072 972 3157 τιμηθήσρ,
994 3071 1200 3157 λεχθήσομαι
1223 3069 1385 3155 λεχθήσή,

88 3173 271 3258 τιμήσομαι
292 3174 433 3260 τιμήσῃ,
463 3174 597 3259 λέξομαι
624 3173 713 3258 tcta.
758 3186 790 3239 et
819 3185 852 3239 ut
884 3178 1018 3239 advertas
1047 3178 1175 3240 faciliori
1198 3176 1383 3258 compendio,

88 3298 167 3359 qaae
188 3296 295 3358 graeca
317 3279 407 3340 rerba
429 3282 545 3359 passiva
560 3280 720 3342 secundam
741 3298 900 3360 personam
914 3282 1059 3341 minorem
1083 3279 1195 3359 syllaba
1220 3281 1383 3361 proterant,

90 3383 194 3461 accipe
221 3382 371 3460 generalis
398 3382 519 3460 regulae
541 3390 691 3463 repertam
714 3384 934 3444 necessitatem.
980 3384 1077 3443 omnis
1099 3382 1177 3461 apud
1200 3381 1266 3443 illos
1287 3384 1384 3462 prima

47 3502 218 3563 capersana
240 3486 365 3565 passiva,
389 3502 464 3564 quae
486 3486 583 3545 activo
604 3503 659 3545 sua
681 3484 792 3564 syllaba
814 3485 908 3545 maior
930 3490 984 3555 cst.
1007 3483 1081 3545 haec
1096 3482 1239 3563 syllabam
1256 3482 1385 3545 detrahit

89 3587 130 3647 de
152 3586 297 3658 sccunda;
320 3604 396 3666 quae
419 3587 550 3666 aequalis
572 3588 668 3647 activo
691 3595 745 3657 est,
768 3605 872 3667 parem
895 3588 925 3647 in
949 3586 1079 3648 secunda
1100 3593 1197 3647 tenet:
1221 3584 1310 3665 φιλοῖ
1326 3603 1382 3665 φι-

90 3687 228 3768 λοῦμαι,
250 3690 319 3768 quia
342 3678 491 3767 passivam
513 3690 606 3750 maius
628 3691 724 3749 activo
747 3697 801 3757 est,
825 3687 909 3769 φιλῇ
932 3688 1012 3757 iacit,
1035 3682 1122 3749 ἕλκω
1138 3682 1277 3768 ἕλκομαι
1291 3681 1384 3768 ἕλκῃ,

89 3787 210 3867 ἔλεγον
232 3784 398 3871 έλεγόμήν
414 3785 545 3870 ἐλέγου,
569 3785 679 3869 ἐβόων
702 3784 857 3871 έβοοίμην
880 3785 979 3870 adad,
1002 3784 1136 3871 λαλήσω
1151 3783 1385 3869 λαλήθήσομαι
1423 3848 1431 3857 ,

90 3886 284 3973 λαλήδήσῃι
307 3900 410 3953 cantra
432 3892 549 3973 εἴρηκα
572 3893 717 3973 είρημαι,
740 3894 809 3973 qaia
831 3910 885 3972 par
909 3894 1005 3953 activo
1026 3910 1080 3953 sua
1102 3898 1161 3961 est,
1186 3892 1257 3951 lacit
1279 3909 1384 3952 sccun-

48 4020 78 4059 ευ
91 3993 161 4053 dam
183 3989 414 4073 ἰσοσύλλαβον
436 3995 561 4074 primae,
584 3993 727 4074 είρήσαι,
749 3990 898 4075 ελρήκειν
914 3990 1054 4075 είρήμην
1069 3995 1196 4074 ελρησο,
1218 3988 1385 4073 λελάληκα

90 4089 277 4175 λελοίλημαι
303 4091 501 4176 λελάλησαι,
530 4092 747 4177 έλελαλήκειν
774 4092 983 4177 έλελαλήμην
1012 4090 1205 4176 ε’λελοὶλησο.
1251 4097 1282 4156 iu
1304 4097 1384 4156 omni

90 4196 183 4257 verbo
206 4198 420 4277 cuiuscumque
449 4200 591 4279 temporis
613 4201 709 4277 prima
731 4217 860 4279 persona
882 4200 914 4259 io
936 4218 995 4279 μαι
1016 4200 1173 4259 terminata
1197 4198 1340 4259 translato
1361 4216 1385 4276 μ

89 4300 122 4359 ia
143 4318 162 4359 τ
184 4298 315 4360 litteram
343 4300 505 4377 migratio
527 4303 647 4362 tertiam
669 4308 787 4362 serrata
814 4318 940 4362 numero
963 4299 1152 4379 syllabarum.
1186 4299 1238 4361 sed
1261 4299 1383 4381 paenul-

92 4402 197 4461 timam
218 4402 332 4461 retinet
354 4402 384 4461 ia
413 4398 649 4487 παρακειμένῳ
671 4403 793 4483 quidem
816 4422 903 4463 aurae
926 4401 1059 4471 verbum,
1081 4400 1266 4481 πεφίλήμαι
1287 4401 1383 4482 πεφί-

47 4531 77 4572 ,10
92 4502 200 4583 ληται,
223 4505 255 4563 in
277 4505 523 4582 praesentirem
546 4504 606 4565 sola
628 4508 717 4566 tertia
740 4502 881 4583 συζυγία
895 4499 1172 4585 περισπωμένων,
1195 4502 1385 4585 χρυσοῦμαι

89 4604 289 4684 χρυσοῦται.
333 4611 466 4666 ceteram
495 4608 591 4684 prima
612 4606 754 4667 transfert
777 4608 808 4666 ia
831 4624 861 4666 ει
884 4605 1108 4686 diphthongum,
1137 4608 1264 4685 quaein
1288 4608 1384 4686 prima

158 4760 191 4806 1o
207 4753 324 4825 Graecia]
343 4758 427 4823 gratia
443 4758 468 4807 P
537 4758 569 4808 lb
586 4749 760 4826 ἆροτριῶμαι
776 4760 885 4825 αοαίεείιΙ
901 4758 1047 4824 Ολιεομοεαε
1065 4772 1243 4825 αποτριωμαι
1260 4760 1285 4808 Ρ
1351 4760 1384 4809 26

88 4822 185 4897 δηλοῖ]
198 4822 326 4891 δηλουΡ
393 4825 687 4893 τιμυμαιδησομαιΡ
755 4829 788 4877 ιιι
801 4827 968 4894 proterantP
1036 4826 1195 4895 bladenaco]
1209 4828 1349 4897 eupator
