3350 5442
592 356 828 421 connodavit
1299 354 1360 420 175

1178 477 1201 518 p.
1214 466 1302 506 iao-n
1315 464 1337 505 1„

56 587 59 593 ·
83 554 108 606 et
125 546 153 605 ln
175 546 277 624 quinta
303 540 306 627 l
330 545 447 605 numeri
475 546 641 605 eommunis
664 553 747 617 sunt;
775 546 806 606 in
829 545 917 606 tertia
938 544 1135 606 declinatione
1157 546 1246 605 varie.
1291 550 1363 624 puta

82 650 108 709 in
127 648 219 728 prima
248 647 444 708 declinatione
474 655 518 708 cst
540 646 699 725 singularis
721 664 866 709 numerus
889 655 919 707 et
940 646 1078 726 pluralis,
1107 646 1181 708 haec
1202 646 1286 709 llusa
1307 645 1363 707 hae

81 750 186 820 llusae,
204 749 257 811 lile
280 752 394 812 leneas
416 750 447 810 hi
467 752 599 821 Aeneae,
623 751 673 811 hic
688 749 831 811 Anchises
853 748 886 809 hi
899 748 1059 819 Anchisam
1083 768 1139 811 nec
1161 750 1246 810 aliter
1268 756 1365 827 potest
1423 733 1426 737 ⁵

80 870 127 931 per
151 869 252 913 rernm
280 858 416 914 naturam
443 838 582 913 inveniri:
612 854 739 914 varietas
766 860 809 913 est
834 855 867 913 in
887 870 1012 914 numero
1034 850 1175 930 singulari
1197 859 1227 911 et
1249 850 1364 931 plurali.

59 957 140 1015 sitem
154 955 184 1013 in
201 952 329 1015 secunda
347 952 544 1015 declinatione
559 954 608 1015 hic
623 954 728 1015 doctus
743 953 774 1013 hi
790 952 883 1023 docti,
906 953 955 1014 hic
969 972 1044 1034 puer
1059 953 1091 1013 hi
1113 954 1212 1034 pueri,
1238 954 1363 1035 varietas

80 1063 126 1116 est.
166 1056 197 1115 in
220 1062 324 1134 quarta
352 1062 383 1115 et
408 1057 440 1116 in
462 1058 564 1134 quinta
593 1055 790 1117 declinatione
813 1072 933 1135 semper
955 1057 1122 1117 communis
1143 1072 1285 1117 numerus
1308 1061 1362 1124 est,

78 1166 106 1217 nt
124 1156 170 1217 hic
192 1156 299 1219 llnctus
323 1166 351 1218 et
370 1150 546 1228 hi'lluctus,
575 1156 624 1218 hic
646 1157 710 1219 dies
733 1158 813 1219 ethi
836 1158 908 1218 dies.
953 1166 1086 1219 ceterum
1107 1159 1138 1218 in
1161 1158 1248 1219 tertia
1272 1158 1360 1227 varie,

79 1258 227 1337 aliquando
242 1259 341 1320 diflert
355 1277 507 1330 numerus,
521 1259 682 1339 aliqnando
697 1262 863 1321 communis
878 1266 935 1320 est:
953 1259 1052 1320 differt
1065 1262 1098 1320 in
1113 1260 1169 1321 hac
1183 1258 1361 1328 elocutione,

78 1361 119 1421 hic
144 1368 227 1439 pater
254 1360 286 1421 hi
312 1368 425 1441 patres:
461 1363 626 1423 communis
656 1364 757 1424 estin
785 1362 841 1423 hac
868 1361 1050 1433 elocutione,
1081 1361 1155 1423 haec
1182 1360 1279 1422 claves
1305 1359 1363 1421 hae

52 1461 174 1524 roclaves
720 1457 724 1463 ’
1455 1511 1470 1536 ,

152 1564 188 1626 m
218 1566 355 1643 quoniam
382 1565 473 1627 incidi
500 1566 533 1625 in
560 1564 640 1627 hunc
668 1572 840 1637 tractatum,
869 1584 929 1626 non
951 1575 981 1627 tc
1002 1564 1085 1626 fallat
1105 1563 1193 1635 illud,
1216 1564 1296 1645 quod
1319 1571 1434 1640 estotto,
1447 1578 1479 1628 37

78 1666 193 1747 ubique:
217 1676 262 1728 est
284 1668 363 1728 enim
385 1670 470 1729 ratio.
516 1667 626 1748 ubique
647 1668 813 1729 invenimus
836 1670 956 1729 nomina
977 1670 1083 1729 tertiae
1106 1666 1311 1729 declinationis
1331 1669 1363 1727 in

78 1767 193 1830 ablativo
221 1768 364 1847 singulari
391 1788 454 1831 csse
484 1777 636 1849 correpta,
664 1777 696 1831 ut
723 1770 759 1831 ab
787 1769 845 1831 hoc
872 1777 970 1849 patre,
1001 1788 1017 1831 e
1039 1769 1136 1831 brevis
1159 1776 1218 1839 est;
1248 1770 1285 1831 ab
1306 1768 1364 1831 hac

79 1877 172 1940 matre,
197 1890 214 1931 e
236 1870 335 1931 brevis
358 1877 415 1940 est;
439 1870 475 1933 ab
497 1871 555 1932 hoc
577 1878 702 1943 amante,
727 1878 757 1932 et
777 1874 878 1932 nescio
894 1890 969 1953 quae
992 1871 1058 1933 alia.
1088 1872 1121 1932 in
1142 1870 1268 1933 ablativo
1292 1888 1363 1949 ergo

50 1971 210 2049 osingularl
232 1974 354 2034 nomina
376 1992 393 2033 e
414 1974 495 2035 linita
519 1992 535 2033 e
558 1974 679 2035 brevem
707 1971 825 2034 habent.
870 1973 923 2035 sed
951 1976 1117 2037 invenimus
1139 1973 1177 2035 ab
1198 1974 1256 2036 hac·
1275 1973 1361 2041 lame,

80 2073 225 2153 elongem
248 2076 424 2137 invenimus.
469 2075 543 2137 haec
570 2076 663 2137 lomes
692 2075 778 2138 huius
800 2074 900 2138 lamis:
934 2095 994 2157 quo
1017 2077 1104 2138 modo
1126 2084 1223 2158 potest
1245 2076 1310 2137 lleri
1330 2081 1365 2136 ut

77 2178 234 2238 inveniatur
257 2176 399 2238 ablativus
422 2196 438 2239 c
460 2178 560 2239 imitus
583 2178 587 2261 Ι
611 2178 774 2259 productus
798 2178 880 2239 essel
902 2180 979 2240 seire
1001 2179 1092 2241 debes
1112 2180 1251 2259 quoniam
1274 2176 1363 2239 modo

76 2279 246 2345 italactum
274 2287 333 2349 cst,
365 2288 398 2340 ut
424 2281 465 2340 ita
493 2278 667 2342 declinetur.
712 2298 781 2341 nam
815 2280 893 2361 apud
929 2283 1058 2346 maiores
1090 2290 1210 2342 nostros
1243 2282 1364 2360 quintae
1467 2339 1472 2351 ,

77 2381 165 2441 luerat
198 2380 418 2452 declinationis,
453 2380 527 2443 haec
560 2383 653 2443 lames
685 2380 773 2445 huius
801 2384 899 2444 lamei.
946 2394 976 2444 et
1008 2385 1197 2445 inveniuntur
1230 2380 1364 2462 exempla

48 2496 67 2536 ro
78 2481 197 2560 plurima
229 2482 361 2565 [multa].
405 2492 573 2546 coacervata
603 2493 672 2546 sunt
698 2486 754 2545 ista
782 2482 917 2565 exempla
944 2486 975 2545 in
1002 2488 1068 2566 ipso
1096 2486 1177 2554 loco,
1212 2483 1263 2545 ubi
1289 2484 1364 2545 haec

76 2586 142 2645 ratio
165 2584 282 2647 reddita
306 2592 352 2647 est
381 2584 418 2646 de
451 2586 537 2648 lame.
581 2604 651 2667 ergo
674 2587 756 2648 vides
783 2587 863 2667 quod
884 2589 1028 2648 remansit
1049 2586 1126 2667 apud
1149 2587 1282 2657 Latinos,
1307 2603 1364 2663 qua

76 2688 184 2747 ratione
207 2687 382 2767 productam
407 2708 422 2749 e
445 2690 613 2751 invenimus
634 2692 666 2750 ln
689 2688 812 2751 ablativo
835 2690 922 2751 lame.
967 2690 1042 2769 siqui
1065 2689 1144 2750 dicat
1164 2688 1219 2749 tibi
1241 2690 1363 2749 ‘nomen

75 2790 173 2849 tertiae
196 2788 403 2851 declinationis
426 2792 503 2871 quod
526 2800 572 2853 est
593 2809 711 2871 semper
733 2792 895 2871 corripitur
908 2792 939 2852 in
955 2773 1096 2862 ablativo,
1120 2799 1150 2851 et
1170 2809 1227 2871 qna
1249 2792 1364 2851 ratione

77 2889 126 2951 lroc
147 2894 314 2953 invenimus
336 2892 533 2972 productum?
558 2893 661 2955 ubiubi
685 2894 763 2954 enim
785 2895 952 2955 invenimus
973 2894 1060 2965 lame,
1084 2911 1203 2972 semper
1225 2891 1363 2973 produci·

48 2997 150 3053 stor’:
174 2992 317 3055 ablativus
339 2998 364 3055 si
387 2998 491 3056 tertiae
515 2993 720 3056 declinationis
743 3002 803 3064 est,
833 2997 1002 3076 corripitur.
1045 2995 1097 3057 sed
1121 2997 1198 3056 scire
1220 2993 1365 3056 debemus

77 3094 147 3173 quod
168 3096 212 3157 ita
233 3095 311 3176 apud
334 3098 463 3158 maiores
485 3106 603 3158 nostros
625 3097 806 3159 declinatum
828 3097 886 3158 hoc
907 3116 1016 3159 nornen
1040 3097 1146 3158 luerat.
1183 3095 1262 3174 quod
1285 3098 1363 3157 enim

77 3198 235 3258 invenimus
258 3214 274 3257 e
296 3198 475 3278 productum
496 3200 528 3259 in
550 3198 689 3271 ablativo,
713 3218 773 3261 non
795 3202 906 3261 venita
923 3201 1023 3269 tertia,
1047 3199 1138 3260 seda
1160 3200 1262 3278 quinta
1285 3199 1366 3259 venit

77 3301 197 3379 antiqua.
228 3298 342 3381 ubique
364 3302 442 3363 enim
465 3301 543 3380 apud
565 3304 700 3381 antiquos
714 3304 757 3363 sic
772 3302 913 3382 legimus,
937 3302 1011 3363 haec
1033 3301 1126 3362 lanies
1148 3301 1237 3363 huius
1258 3301 1362 3369 famei:

78 3406 102 3459 et
121 3401 190 3463 inde
211 3404 293 3463 venit
314 3402 351 3465 ab
373 3403 429 3464 hac
451 3403 541 3473 lame,
568 3400 655 3489 [ergo
669 3412 713 3465 est
728 3422 870 3466 numerus
885 3402 1054 3486 singularis]
1071 3404 1145 3465 haec
1165 3404 1260 3465 lames
1275 3402 1365 3464 huius

51 3504 158 3564 nlamei
180 3503 219 3565 ab
240 3503 297 3566 hac
319 3506 406 3566 lame.
437 3504 528 3567 habes
551 3506 660 3568 hocin
683 3507 778 3586 Capro
807 3507 844 3568 de
872 3506 972 3585 lingua
994 3506 1100 3577 latina,
1124 3525 1184 3569 non
1207 3505 1245 3566 de
1266 3504 1364 3566 dubiis

76 3606 238 3683 generibus.

150 3708 231 3788 Ergo
247 3716 293 3771 est
308 3727 450 3771 numerus
465 3710 637 3789 singularis,
661 3710 709 3771 hic
724 3710 844 3780 doctus,
869 3708 874 3796 Ι
897 3729 1042 3773 numerus
1062 3710 1200 3791 pluralis,
1224 3709 1255 3770 hi
1269 3709 1363 3778 docti;

78 3817 114 3869 est
134 3829 280 3873 numerus
302 3813 482 3883 communis,
512 3812 576 3873 dies
598 3812 713 3874 fluctus.
760 3814 811 3875 sed
840 3816 918 3875 scire
945 3813 1088 3875 debemus
1116 3813 1166 3874 illa
1189 3831 1254 3874 esse
1275 3811 1364 3891 plena

77 3916 202 3986 nomina,
227 3932 303 3993 quac
325 3913 437 3975 habent
459 3933 600 3977 numeros
621 3934 700 3978 suos.
743 3922 812 3995 puta
836 3914 885 3975 hic
912 3916 1017 3977 doctus
1044 3934 1186 3977 numerus
1206 3913 1364 3993 singularis

53 4023 128 4085 aest,
150 4016 183 4077 hi
207 4016 286 4077 docti
309 4035 451 4078 numerus
473 4016 595 4097 pluralis
617 4026 670 4079 cst.
717 4025 815 4077 ‘tamen
838 4019 1029 4081 inveniuntur
1051 4020 1171 4079 nomina
1194 4035 1269 4095 qnae
1291 4014 1362 4076 dell-

79 4118 150 4178 ciunt
170 4120 203 4179 in
224 4125 351 4200 utroque
373 4138 507 4183 numero.
551 4139 610 4181 non
640 4121 718 4181 enim
746 4128 831 4200 potes
851 4122 987 4183 invenire
1013 4140 1121 4182 nomen
1145 4118 1224 4198 qnod
1245 4118 1364 4198 penitus

79 4272 375 4286 ⁸¹¹-—-—-——

139 4376 359 4429 lcomrnuncsA
411 4378 482 4428 dest
499 4376 633 4429 om.Anc
685 4375 717 4428 10
731 4376 811 4427 clauis
823 4376 871 4428 ΒΟ
923 4378 957 4427 14
970 4392 1035 4440 quae
1048 4376 1098 4427 alia
1112 4374 1146 4427 a*
1164 4391 1214 4439 qun
1232 4376 1280 4425 olio
1291 4375 1365 4426 ABG

139 4447 171 4498 15
188 4448 257 4497 linito
275 4448 330 4499 BG
348 4446 417 4497 linito
435 4448 594 4497 terminantia
607 4448 632 4495 A
690 4448 722 4499 ltl
739 4447 779 4497 lon
802 4462 843 4496 am
861 4449 1006 4499 inuenimus
1023 4447 1086 4497 hoec
1098 4443 1202 4497 BGa*.·
1217 4447 1363 4496 innenimns

81 4516 160 4565 oum
213 4518 245 4568 21
266 4516 367 4567 reddita
385 4525 423 4567 est
441 4518 624 4570 BOredditnr
642 4519 666 4567 A
718 4462 880 4583 quodffquid
901 4518 989 4568 ABG
1036 4532 1085 4582 qua
1103 4518 1201 4567 ratione
1219 4517 1363 4566 inuenimus

81 4584 216 4647 productam
236 4602 250 4637 s
267 4588 414 4639 inuenimus
432 4590 457 4638 Α
544 4588 578 4641 23
597 4584 646 4655 est]
668 4591 725 4639 eia
741 4590 818 4639 litura
836 4584 872 4637 a*
942 4588 1047 4653 corripit
1065 4587 1118 4637 Ac
1204 4588 1239 4637 24
1257 4588 1300 4636 nbi
1318 4587 1364 4635 ubi

82 4656 136 4705 enim
153 4658 196 4706 Ga
217 4658 261 4707 ubi
283 4659 350 4708 enim
372 4658 429 4708 AB
515 4656 550 4707 29
567 4672 687 4707 numerus
706 4659 731 4707 Α
749 4659 849 4708 numeri
868 4658 942 4707 BOa
1026 4658 1061 4708 30
1079 4672 1129 4706 non
1146 4658 1178 4707 de
1197 4658 1283 4707 dubiis
1296 4657 1364 4708 Bne

84 4726 265 4777 nondubiisA
290 4742 342 4779 non
361 4728 539 4781 dednb..G
607 4728 641 4778 32
664 4728 763 4777 nnmeri
786 4728 927 4796 singularis
945 4728 996 4777 BC
1066 4729 1164 4777 numeri
1185 4727 1290 4793 pluralis
1311 4726 1364 4777 BG

91 4794 153 4847 -ta
171 4800 269 4849 numeri
288 4799 432 4849 communis
448 4798 533 4849 ABG
593 4797 626 4849 :to
645 4800 750 4849 nomina
769 4813 833 4861 quae
851 4799 954 4848 nomina
971 4798 1091 4849 deliciunt
1109 4798 1162 4849 BC
1226 4797 1363 4865 aspona

84 4863 185 4918 inuenire
200 4869 281 4919 Ano
297 4879 382 4936 potest
401 4870 510 4920 inueniri
526 4864 583 4919 o*c
