3350 5442
716 324 786 386 ΑΗΒ
1336 328 1398 391 333

97 507 290 570 universam
312 516 416 571 artem
438 507 616 593 conplexus
639 519 724 588 erat,
748 508 880 573 relictos
904 530 986 575 esse.
1016 531 1091 573 nam
1107 532 1147 573 ea
1161 510 1292 596 quidem
1315 534 1398 597 quae

97 612 134 671 in
166 630 230 672 uno
259 608 412 672 Leidensi
440 608 553 672 codiee
580 606 620 672 de
647 608 782 694 reliquis
811 610 961 694 partibus
992 610 1152 675 orationis
1180 612 1295 677 addita
1323 624 1397 679 sunt

99 718 171 773 tam
198 707 300 772 exilia
327 719 359 772 et
388 719 456 773 tam
485 709 592 774 aliena
616 710 658 772 ab
688 709 784 774 huius
806 712 1013 794 grammatici
1036 711 1163 777 ratione
1185 724 1275 793 sunt,
1298 723 1336 778 ut
1357 737 1397 778 ne

98 832 162 895 pro
190 809 354 895 excerptis
383 810 515 894 quidem
542 807 630 873 illius
658 809 810 875 habenda
837 812 920 893 sint,
949 813 1008 877 sed
1035 813 1144 898 potius
1168 814 1211 878 ad
1233 814 1395 880 defectum

98 910 321 998 supplendum
343 909 474 975 aliunde
495 911 670 975 videantur
691 910 829 976 collecta
852 934 934 976 csse.
971 914 1062 998 atqui
1084 913 1304 1002 inscriptura
1325 940 1395 982 ver-

98 1015 217 1076 borum
240 1035 368 1098 quoque
391 1013 518 1076 codices
541 1034 621 1097 quos
644 1034 744 1097 supra
766 1012 836 1077 dixi
864 1022 897 1077 et
918 1014 1002 1077 inter
1024 1036 1058 1077 se
1081 1023 1114 1078 et
1136 1037 1209 1079 cum
1231 1020 1394 1104 excerptis

97 1113 392 1196 grammaticorum
424 1114 472 1177 ita
504 1114 729 1193 consentiunt,
759 1123 797 1177 ut
826 1137 927 1178 unum
961 1125 993 1179 et
1020 1136 1224 1179 communem
1252 1120 1395 1182 omnium

96 1217 227 1279 fontem
249 1237 321 1279 esse
342 1216 509 1300 adpareat.
541 1214 765 1299 discrepantes
789 1214 875 1278 enim
897 1216 1045 1281 codicum
1068 1219 1261 1303 scripturae,
1284 1242 1393 1305 quam-

97 1317 151 1381 vis
175 1338 312 1381 numero
335 1315 521 1403 frequentes
544 1317 627 1397 sint,
655 1324 764 1379 tamen
792 1337 904 1381 omnes
931 1316 1000 1381 fere
1028 1318 1062 1381 in
1085 1339 1122 1381 eo
1145 1331 1318 1384 versantur
1340 1344 1394 1405 ge-

95 1439 194 1499 nere,
218 1418 307 1503 quod
328 1440 395 1483 non
416 1429 484 1482 tarn
505 1439 548 1481 ex
563 1416 755 1481 diversitate
776 1417 911 1503 originis
935 1416 1064 1503 longius
1086 1427 1211 1484 remota
1233 1444 1328 1507 quam
1352 1444 1393 1487 ex

96 1518 310 1583 librariorum
343 1518 396 1583 vel
428 1517 637 1603 neglegentia
667 1518 721 1583 vel
753 1516 888 1582 licentia
919 1519 1131 1605 repetendum
1159 1522 1211 1585 sit.
1256 1544 1331 1589 nam
1358 1506 1392 1586 in

97 1620 212 1684 verbis
237 1619 366 1685 diverso
394 1619 490 1685 modo
511 1618 679 1685 collocatis
701 1619 755 1685 vel
783 1618 852 1683 sine
874 1620 1026 1704 graviore
1049 1620 1243 1687 detrimento
1267 1634 1392 1688 senten-

97 1722 164 1785 tiae
187 1722 323 1786 mutatis
346 1722 433 1785 etin
456 1718 615 1807 exemplis
637 1720 824 1811 regularum
839 1720 960 1787 additis
976 1721 1029 1785 vel
1051 1721 1195 1802 omissis,
1217 1722 1251 1785 in
1274 1700 1392 1809 quibus

95 1823 196 1887 rebus
229 1821 367 1887 multum
399 1822 434 1885 in
465 1822 528 1886 hoc
558 1843 677 1907 genere
709 1820 891 1886 litterarum
924 1823 986 1888 sibi
1019 1833 1226 1908 sumpserunt
1252 1824 1390 1907 librarii,

97 1945 219 2007 magna
245 1923 402 1987 librorum
429 1924 572 1989 varietas
601 1922 872 2008 deprehenditur3
899 1924 932 1986 in
960 1922 1168 2008 gravioribus
1190 1924 1287 1989 rebus
1317 1947 1390 1989 raro

96 2024 307 2090 dissentiunt.
336 2046 420 2110 quae
442 2046 516 2089 eum
538 2026 586 2089 ita
608 2026 689 2105 sint,
712 2047 777 2089 uno
800 2022 926 2107 codice,
950 2024 984 2089 in
999 2048 1062 2109 quo
1086 2025 1148 2089 hae
1170 2024 1258 2090 solae
1281 2035 1390 2111 partes

96 2128 167 2191 sive
195 2148 276 2191 casu
303 2123 436 2210 relictae
464 2126 535 2190 sive
563 2126 698 2191 consilio
727 2122 850 2190 electae
877 2136 985 2199 erant,
1014 2148 1056 2189 ex
1078 2127 1259 2211 antiquiore
1282 2137 1390 2193 aetate

96 2227 138 2291 ad
160 2228 359 2313 posteriores
381 2227 612 2312 grammaticos
635 2226 743 2292 delato
764 2248 892 2291 omnem
913 2226 1080 2292 Consentii
1103 2230 1293 2293 memoriam
1314 2250 1388 2293 con·

97 2329 194 2393 tineri
216 2328 373 2392 dicemus.
403 2337 436 2392 et
457 2328 610 2413 quoniam
633 2328 773 2414 primum
795 2349 815 2391 a
838 2327 944 2393 Scotis
967 2330 1187 2411 grammaticis
1209 2329 1279 2392 eius
1302 2342 1391 2393 meni

97 2430 217 2495 tionem
240 2430 363 2495 factam
384 2440 417 2495 et
438 2428 585 2495 codicem
599 2429 642 2494 ad
657 2428 835 2493 Bobienses
858 2438 1078 2494 transvectum
1101 2450 1171 2509 esse
1194 2430 1388 2505 invenimus,

97 2530 227 2595 illorum
250 2530 367 2595 studiis
390 2529 600 2595 tribuendum
622 2530 825 2615 putabimus,
850 2530 936 2616 quod
960 2530 1190 2616 archetypum,
1215 2553 1256 2593 ex
1279 2531 1389 2617 quoii

98 2632 229 2697 codices
251 2632 369 2717 quibus
392 2632 553 2717 posterior
574 2640 665 2695 aetas
688 2631 842 2696 utebatur
864 2631 952 2696 ducti
975 2639 1066 2710 sunt,
1095 2641 1261 2695 servatum
1284 2644 1343 2696 est.

179 2733 431 2799 Consentiorum
453 2731 611 2797 familiam
633 2732 747 2817 quinto
769 2732 899 2796 saeculo
923 2731 1012 2818 apud
1034 2731 1263 2797 Narbonenses
1290 2732 1389 2799 laude

98 2832 275 2899 litterarum
300 2833 449 2898 floruisse
483 2834 626 2898 carmine
653 2831 781 2898 Sidonii
814 2831 1015 2917 Apollinaris
1042 2833 1197 2898 vicesimo
1225 2834 1322 2899 tertio
1355 2843 1389 2899 et

98 2934 236 3019 epistula
264 2934 393 2999 V1114
420 2935 464 2999 ad
492 2934 702 3000 Consentium
728 2933 992 3013 Narbonensem,
1026 2934 1166 2998 amicum
1197 2934 1323 2999 Sidonii
1356 2946 1390 3001 et

98 3046 225 3120 poetam
247 3035 404 3116 nobilem,
434 3036 564 3122 seriptis
593 3045 732 3102 constat.
778 3058 819 3101 ex
846 3034 908 3099 hac
930 3033 1057 3097 familia
1078 3034 1180 3099 fuisse
1201 3036 1387 3119 grammati-

99 3159 167 3201 cum
194 3137 289 3203 cuius
318 3137 418 3202 libros
446 3135 600 3221 legimus,
629 3135 810 3221 probabilis
840 3145 891 3199 est
918 3136 1104 3199 coniectura
1129 3135 1331 3205 Lachmauni
1354 3137 1387 3199 in

99 3239 280 3304 Terentiam
310 3238 416 3303 Maur.
445 3238 548 3324 praef.
579 3259 610 3321 p.
635 3236 734 3301 XIII.
781 3260 856 3301 nam
885 3235 971 3323 quod
1001 3244 1033 3301 et
1061 3235 1137 3302 olim
1159 3238 1323 3301 Funccius
1346 3238 1387 3301 de

99 3340 188 3405 inert.
216 3337 257 3405 ac
284 3342 413 3427 deerep.
443 3338 499 3403 lat.
527 3338 607 3423 ling.
629 3361 698 3403 sen.
722 3362 754 3425 p.
776 3339 840 3403 322
863 3340 1045 3424 suspicatus
1069 3348 1154 3420 erat,
1179 3349 1212 3403 et
1235 3339 1387 3404 Osannus

100 3442 200 3525 symb.
224 3442 268 3507 ad
289 3442 365 3505 hist.
388 3440 452 3505 litt.
476 3464 507 3505 v.
532 3439 566 3502 II
590 3464 622 3527 p.
645 3439 708 3503 344
731 3462 800 3525 sqq.
824 3438 1047 3503 demonstrare
1070 3447 1204 3503 conatus
1227 3449 1288 3521 est,
1312 3462 1386 3503 eum

100 3544 199 3627 ipsum
228 3565 301 3607 esse
328 3542 371 3607 ad
398 3563 494 3625 quem
523 3542 676 3606 Sidonius
700 3540 899 3626 scripsisset,
929 3538 1050 3603 nullam
1073 3539 1385 3604 commendationem

101 3643 192 3709 babet
213 3644 257 3708 ab
278 3644 318 3706 iis
341 3664 425 3729 quae
447 3642 534 3728 apud
555 3642 648 3705 illum
676 3642 798 3725 scripta
819 3648 910 3722 sunt,
940 3640 1101 3725 siquidem
1124 3640 1158 3703 in
1180 3639 1313 3728 reliquis
1335 3640 1384 3707 lit-

102 3754 235 3808 terarum
263 3744 415 3809 laudibus
443 3766 524 3829 quas
553 3742 756 3829 praedicavit
782 3742 863 3805 artis
891 3742 1127 3825 grammaticae
1157 3742 1294 3807 scientia
1321 3767 1384 3808 non

102 3857 146 3910 est
167 3845 310 3911 laudata.
355 3845 411 3909 sed
434 3843 515 3908 illud
537 3852 626 3909 recte
647 3844 772 3907 monuit
794 3844 963 3922 Osannus,
987 3839 1128 3905 Galliam
1153 3864 1223 3906 esse
1245 3845 1384 3929 patriam

102 3947 299 4028 grammatici
321 3944 460 4011 indicari
483 3945 523 4008 iis
547 3967 630 4030 quae
646 3944 687 4008 de
702 3944 887 4008 nominibus
909 3942 1038 4007 urbium
1060 3945 1226 4028 praecepit
1253 3967 1284 4029 p.
1300 3945 1383 4008 2027

103 4057 132 4109 et
150 4049 242 4113 2030.
265 4070 371 4133 neque
386 4048 472 4111 enim
487 4068 565 4110 casu
587 4046 709 4110 factum
724 4044 842 4127 videri,
860 4043 948 4130 quod
963 4042 1156 4129 gallicarum
1178 4046 1383 4130 potissimum

103 4148 223 4213 urbium
246 4151 389 4230 nomina,
411 4149 510 4233 inque
531 4148 571 4211 iis
594 4146 781 4212 Narbonem
804 4155 836 4210 et
852 4145 1041 4226 Baeterrae,
1063 4144 1121 4210 ubi
1137 4144 1304 4210 Consentii
1327 4147 1382 4209 ha-

106 4248 259 4332 bitabant,
287 4250 533 4332 nominavisset.
578 4248 657 4334 quin
690 4249 789 4312 ctiam
820 4246 949 4312 dicendi
983 4269 1085 4331 genus
1118 4246 1316 4333 exquisitum
1351 4260 1384 4311 et

106 4349 304 4416 artificiosum
341 4359 374 4414 et
409 4374 429 4413 a
464 4348 595 4435 vulgari
630 4349 919 4433 grammaticorum
951 4346 1184 4411 consuetudine
1215 4347 1383 4411 diversum
1464 4434 1465 4439 η

106 4449 211 4530 gallico
233 4452 365 4517 bouune
381 4450 489 4516 studio
512 4450 695 4515 rhetoricae
717 4450 812 4531 artis,
836 4448 924 4535 quod
947 4456 1015 4511 tum
1037 4448 1177 4512 maxime
1201 4447 1289 4533 apud
1305 4447 1383 4512 Gal·
1501 4445 1504 4449 ’

106 4547 148 4614 los
173 4551 324 4634 florebat,
354 4552 484 4617 exculto
512 4575 577 4618 non
604 4552 776 4636 indignum
804 4572 875 4614 esse
903 4547 1044 4614 videtur.
1093 4571 1158 4635 qua
1186 4551 1382 4615 auctoritate

108 4660 201 4715 autem
233 4652 410 4718 Sichardus
442 4654 479 4717 P.
505 4652 717 4718 Consentium
749 4652 931 4716 Romanum
964 4650 1086 4715 dixerit
1121 4650 1381 4733 grammaticum,

109 4750 176 4814 mihi
195 4777 256 4819 non
280 4763 420 4819 constat.
465 4776 568 4842 neque
591 4751 665 4839 plus
687 4750 898 4817 tribuendum
921 4761 970 4816 est
998 4750 1038 4815 iis
1061 4772 1144 4838 quae
1166 4749 1200 4813 in
1222 4751 1381 4816 Beruensi
