3350 5442
631 330 868 393 colluuntur
1336 329 1400 393 249

1214 451 1235 493 p.
1248 440 1338 483 aco-ae
1352 440 1375 479 ι,

103 516 164 579 beo
186 518 286 580 dicere
308 518 345 579 de
367 520 457 589 intus,
481 517 517 579 de
540 519 622 589 loris,
646 525 679 580 ut
700 520 806 597 iungas
828 520 1074 599 praepositiones.
1106 537 1177 598 ergo
1199 536 1309 599 usurpa
1327 518 1399 581 illud

104 628 138 681 ct
158 618 254 701 aliqua
276 621 320 681 sic
341 619 403 690 dic,
430 618 435 702 1
460 620 496 681 ad
525 621 603 682 intro
632 628 662 681 et
689 618 724 681 ed
748 620 836 681 iores.
883 640 958 700 cogo
987 629 1016 682 te
1039 639 1111 699 ergo
1134 628 1165 683 et
1185 623 1229 683 sic
1251 619 1346 700 loqui,
1375 624 1400 683 si

104 723 232 801 iungere
255 720 383 785 uolueris
405 724 656 803 praepositiones:
689 729 720 784 ιιι
741 724 892 802 possimus
913 726 1044 803 apertius
1068 722 1258 803 intellegere,
1282 723 1400 805 quando

103 833 177 885 sunt
196 826 252 885 ista
275 826 305 885 io
329 824 404 895 loco,
428 823 546 905 quando
569 824 605 887 de
634 822 714 893 loco,
745 822 889 886 debemus
911 823 1021 887 addere
1048 828 1298 906 praepositiones,
1326 844 1399 904 quo·

73 928 186 989 eniam
207 926 245 988 de
267 926 411 1005 siguificat
433 926 470 987 de
492 926 558 989 loco
580 945 655 997 esse,
679 924 716 988 de
737 927 818 987 iotus
841 932 870 986 et
892 925 929 986 de
951 928 1035 991 loris.
1069 945 1140 1007 ergo
1163 930 1188 988 si
1210 928 1266 989 hoc
1289 935 1343 999 est,
1367 936 1401 990 ut

99 1028 174 1090 ideo
202 1028 301 1091 dicant
328 1012 492 1091 addendam
522 1046 589 1089 esse
623 1030 888 1109 praepositionem,
923 1032 1063 1106 quoniam
1090 1030 1236 1109 significat
1263 1029 1300 1091 de
1333 1030 1399 1091 loco

101 1139 217 1212 aperte,
242 1149 297 1210 ego
320 1149 394 1211 cogo
416 1140 446 1193 te
468 1131 568 1193 dicere
589 1130 626 1192 ad
648 1132 737 1200 iutro,
762 1130 798 1191 ed
821 1131 910 1200 iores,
934 1114 1112 1213 ut'apertius
1133 1132 1170 1194 ad
1191 1130 1290 1193 locum
1308 1133 1399 1209 sigui·

100 1234 185 1295 lices.
230 1236 364 1296 novimus
387 1235 467 1295 enim
490 1236 557 1313 quie
580 1234 616 1295 ad
639 1232 675 1294 ad
698 1232 797 1295 locum
819 1232 973 1312 significat.
1020 1251 1091 1312 ergo
1121 1233 1213 1295 debes
1240 1232 1341 1294 dicere
1363 1233 1401 1295 ad

102 1338 201 1407 intro,
237 1343 271 1397 ut
298 1337 430 1417 apertius
459 1336 607 1414 significes
636 1334 671 1396 ad
701 1332 808 1397 locum.
861 1333 913 1396 sed
942 1335 999 1396 boc
1030 1353 1217 1415 nequaquam
1243 1354 1402 1416 possumus

63 1452 87 1492 ro
105 1438 215 1507 lacere,
240 1444 270 1499 et
291 1439 402 1499 utimur
423 1438 488 1499 sine
510 1438 740 1518 praepositione.
777 1444 807 1498 et
829 1436 948 1514 quando
970 1440 1009 1499 sit
1031 1440 1206 1517 significatio
1227 1438 1273 1499 vel
1288 1440 1319 1499 in
1334 1438 1401 1499 loco

103 1540 151 1601 vel
174 1539 309 1609 deloco,
333 1540 370 1601 de
393 1538 492 1602 verbis
514 1539 671 1618 intellegis.

191 1642 304 1705 Accidit
316 1644 403 1703 ctiam
416 1645 587 1722 conparatio
599 1641 755 1703 adverbiis.
780 1642 1007 1722 cooperationes
1021 1641 1229 1704 adverbiorum
1239 1650 1303 1705 tres
1316 1650 1400 1706 sunt:
1412 1648 1473 1710 415,
1485 1649 1519 1697 24

103 1754 157 1806 aut
170 1746 247 1805 euim
260 1746 418 1825 positivum
429 1743 552 1823 gradum
567 1744 717 1824 recipiunt
732 1751 782 1806 eut
797 1746 1018 1824 cooperativum
1032 1751 1082 1805 aut
1096 1745 1317 1825 superlativum.
1341 1748 1402 1827 pri·
1414 1717 1474 1846 ἓξὲξ
1488 1718 1520 1834 ἐξ

102 1866 188 1909 mum
208 1849 286 1908 scire
308 1846 399 1907 debes
421 1865 481 1908 non
504 1848 602 1907 omnia
626 1845 766 1908 adverbia
787 1848 925 1926 recipere
940 1848 1177 1926 cooperationes,
1200 1848 1252 1909 sed
1276 1866 1402 1929 eaquae

64 1964 88 2005 15
104 1950 220 2012 ‹lucrrot
235 1950 380 2028 originem
397 1948 596 2011 auomioibus
612 1948 826 2028 recipientibus
842 1949 1096 2028 conparationem.
1119 1967 1178 2010 ooo
1194 1968 1283 2011 omne
1297 1949 1400 2011 adver·

104 2052 189 2113 bium
204 2051 312 2131 recipit
326 2052 577 2131 cooperationem,
604 2050 655 2112 sed
676 2050 706 2111 id
722 2050 904 2122 adverbium,
927 2050 1006 2131 quod
1021 2052 1128 2131 recipit
1150 2054 1401 2133 conparationem,

105 2154 186 2215 veuit
202 2171 218 2213 a
235 2152 404 2215 nominibus
425 2152 638 2234 recipientibus
653 2154 905 2233 conparationem.
930 2162 1001 2234 puta
1017 2153 1122 2215 doctus
1136 2155 1244 2234 recipit
1257 2172 1401 2234 conpara·

103 2258 226 2326 tionem,
245 2255 332 2316 docte
353 2254 479 2317 doctius.
516 2274 548 2316 ea
566 2272 637 2334 ergo
655 2253 793 2316 adverbia
810 2256 960 2334 recipiunt
975 2258 1226 2335 conparationem,
1246 2272 1321 2334 quae
1337 2256 1401 2338 dn:-

104 2364 179 2418 cunt
193 2358 339 2435 originem
355 2375 370 2417 e
387 2356 556 2418 nominibus
571 2355 783 2437 recipientibus
799 2359 1052 2437 cooperationem.
1075 2358 1145 2435 quid
1162 2376 1233 2437 ergo
1249 2360 1402 2437 sequitur?

65 2474 91 2515 eo
104 2458 155 2520 ille
179 2458 326 2529 adverbia,
351 2477 427 2538 qnae
451 2458 562 2520 ducunt
583 2460 728 2537 originem
744 2477 760 2519 a
776 2458 877 2529 verbo,
901 2476 962 2520 noo
984 2461 1134 2540 recipiunt
1150 2462 1400 2540 conparationem,

105 2563 245 2640 quioniam
278 2561 398 2623 verbum
434 2579 494 2622 non
523 2562 629 2640 recipit
662 2563 915 2640 conparationem.
966 2570 998 2623 ut
1030 2569 1102 2642 puta
1134 2564 1246 2623 cursim
1276 2563 1401 2624 strictim

106 2682 167 2725 noo
195 2664 347 2744 recipiunt
375 2665 634 2744 conparationem,
668 2664 807 2743 quoniam
836 2662 948 2724 ducunt
974 2665 1118 2741 originem
1146 2682 1162 2724 a
1187 2663 1293 2733 verbo,
1323 2662 1401 2742 quod

104 2764 230 2827 verbum
254 2783 312 2826 uoo
335 2768 442 2846 recipit
464 2766 715 2844 conparationem.
750 2765 820 2843 quid
844 2764 893 2825 illa
916 2764 1065 2833 adverbia,
1089 2782 1165 2843 quae
1187 2767 1332 2844 originem
1349 2764 1401 2825 dn·

106 2875 178 2928 crint
205 2886 220 2927 a
249 2870 440 2946 pronomine,
470 2868 589 2928 meatim
618 2868 739 2928 tuatim?
773 2886 834 2928 noo
861 2869 1013 2945 recipiunt
1040 2867 1298 2946 conparationem,
1328 2885 1402 2945 quo·

65 2988 91 3029 ee
106 2971 186 3033 niem
215 2988 270 3031 nec
300 2988 464 3051 pronomen
495 2970 602 3048 recipit
630 2970 882 3049 conparationem.
927 2954 997 3049 bold
1027 2970 1051 3030 si
1079 2978 1148 3049 puta
1182 2968 1231 3031 illa
1264 2967 1402 3031 adverbia

105 3072 253 3151 originem
276 3071 387 3134 ducant
409 3091 426 3132 a
449 3072 676 3134 coniunctione?
714 3090 772 3131 ooo
801 3073 953 3152 recipiunt
975 3074 1228 3151 conparationem.
1274 3089 1345 3151 ergo
1368 3090 1403 3133 ca

105 3174 245 3238 adverbia
266 3176 415 3255 recipiunt
437 3174 694 3253 cooperationem,
719 3190 795 3251 quae
818 3173 930 3235 ducunt
953 3176 1098 3253 originem
1125 3192 1141 3234 a
1164 3173 1333 3235 nominibus
1354 3192 1402 3234 re·

105 3276 284 3357 ripieotibus
306 3277 555 3356 conparationem.
601 3283 630 3335 et
655 3278 712 3337 ista
740 3278 804 3355 ipsa
827 3274 979 3346 adverbia,
1015 3294 1091 3355 quae
1118 3278 1266 3356 recipiunt
1293 3294 1402 3357 conpa-

106 3362 262 3447 rationem,
287 3380 317 3439 iu
341 3380 465 3458 positivo
488 3398 506 3435 a
529 3396 616 3439 unam
640 3377 773 3456 regulam
796 3377 915 3440 habent.
945 3380 976 3439 io
999 3380 1188 3458 conparativo
1210 3376 1291 3439 illam
1314 3397 1402 3459 quam

65 3499 91 3537 so
106 3480 237 3542 diximus
259 3479 390 3559 regulam
414 3480 483 3541 iude
505 3478 666 3560 probamus
689 3480 725 3541 de
745 3480 801 3541 bor.
822 3482 890 3559 ipso
912 3481 1033 3541 nomine
1054 3480 1131 3541 bene
1153 3479 1258 3541 melius
1280 3482 1400 3560 optimc.

106 3601 167 3655 oon
197 3590 242 3644 est
270 3581 375 3653 breve,
410 3590 442 3642 ut
463 3584 539 3643 scias
562 3580 695 3661 regulam
718 3581 904 3661 superlativi,
937 3581 1017 3642 unde
1039 3583 1170 3652 venerit,
1205 3584 1265 3644 sive
1293 3600 1309 3643 e
1335 3602 1401 3644 cor·

105 3692 192 3765 repto
214 3686 356 3765 positivo,
385 3686 446 3745 sive
469 3705 485 3745 a
507 3684 667 3763 producto;
699 3683 790 3746 nihilo
819 3685 916 3746 minus
945 3683 996 3744 illa
1017 3682 1121 3761 regola
1143 3694 1286 3745 remanet.
1332 3703 1402 3763 ergo

10 3822 15 3839 ·
106 3790 147 3848 ita
175 3806 207 3849 se
236 3786 347 3848 habeut
376 3786 506 3865 regulae.
557 3787 587 3846 io
614 3788 740 3866 positivo
768 3785 844 3848 duae
876 3795 946 3848 sunt
977 3784 1113 3865 regulae,
1148 3786 1178 3846 in
1212 3788 1403 3866 conparativo

107 3908 167 3951 uua
190 3896 244 3951 est.

66 4008 93 4047 ae
192 3992 270 4053 Suot
291 3988 388 4068 alique
410 3989 547 4052 adverbia
570 4009 646 4070 quae
669 4011 729 4053 oon
751 3993 902 4069 recipiunt
919 3988 926 4075 Ι
944 3994 1196 4072 conparationem,
1220 3991 1520 4061 etvolumustae,1t

110 4096 143 4153 io
164 4094 238 4174 ipsis
261 4092 362 4153 lacere
385 4095 636 4171 conparationem.
681 4110 782 4164 moue,
807 4111 867 4154 non
886 4111 1047 4175 possumus
1068 4094 1169 4156 dicere
1196 4092 1276 4174 quod
1302 4070 1520 4154 ιιίιιιιιι5η’29

110 4250 124 4255 .-
139 4248 196 4255 -·—
211 4248 414 4255 ——..--——.---

177 4350 194 4402 6
212 4350 334 4414 quoniam
346 4350 527 4417 signillcautG
579 4352 594 4400 7
613 4359 700 4415 aperte
719 4359 743 4399 et
762 4364 810 4417 ego
824 4350 888 4401 laea
906 4359 992 4415 aperte
1009 4360 1034 4399 et
1052 4363 1114 4415 ergo
1127 4350 1151 4397 A
1192 4347 1220 4397 ’8
1238 4347 1317 4397 debeo
1332 4348 1405 4400 ABG

181 4422 211 4470 12
230 4417 539 4481 etiemom.A,add.a*
594 4419 626 4471 13
642 4421 710 4469 enim
729 4436 775 4474 om.
791 4420 826 4482 Α,
840 4420 931 4473 odda
985 4420 1017 4471 19
1032 4417 1192 4469 secunturA
1243 4417 1355 4484 lbergo
1373 4435 1404 4469 ea

109 4488 231 4540 adverbia
243 4491 370 4557 recipiunt
382 4493 588 4557 cooperationem
603 4505 649 4540 om.
663 4491 698 4551 A,
713 4490 773 4540 odd.
787 4507 803 4539 a
856 4488 891 4541 29
903 4491 928 4539 in
944 4490 1054 4555 positiuo
1068 4504 1144 4539 uuam
1157 4487 1242 4538 ABG
1253 4488 1278 4536 io
1290 4490 1401 4554 positiuo

110 4574 161 4609 noo
180 4576 253 4611 nuum
267 4576 293 4614 a.
306 4564 454 4613 sententiam
469 4564 626 4627 grmnnrotici
640 4562 775 4612 ostendunt
785 4576 817 4610 eo
829 4575 895 4626 praee
907 4561 939 4611 de
950 4561 1043 4625 repetis
1055 4560 1157 4623 positivi
1168 4566 1193 4609 et
1204 4561 1362 4622 cooperativa·
1377 4568 1403 4609 et

109 4632 259 4694 superlativi
273 4632 378 4695 scripsit
396 4632 499 4683 Servius
516 4635 540 4683 in
554 4632 620 4682 noa.
634 4648 662 4696 p.
676 4632 737 4689 415,
752 4630 795 4683 28.
815 4634 901 4696 itaque
917 4634 1030 4680 iocosam
1047 4632 1168 4692 indicaui,
1186 4629 1212 4679 in
1227 4630 1331 4695 reliquia
1345 4644 1402 4679 cor-

112 4706 210 4762 nptmo
225 4702 336 4752 ecdicum
351 4704 503 4766 scriptorem
519 4702 613 4752 retinui
699 4700 734 4751 30
756 4700 871 4767 regulam
890 4701 949 4750 iude
967 4700 1050 4750 ABG
1072 4702 1187 4765 regulam
1206 4700 1232 4747 io
1249 4700 1289 4747 ius
1307 4699 1367 4750 iude
1384 4717 1402 4749 a

183 4770 212 4822 31
229 4788 279 4822 oon
298 4783 337 4823 est
353 4774 436 4824 ABG
452 4773 519 4837 orroei
535 4781 573 4823 est
590 4786 607 4820 a
685 4774 783 4821 venerit
800 4788 845 4823 om.
863 4771 897 4830 Α,
918 4772 979 4821 odd.
999 4767 1033 4820 a*
1111 4777 1227 4836 correpto
1245 4771 1355 4834 position
1371 4770 1402 4820 a*

114 4842 255 4907 eorreptloo
273 4842 356 4910 posito
376 4844 559 4909 Acorreptiuo
579 4843 689 4909 position
707 4842 761 4893 Bc
828 4840 862 4892 :32
881 4843 924 4892 illa
942 4841 1031 4908 regula
1048 4840 1128 4892 nihilo
1145 4841 1231 4890 miuus
1246 4840 1273 4890 B
