3350 5442
263 339 326 404 212
824 336 979 399 Pouruu

288 462 310 504 p.
323 449 411 491 rer-eo
424 446 446 487 r.

264 530 337 591 haec
360 536 456 589 autom
480 545 535 587 nec
556 527 634 587 inter
656 527 830 605 pronomina
855 532 1010 587 numerata
1036 531 1121 593 sunt,
1148 542 1206 584 nec
1232 522 1302 583 inde
1329 523 1475 600 originem
1503 538 1552 581 sn·

264 638 358 693 munt.
403 629 483 690 unde
505 628 647 691 debemus
669 627 769 690 dicere
792 629 932 709 quoniam
955 626 1030 689 haec
1051 628 1173 688 nomina
1194 634 1273 687 sunt.

811 798 860 861 DE
882 798 1007 860 VERBO

146 928 251 987 411,14
348 921 419 982 Pars
440 920 496 981 ista
518 921 605 990 artis,
627 919 657 979 id
681 928 725 981 est
747 918 784 979 de
807 918 908 989 verbo,
932 937 990 999 qno
1012 920 1107 980 maior
1130 926 1188 989 est,
1213 936 1248 979 eo
1272 920 1360 981 etiam
1382 919 1506 981 uberior
1527 928 1556 981 ει

146 998 205 1060 ⁵⁰²
217 998 251 1047 ²⁶
263 1021 468 1085 rationabilior
483 1030 570 1102 atque
586 1020 696 1083 utilior.
726 1020 848 1082 verbum
872 1029 917 1082 εει
939 1039 1007 1101 pars
1022 1022 1166 1083 orationis
1189 1040 1256 1083 cum
1278 1028 1413 1102 tempore
1436 1030 1467 1083 et
1488 1041 1579 1102 per-⁵

264 1143 336 1187 sona
358 1127 422 1186 sine
444 1143 530 1186 casu:
564 1126 604 1187 ita
633 1123 772 1185 delinitur
794 1123 927 1185 verbum.
973 1122 1099 1184 diximus
1121 1122 1245 1186 verbum
1267 1142 1359 1203 quare
1386 1124 1498 1186 dictum
1519 1126 1557 1185 sit

264 1228 393 1307 saepius,
427 1225 464 1288 ab
496 1246 532 1287 eo
564 1225 641 1306 quod
675 1225 829 1287 verberato
865 1232 934 1287 aire
968 1226 1028 1286 ictu
1060 1223 1179 1304 linguae
1206 1245 1296 1288 sonus
1324 1225 1432 1288 exiliat
1477 1225 1556 1287 unde

264 1336 421 1407 emergunt
449 1330 536 1389 etiarn
566 1346 671 1389 omnes
692 1336 794 1408 partes
817 1328 969 1389 orationis.
1012 1326 1064 1388 sed
1087 1328 1165 1406 quod
1183 1330 1242 1417 ‘ista
1264 1337 1349 1410 parte
1370 1329 1557 1409 frequentius

265 1433 376 1493 utimur
397 1433 428 1492 in
451 1430 613 1511 loquendo,
645 1430 712 1491 ideo
735 1432 790 1491 ista
813 1427 953 1509 generale
980 1428 1038 1491 sibi
1059 1427 1116 1490 hoc
1139 1449 1248 1492 nomen
1271 1431 1442 1512 adsumpsit
1487 1448 1557 1491 ecce

265 1532 270 1619 l
296 1533 385 1615 [ratio
407 1552 483 1614 quae
506 1532 616 1595 nullam
638 1540 770 1613 praestat
791 1530 961 1613 utilitatem]
985 1533 1061 1592 ratio
1079 1533 1144 1593 sine
1159 1533 1284 1594 utilitate
1306 1532 1393 1614 plena
1415 1532 1557 1594 stultitiae
1569 1552 1592 1590 o

266 1644 321 1699 est.
366 1654 437 1715 ergo
460 1652 553 1714 quare
575 1637 614 1695 ita
638 1635 784 1706 delinivit,
809 1635 951 1698 ‘verbum
975 1642 1111 1715 estpars
1133 1636 1276 1697 orationis
1296 1644 1415 1713 tempus
1437 1644 1467 1695 et
1487 1652 1556 1714 per·

264 1757 367 1801 senam
396 1737 484 1800 simul
511 1738 657 1809 retinens,
687 1756 755 1799 casu
785 1738 929 1799 carens’i
954 1739 1011 1798 ista
1039 1739 1136 1797 omnia
1160 1756 1219 1798 non
1234 1735 1358 1807 uacant,
1383 1736 1462 1817 quod
1485 1736 1560 1797 dixit

265 1850 382 1921 tempus
410 1848 439 1902 et
467 1858 623 1921 personam
654 1840 743 1901 simul
771 1858 836 1901 esse
857 1841 888 1899 in
911 1837 1018 1909 verbo,
1042 1857 1143 1899 casum
1166 1848 1263 1901 autem
1286 1858 1346 1901 uon
1368 1857 1445 1901 esse.
1489 1857 1557 1901 uam

265 1962 367 2005 rerum
390 1951 435 2003 εει
457 1943 604 2022 quoniam,
629 1940 738 2003 sisela
761 1959 890 2022 persona
913 1942 959 2011 sit,
983 1959 1043 2001 non
1065 1940 1136 2001 lacit
1159 1942 1291 2013 verbum,
1307 1942 1361 2004 sed
1376 1960 1558 2023 pronomen:

265 2046 434 2126 pronomini
462 2046 540 2105 enim
570 2044 677 2107 accidit
703 2062 840 2124 persona.
885 2044 911 2103 si
933 2042 1030 2104 solnm
1054 2050 1170 2123 tempus
1192 2045 1294 2114 luerit,
1317 2062 1378 2105 non
1400 2045 1471 2105 lacit
1493 2061 1559 2104 ver·
1572 2070 1595 2109 ιε

266 2148 347 2219 bum,
371 2148 423 2209 sed
445 2148 649 2228 participium:
674 2148 829 2227 participio
852 2148 932 2208 enirn
949 2146 1061 2230 accidit
1083 2156 1208 2228 tempus.
1242 2148 1267 2207 si
1289 2154 1448 2226 utrumque
1470 2145 1561 2207 simul

266 2252 318 2321 sit,
347 2261 418 2311 tunc
445 2256 542 2329 potest
569 2249 691 2311 verbnm
722 2268 799 2317 esse,
830 2258 863 2311 ut
890 2258 935 2311 est
956 2248 1031 2329 lego.
1076 2250 1149 2311 istae
1171 2251 1251 2310 euim
1273 2251 1316 2311 sic
1337 2267 1468 2310 conexae
1490 2256 1561 2311 sunt

266 2351 441 2433 particulae,
470 2358 503 2413 ut
530 2350 608 2414 nulla
637 2354 751 2413 ratione
779 2361 967 2433 separentur.
1012 2371 1080 2414 narn
1103 2371 1172 2414 ecce
1195 2352 1313 2433 quando
1335 2351 1403 2412 dico
1424 2350 1507 2430 lego,
1532 2358 1561 2411 ει

266 2456 316 2535 qui
339 2456 393 2516 sim
418 2463 447 2516 et
469 2453 586 2535 quondo
610 2462 639 2515 et
661 2454 731 2536 quid
755 2454 862 2517 latriam
882 2455 1022 2527 ostendo,
1044 2455 1074 2516 id
1090 2462 1181 2517 estet
1202 2462 1320 2535 tempus
1341 2453 1476 2526 ostendo,
1500 2442 1560 2534 quo

267 2557 375 2639 aliquid
399 2557 519 2630 luciam,
544 2565 573 2619 et
594 2556 687 2619 nihilo
702 2559 800 2620 minus
822 2577 981 2638 personam
996 2558 1132 2619 ostendo:
1156 2558 1212 2619 ista
1227 2556 1286 2619 duo
1306 2558 1462 2618 coniuncta
1479 2563 1559 2617 sunt.
1573 2582 1597 2621 eo

267 2678 339 2741 ergo
361 2660 484 2724 verbum
513 2667 559 2722 εει
586 2679 655 2741 pars
685 2662 827 2723 orationis
856 2680 932 2741 quae
961 2660 1051 2723 habet
1078 2670 1196 2740 tempus
1223 2666 1253 2720 ει
1278 2677 1436 2739 personam
1463 2657 1561 2733 simul,

266 2782 323 2825 nec
349 2770 448 2844 potest
475 2761 531 2824 alia
558 2781 627 2842 pers
649 2762 686 2823 ab
709 2762 766 2824 alia
788 2764 954 2843 segregari,
983 2763 1034 2824 sed
1057 2761 1145 2825 simul
1167 2762 1334 2825 suntduae
1355 2780 1418 2832 res,
1441 2769 1563 2841 tempus

148 2874 297 2939 tederet
318 2884 455 2947 persona.
487 2868 644 2941 quaeritur
666 2872 763 2927 uuum
786 2866 929 2946 procedat
949 2866 1005 2928 ista
1029 2863 1170 2940 elocutio,
1199 2882 1254 2943 ego
1270 2864 1345 2944 lego.
1380 2866 1481 2925 titium
1506 2872 1561 2934 est,

267 2968 477 3050 plenonasmos
500 2974 554 3029 est.
599 2984 666 3028 nam
693 2970 720 3029 si
747 2967 804 3029 hoc
831 2970 929 3049 ipsum
957 2967 1023 3046 lego
1045 2966 1175 3029 ostendit
1195 2984 1369 3046 personam,
1393 2965 1463 3043 quid
1485 2984 1564 3045 opus

269 3078 369 3132 estut
391 3068 480 3131 addas
502 3087 677 3149 personam,
703 3077 734 3131 ut
756 3068 837 3131 dicas
860 3089 916 3150 ego
938 3069 1023 3150 lego?
1045 3070 1103 3131 hoc
1119 3071 1197 3131 enirn
1213 3071 1311 3149 ipsum
1333 3068 1413 3149 qood
1435 3068 1598 3133 dicimusoa

267 3172 334 3252 lego
363 3170 453 3233 hebet
479 3190 638 3251 personam
666 3190 751 3234 suam
779 3170 937 3250 loquentis.
983 3191 1055 3252 ergo
1082 3171 1159 3235 male
1186 3171 1295 3233 dicitnr
1322 3188 1377 3251 ego
1398 3170 1481 3248 lego,
1508 3188 1562 3249 ego

268 3273 372 3343 sedeo,
402 3291 457 3352 ego
486 3270 586 3354 saloim
617 3280 710 3335 totum
738 3272 795 3334 hoc
823 3284 913 3336 vacat.
958 3276 1040 3355 ipsae
1068 3276 1147 3336 enim
1175 3292 1321 3355 personae
1348 3282 1378 3334 te
1404 3271 1501 3353 loqui,
1535 3281 1564 3332 ιε

269 3376 369 3437 dicere
392 3383 421 3435 et
443 3374 602 3436 ostendere
625 3374 734 3456 aliquid
758 3375 972 3439 demonstrant.
1016 3376 1086 3457 quid
1110 3384 1154 3437 est
1181 3375 1253 3438 illud
1276 3375 1356 3457 quod
1383 3373 1458 3435 dixit
1479 3375 1564 3435 ‘sine

269 3478 376 3541 casu’i
399 3496 467 3539 nam
482 3478 522 3539 ita
538 3477 682 3549 definivit,
706 3477 847 3539 ‘verbum
871 3486 916 3540 est
936 3498 1004 3541 cum
1026 3486 1161 3560 tempore
1183 3484 1212 3540 ει
1232 3496 1360 3559 persona
1381 3478 1447 3539 siue
1469 3481 1563 3537 casu’.

269 3579 338 3661 quid
368 3599 442 3660 opus
471 3580 525 3641 luit
551 3587 584 3641 ut
610 3579 724 3641 diceret
749 3580 837 3642 ‘casu
867 3582 985 3644 caret'i
1013 3592 1068 3661 ego
1096 3584 1175 3643 euim
1202 3582 1270 3642 novi
1298 3581 1367 3659 quia
1394 3596 1482 3642 casus
1504 3597 1602 3645 nonae

269 3682 376 3745 eccidit
398 3681 499 3743 verbo.
545 3682 597 3743 sed
630 3702 706 3764 quae
739 3685 902 3755 necessitas
935 3702 1004 3745 eum
1036 3682 1168 3765 conpulit
1198 3682 1256 3744 hoc
1288 3682 1407 3743 dicerel
1438 3690 1565 3763 propter

269 3802 357 3847 unam
382 3783 588 3847 elocutionem.
634 3795 679 3847 est
701 3804 759 3847 una
783 3785 925 3855 elocutio,
954 3804 1030 3866 quae
1056 3804 1150 3866 paene
1173 3786 1333 3864 imaginem
1355 3783 1446 3845 habet
1467 3802 1564 3856 casus,

271 3895 315 3950 εει
343 3897 441 3948 tamen
469 3888 499 3947 in
522 3886 627 3957 verbo;
658 3888 834 3949 confitemur
862 3890 1003 3968 quoniam
1024 3890 1056 3950 in
1077 3888 1169 3950 verbo
1192 3896 1251 3961 εει,
1282 3898 1381 3948 umen
1403 3887 1565 3965 imaginem

270 3989 361 4051 habet
382 4008 483 4061 casus,
508 3999 539 4051 ut
561 3997 606 4051 est
626 3988 698 4050 illud
722 3990 798 4071 apud
821 3988 1010 4061 Terentium,
1487 4062 1495 4079 .

424 4090 518 4171 quod
540 4092 634 4152 inssi
658 4090 740 4153 date
764 4092 894 4154 bibere
917 4100 953 4153 et
974 4101 1150 4170 quantum
1172 4093 1368 4173 imperavi,
1577 4115 1603 4155 εε

272 4190 406 4275 [bibere]
436 4193 490 4254 ‘da
519 4190 591 4253 mihi
618 4192 751 4255 bibere’.
797 4193 901 4255 bibere
929 4196 980 4274 qui
1006 4196 1111 4257 modus
1139 4196 1201 4256 esti
1234 4195 1393 4255 infinitivus
1420 4201 1467 4255 εει
1498 4194 1566 4253 siue

272 4294 376 4367 dubio,
406 4313 493 4375 quem
522 4294 558 4357 ad
586 4294 707 4357 modum
720 4280 870 4371 'scribere
898 4305 927 4358 ει
954 4296 1064 4359 dicere.
1109 4316 1181 4376 ergo
1209 4295 1314 4358 bibere
1336 4296 1498 4358 intinitirus
1519 4305 1568 4357 est

341 4485 408 4536 dnn
427 4499 508 4537 onneo
527 4500 573 4537 om.
593 4484 614 4535 0
632 4484 685 4534 duit
701 4498 841 4550 pronomen
861 4500 933 4536 mera
950 4498 983 4533 oe
1003 4499 1084 4535 onnon
1104 4485 1128 4534 Α
1216 4485 1250 4536 10
1267 4484 1373 4535 stultitia
1389 4483 1444 4535 Bc
1530 4484 1618 4536 23·

273 4556 401 4618 quaeritur
417 4570 464 4607 om.
482 4554 567 4605 ABG
636 4556 669 4605 25
682 4554 731 4604 hoc
746 4557 812 4605 enim
828 4557 913 4620 ipsum
929 4554 981 4617 (εει
993 4555 1054 4607 add.
1069 4554 1107 4619 Α)
1122 4554 1190 4617 quod
1208 4554 1316 4605 dicimus
1334 4553 1392 4619 lego
1411 4552 1462 4604 lroc
1480 4556 1567 4620 ipsum

273 4627 399 4689 (ipserum
416 4625 455 4690 B)
475 4624 666 4689 quoddictmus
681 4640 729 4691 ego
747 4626 805 4691 lego
827 4626 902 4676 habet
920 4624 976 4673 AB
1050 4625 1085 4674 28
1105 4628 1174 4689 quod
1189 4624 1287 4687 om.A‚
1304 4624 1398 4676 adda
1468 4625 1503 4675 29
1519 4626 1567 4675 de-

273 4694 336 4744 llniit
355 4695 408 4745 Bc
429 4695 559 4745 dednitA
628 4694 663 4744 34
682 4695 751 4761 apud
770 4692 925 4762 Terentium]
947 4695 1030 4749 Andr.
1051 4696 1085 4744 lll
1103 4697 1165 4759 m
1235 4693 1270 4745 36
1284 4694 1368 4743 bibere
1386 4702 1448 4745 ante
1465 4696 1499 4744 da
1516 4711 1567 4748 om.

273 4765 298 4815 B
348 4764 401 4882 ss36
420 4766 562 4815 inlinitiuus
587 4772 625 4813 εει
644 4764 669 4813 Α
692 4764 805 4817 infinitus
824 4776 863 4816 εει
882 4766 903 4815 G
921 4766 1036 4816 intinitns
1056 4763 1121 4828 Ba,
1142 4773 1168 4815 et
1191 4767 1229 4816 eie
1250 4770 1395 4815 constanter
1421 4765 1569 4816 infinitious

274 4835 299 4885 A
317 4835 344 4883 in
365 4836 433 4886 nitus
451 4834 527 4884 BGa
