3350 5442
308 326 315 333 ο

299 350 359 415 172
865 310 1016 413 rernm

322 460 480 517 prii-741„

296 546 408 614 tinent,
432 542 483 603 sed
506 540 542 601 ad
566 541 683 602 ultimas
704 541 840 623 syllabas
874 560 942 603 occe
966 551 1010 603 est
1032 544 1126 611 unita,
1151 541 1228 621 quod
1252 541 1359 603 dicitnr
1382 548 1585 620 monoptoton,

296 652 328 707 ut
349 646 393 706 ias
415 645 512 705 nolas:
546 643 603 704 hoc
625 645 708 705 nefas
729 644 815 706 huius
837 646 920 706 neias
943 644 1011 706 huic
1034 644 1117 706 nolas
1139 644 1196 704 hoo
1218 646 1301 706 netas
1323 664 1341 705 o
1364 643 1460 711 neias;
1484 662 1587 703 omnes

296 747 408 808 similes
435 755 503 808 sunt
531 729 626 807 casus
672 754 716 807 est
738 748 807 807 item
831 746 985 828 bipertita,
1014 766 1089 827 quae
1112 747 1185 808 duas
1209 743 1213 829 Ι
1237 746 1326 807 hahet
1348 748 1585 825 significationes,

296 859 329 911 ut
350 868 458 918 cornu:
481 857 543 910 tres
565 867 649 911 casus
671 848 806 929 producti
829 859 911 925 sunt,
931 858 992 910 tres
1015 851 1154 930 correpti.
1185 855 1230 909 est
1247 850 1316 909 item
1333 850 1490 929 tripertita,
1508 848 1586 925 quod

296 971 403 1032 graece
425 950 591 1031 appellatur
612 953 770 1032 triptoton,
794 954 1057 1030 quotienscumque
1079 960 1139 1013 tres
1161 959 1229 1012 sunt
1250 954 1420 1011 varietates:
1444 950 1502 1011 hoc
1518 968 1611 1013 eon-5

296 1057 382 1133 tingit
403 1056 434 1115 in
456 1072 568 1133 genere
590 1063 705 1124 neutro,
729 1064 761 1116 ut
783 1054 934 1135 templum.
979 1057 1127 1115 invenitur
1150 1056 1220 1115 item
1244 1035 1437 1133 tetraptoton,
1461 1061 1494 1113 ut
1517 1053 1587 1113 dies.

295 1159 444 1218 invenitur
466 1155 642 1233 aliquotiens
664 1158 920 1237 quinquepertita,
949 1164 982 1218 ut
1004 1165 1048 1217 est
1070 1156 1182 1217 doctus.
1227 1158 1375 1217 invenitur
1396 1154 1588 1234 hexaptoton,

278 1269 329 1321 -ut
355 1277 439 1320 unus.
486 1258 643 1338 aliquando
672 1260 859 1320 inveniuntur
887 1261 1007 1321 nomina
1041 1276 1116 1337 quae
1147 1260 1263 1339 penitus
1292 1278 1351 1319 non
1390 1257 1587 1327 declinantur,

297 1379 394 1439 neque
417 1380 470 1441 per
492 1379 648 1422 numerum
671 1378 768 1439 neque
789 1380 844 1441 per
867 1380 969 1433 casus,
991 1362 1022 1422 id
1045 1370 1090 1422 est
1112 1378 1207 1438 neque
1230 1379 1284 1441 per
1306 1379 1464 1423 numerum
1488 1362 1589 1439 singu·

297 1464 390 1526 larem
415 1481 513 1541 neque
535 1482 590 1544 per
612 1462 771 1543 pluralem,
794 1473 827 1524 ut
850 1470 894 1525 est
916 1465 961 1525 las
983 1464 1066 1524 nefas
1087 1482 1225 1543 nequam.
1603 1488 1625 1527 ιο

381 1566 454 1627 ltem
476 1566 596 1627 nomina
618 1584 809 1627 numerorum
834 1586 849 1627 a
873 1573 1013 1646 quattuor
1037 1582 1129 1643 usque
1152 1566 1188 1627 ad
1212 1573 1330 1627 centum
1354 1584 1414 1627 non
1436 1566 1589 1627 declinau-

297 1678 358 1738 tur;
387 1669 424 1730 ab
454 1686 512 1728 uno
540 1675 638 1728 autem
667 1686 759 1748 usque
787 1668 823 1729 ad
854 1676 913 1728 tres
943 1686 1122 1749 peromnes
1145 1687 1230 1730 casus
1253 1668 1453 1738 declinantur:
1477 1672 1550 1729 item
1573 1688 1588 1729 a

297 1772 433 1833 ducentis
466 1769 651 1831 declinantur
689 1773 808 1831 nomina
841 1788 1030 1831 numerorum
1064 1777 1187 1850 excepto
1217 1770 1307 1831 mille.
1353 1771 1390 1831 de
1418 1773 1476 1831 istu
1508 1770 1590 1830 mille

297 1874 431 1934 tractavit
452 1870 566 1933 Plinius
588 1873 757 1934 Secundus:
786 1876 816 1933 in
840 1891 965 1934 numero
987 1871 1130 1951 singulari
1153 1872 1261 1952 duplici
1282 1871 1292 1932 l
1316 1872 1454 1933 scribitur
1478 1880 1509 1933 et
1530 1889 1590 1932 non

242 1996 251 2011 ·
298 1975 477 2044 declinatur;
507 1977 537 2035 in
566 1974 826 2061 numeroqplurali
854 1994 944 2036 unum
974 1974 982 2033 l
1007 1974 1096 2035 hahet
1118 1982 1147 2035 et
1169 1974 1347 2045 declinatur,
1372 1974 1451 2035 milia
1475 1974 1589 2034 milium
1605 1996 1626 2037 n

297 2077 425 2139 milibus.
468 2096 540 2157 ergo
568 2086 691 2157 excepto
718 2078 799 2139 mille
827 2080 924 2138 omnia
953 2079 1072 2138 nomina
1096 2094 1289 2139 numerorum
1311 2078 1342 2137 in
1365 2077 1514 2144 inlinitum
1538 2075 1590 2135 de-

297 2180 451 2243 clinantur.

179 2294 285 2357 433,35
381 2283 465 2346 ‘Non
492 2289 591 2343 tamen
620 2282 762 2344 debemus
790 2281 932 2343 eredere'
962 2283 1003 2343 ait
1030 2283 1187 2361 ‘quoniam
1222 2300 1308 2342 omne
1343 2299 1451 2342 nomen
1485 2298 1591 2341 omncs

296 2386 387 2447 hahet
409 2404 508 2457 casus,
536 2405 624 2466 saepe
652 2386 843 2446 inveniuntur
871 2383 1041 2445 deficientes
1064 2388 1175 2445 casus’.
1220 2386 1368 2445 invenitur
1391 2401 1513 2457 nomen,
1538 2380 1591 2443 ubi

297 2506 375 2550 unus
398 2495 442 2549 est
466 2486 469 2568 l
495 2506 594 2558 casus,
617 2496 649 2549 ut
671 2496 716 2549 est
737 2494 843 2569 sponte
866 2494 935 2547 natu
958 2486 1040 2557 taho;
1065 2485 1222 2566 aliqnando
1246 2485 1297 2547 ubi
1320 2485 1379 2547 duo
1401 2492 1471 2546 suot
1493 2503 1589 2553 casus,
1605 2511 1628 2551 20

296 2597 330 2650 ut
350 2590 491 2669 luppiter.
536 2598 669 2651 ceterum
692 2592 742 2670 qui
765 2590 957 2650 declinaverit
978 2589 1026 2649 hio
1048 2588 1179 2669 luppiter
1202 2588 1288 2649 huius
1312 2588 1393 2658 lovis,
1417 2594 1516 2667 potest
1538 2586 1591 2647 de-

297 2692 410 2753 clinare
434 2698 462 2752 et
484 2690 532 2753 hic
555 2692 659 2771 hpollo
681 2692 768 2753 huius
788 2691 902 2753 Phoebi
925 2700 954 2752 et
976 2691 1025 2751 hio
1047 2691 1190 2752 Hercules
1213 2691 1303 2752 huius
1317 2689 1592 2769 Amphitrioniadae

297 2803 326 2857 et
347 2794 421 2855 haec
442 2794 571 2855 Minerva
600 2794 686 2855 huius
712 2793 848 2856 Palladis.
894 2793 946 2855 sed
969 2793 1027 2854 dno
1055 2800 1125 2855 sunt
1148 2801 1258 2854 tantum
1283 2811 1368 2853 casus
1389 2795 1420 2855 in
1443 2812 1516 2864 usu,
1539 2796 1592 2873 qui

296 2902 518 2967 remanserunt,
541 2895 590 2956 hie
612 2895 746 2975 luppiter
768 2899 837 2956 et'o
860 2896 1001 2975 luppiter.
1036 2904 1169 2956 ceterum
1192 2896 1320 2956 maiores
1342 2898 1436 2957 nostri
1460 2895 1591 2956 declina-

297 2998 369 3059 hant
396 3000 452 3059 hoc
480 3016 588 3058 nomen
616 3000 745 3075 integre:
776 2999 1002 3059 invenimusin
1031 3000 1160 3075 antiquis
1182 2997 1266 3059 libris
1294 2999 1386 3059 sacris
1408 3014 1463 3077 per
1485 3016 1629 3061 omnesne

297 3119 382 3162 casus
409 3100 601 3169 declinatum,
629 3100 680 3161 sed
704 3100 761 3161 hoc
783 3103 873 3180 periit
900 3100 1002 3174 modo,
1038 3109 1065 3161 et
1094 3102 1202 3161 retenti
1231 3108 1300 3160 sunt
1322 3100 1381 3160 duo
1410 3117 1512 3169 casus,
1540 3099 1593 3160 hie

297 3203 429 3283 luppiter
451 3210 481 3264 et
503 3222 520 3263 o
542 3201 683 3282 luppiter.
714 3222 782 3263 nam
805 3202 853 3264 hic
875 3203 1007 3283 luppiter
1029 3202 1115 3263 huius
1136 3201 1276 3282 Iuppitris
1297 3204 1462 3263 invenimus
1483 3204 1516 3263 in
1539 3221 1593 3263 an·

297 3307 387 3385 tiquis
409 3304 603 3373 declinatum,
628 3314 657 3364 et
678 3304 786 3367 crebro
806 3307 989 3375 invenimus,
1013 3304 1064 3365 sed
1087 3305 1144 3365 hoc
1166 3304 1255 3366 hodie
1277 3304 1412 3365 abolevit.
1444 3322 1517 3382 ergo
1539 3304 1593 3365 de·

298 3408 403 3468 bemus
421 3410 497 3468 scire
520 3408 657 3486 quoniam
679 3409 710 3467 in
731 3426 788 3469 usu
810 3408 870 3468 duo
893 3415 962 3468 sunt
983 3426 1078 3469 casus.
1109 3408 1258 3468 invenitur
1274 3406 1325 3467 ubi
1346 3414 1423 3476 tres,
1448 3415 1480 3467 ut
1494 3407 1592 3476 nefas,

297 3509 355 3570 hoc
376 3510 460 3570 netas
487 3507 543 3570 hoc
565 3510 648 3569 ueias
671 3516 701 3569 et
721 3529 738 3569 o
761 3510 854 3570 netas
899 3511 1048 3570 invenitur
1076 3508 1127 3570 ubi
1149 3517 1289 3589 quattuor
1313 3519 1394 3579 sunt,
1425 3516 1456 3570 ut
1477 3508 1592 3579 luterio,
1608 3532 1631 3572 m

297 3610 384 3672 huius
405 3611 506 3672 lateris
527 3612 597 3672 huic
619 3610 705 3671 lateri
727 3610 807 3673 hunc
829 3611 951 3673 laterem
969 3611 1005 3673 ah
1021 3612 1079 3673 hoc
1100 3611 1207 3672 latere:
1232 3612 1429 3672 nominativus
1453 3618 1482 3671 et
1504 3629 1592 3672 voca·

296 3715 389 3783 tirus,
418 3733 478 3773 oon
507 3712 580 3773 dixit
607 3713 683 3774 ‘non
710 3715 930 3785 inveniuntur',
959 3714 1010 3774 sed
1039 3714 1112 3774 dixit
1140 3716 1188 3774 ‘in
1212 3732 1265 3773 usu
1288 3731 1347 3773 non
1370 3715 1465 3773 sunt'.
1512 3712 1593 3773 dicic

186 3811 190 3820 ’
297 3817 448 3897 quaeritur
470 3824 570 3877 utrum
592 3817 771 3877 nominativo
794 3817 940 3885 dicamus;
965 3816 1038 3877 haec
1054 3816 1131 3877 dicio
1147 3818 1176 3877 in
1200 3834 1253 3876 usu
1277 3832 1336 3877 non
1360 3822 1419 3884 est;
1443 3816 1468 3875 si
1489 3822 1593 3875 tamen

298 3920 484 3999 conpositum
508 3919 578 3987 erit,
602 3920 699 3978 estin
720 3936 790 3988 usu,
815 3926 847 3978 ut
868 3917 1012 3978 condicio.

196 4034 285 4094 434,3
328 4046 332 4055 ¹
381 4020 540 4081 Praeterea
563 4021 640 4081 scire
663 4019 804 4081 dehemus
827 4038 893 4081 esse
922 4022 1040 4080 nomina
1064 4018 1179 4081 addicta
1210 4019 1213 4101 l
1244 4018 1370 4081 casibus
1420 4020 1592 4096 genetivum
1606 4042 1632 4081 :n

297 4139 397 4183 casum
427 4122 562 4184 trahunt:
597 4124 717 4181 nomina
749 4139 825 4200 quae
858 4130 999 4183 secuntur
1031 4123 1197 4201 genetivum
1232 4140 1333 4182 casum
1360 4128 1430 4182 sunt
1463 4119 1529 4190 illa,
1560 4130 1595 4181 ut
1667 4116 1668 4119 ’

218 4205 223 4235 ¹
297 4226 418 4303 ignarus
439 4223 522 4295 belli,
551 4241 675 4285 securus
697 4242 849 4297 amorum;
876 4232 991 4286 tantum
1014 4226 1181 4303 genetivum
1207 4230 1356 4286 secuntur.
1402 4232 1471 4285 sunt
1494 4224 1593 4304 aliqua

365 4432 382 4479 4
405 4430 473 4494 quod
492 4444 582 4495 graece
600 4430 625 4481 A
632 4428 700 4491 (?)B
707 4428 728 4477 G
748 4443 812 4490 quoe
826 4444 919 4493 graece
937 4445 954 4478 a
1026 4429 1058 4479 12
1078 4430 1168 4479 iterum
1188 4444 1202 4477 a
1219 4430 1352 4479 duocentis
1372 4430 1395 4479 A
1450 4428 1483 4479 13
1502 4444 1593 4479 urime-

298 4513 382 4548 rorum
402 4516 448 4552 om.
466 4498 550 4550 ABG
620 4502 650 4550 11
670 4498 808 4565 pleniusA
879 4500 911 4549 21
932 4499 1024 4564 iupiter
1039 4499 1223 4549 constanterB
1293 4508 1403 4548 ceterum
1421 4498 1593 4562 quideclina-

299 4567 373 4635 verit]
394 4571 428 4633 ef.
443 4571 522 4623 Proh.
541 4572 631 4624 cathol,
649 4585 676 4632 p.
691 4568 716 4631 8,
735 4571 761 4621 o.
783 4570 825 4627 17,
844 4568 861 4618 8
930 4572 962 4618 22
979 4567 1020 4618 hic
1037 4568 1146 4619 herculis
1164 4568 1224 4619 huic
1241 4568 1492 4635 nmphitrueoniadne
1507 4570 1532 4619 A
1551 4570 1593 4618 hio

299 4638 407 4688 herculis
425 4639 484 4689 huic
504 4639 715 4705 amphitrionidee
734 4638 759 4687 B
766 4639 800 4689 0:
817 4639 851 4701 cs.
874 4640 952 4704 Verp.
970 4639 1036 4691 Aen.
1057 4639 1115 4689 Vlll
1134 4640 1183 4689 103
1244 4639 1278 4689 26
1298 4639 1373 4703 periit
1392 4638 1465 4689 Bea
1482 4641 1548 4703 perit
1568 4638 1594 4687 A

367 4709 400 4759 ‘27
420 4709 496 4759 huius
514 4710 616 4775 inpitrie
628 4708 713 4759 ABG
765 4708 799 4758 28
817 4707 926 4758 aboleuit
941 4708 1015 4759 1300
1032 4708 1144 4759 oboleuit
1164 4714 1185 4757 A
1247 4709 1280 4761 32
1298 4723 1348 4757 non
1364 4710 1493 4758 inuenitur
1512 4710 1597 4759 ABG

366 4776 524 4829 32ditioB
594 4777 831 4829 33haecdirioB
884 4780 929 4829 sed
947 4778 1068 4829 tenrenO
1136 4778 1366 4830 3doonditioBO
1435 4777 1469 4829 35
1488 4780 1594 4829 addicta

299 4846 435 4900 Cadiecta
448 4849 504 4899 AB
573 4848 606 4901 37
625 4863 739 4900 amorum
757 4848 833 4900 ABc
851 4862 977 4899 armorum
997 4848 1036 4899 Cb
