3350 5442
250 435 259 463 Ι

199 2076 258 2134 tut,
272 2075 304 2123 23

310 330 374 396 232
880 328 1035 391 POllPlill

337 454 359 495 p.
372 441 460 483 33333
474 440 496 481 n

311 523 376 583 iniit
401 523 522 601 inquam
551 538 662 602 quaeso
689 520 749 589 313,
779 520 878 579 omnia
905 518 960 578 ista
988 516 1076 577 verba
1104 535 1165 577 non
1192 516 1303 579 babent
1329 526 1441 578 rectum
1464 517 1583 578 ordinem

312 623 526 685 declinationis.
572 622 641 701 quid
666 640 736 700 ergo
759 621 920 681 faciemus?
943 622 1082 700 quoniam
1104 637 1159 679 nos
1181 638 1231 681 ars
1252 620 1364 689 delicit,
1388 618 1524 679 debemus
1544 640 1582 679 re·

312 746 434 788 currere
466 725 502 786 ad
531 726 745 786 auctoritatem.
791 724 928 784 norimus
960 724 1040 783 enim
1077 740 1246 784 sermonem
1277 721 1401 783 latinum
1431 721 1478 781 bis
1506 721 1583 783 rebus

312 830 474 898 contineri,
499 846 553 889 usu
575 836 639 888 arte
661 826 846 888 auctoritate.
892 844 948 886 usu
970 844 1032 886 non
1053 825 1235 896 invenimus,
1264 827 1403 905 quoniam
1425 823 1582 884 delectimm

313 930 436 992 verbum
460 937 518 999 est,
549 939 578 990 et
605 929 683 1009 quod
712 928 810 989 delicit
833 946 919 989 usum
941 928 1126 989 nonhabet:
1149 947 1204 1008 per
1224 946 1312 989 usum
1334 928 1413 987 enim
1436 926 1539 995 delicit,
1563 928 1602 986 sis

314 1040 359 1095 est
380 1033 568 1095 defectivum.
614 1030 658 1091 vel
686 1031 723 1091 ad
752 1040 847 1092 artem
875 1030 1018 1092 debemus
1045 1031 1221 1092 recurreret
1254 1016 1287 1091 13
1307 1032 1372 1110 ipsa
1394 1036 1457 1089 arte
1477 1027 1583 1106 legimus

313 1137 391 1197 ‘non
413 1144 483 1197 sunt
503 1133 654 1215 perlectae
677 1132 911 1195 declinationis'.
956 1151 1028 1212 ergo
1055 1134 1081 1192 si
1109 1139 1138 1192 et
1166 1151 1235 1193 usus
1257 1151 1317 1192 non
1340 1140 1399 1201 est,
1423 1139 1584 1191 31333333

313 1240 476 1308 invenitur,
505 1236 541 1298 ad
571 1254 604 1297 ea
628 1254 682 1296 333
704 1236 883 1305 referamus,
913 1242 946 1295 ut
967 1254 1002 1295 ea
1024 1241 1139 1296 tantum
1162 1235 1307 1305 (11331333,
1330 1251 1405 1312 quae
1425 1232 1500 1294 lecta
1519 1241 1583 1294 sunt

314 1351 385 1421 puta
407 1341 483 1401 iniit:
513 1338 610 1418 legisti
638 1338 675 1400 de
706 1338 762 1398 boc
791 1337 881 1398 uerbo
910 1345 970 1397 tres
998 1336 1043 1398 rel
1072 1344 1210 1415 quattuor
1231 1355 1389 1419 personas,
1417 1335 1490 1397 baec
1509 1334 1584 1412 3313ι

313 1442 466 1511 invenisti,
491 1440 537 1501 bis
559 1439 629 1501 33113
650 1448 749 1509 31333;
774 1458 834 1500 333
856 1439 949 1501 debes
972 1440 1008 1501 ad
1032 1439 1258 1501 similitudinem
1280 1438 1439 1501 declinare.
1470 1457 1506 1498 ne
1519 1437 1618 1499 dicasn

316 1544 387 1609 milri
409 1544 480 1604 13113
502 1545 569 1603 iniis
591 1542 730 1604 instabam
752 1543 902 1611 infieram,
933 1561 1020 1621 quem
1044 1542 1080 1602 ad
1103 1542 1224 1603 modum
1245 1551 1318 1622 puta
1339 1542 1426 1603 audio
1448 1539 1527 1600 audis
1545 1558 1586 1599 au·

315 1645 433 1708 diebam
456 1646 617 1707 audieram.
662 1648 693 1706 in
715 1646 779 1705 istis
801 1644 954 1705 defectivis·
977 1644 1074 1705 verbis
1096 1662 1158 1705 non
1184 1663 1342 1725 possumus
1362 1662 1418 1723 per
1440 1641 1588 1703 similitudi·

315 1767 385 1810 nem
410 1765 515 1808 noram
542 1764 712 1827 conponere
741 1746 984 1817 declinationem,
1014 1746 1066 1807 sed
1088 1749 1200 1808 utimur
1221 1754 1333 1807 tantum
1356 1744 1446 1807 modo
1468 1746 1590 1825 personis

316 1852 457 1929 repertis,
492 1868 564 1928 quas
591 1850 756 1911 invenimus
784 1852 814 1910 in
848 1852 1031 1911 auctoritato.
1078 1868 1149 1927 ergo
1176 1850 1241 1910 13111
1267 1850 1388 1927 inquam
1410 1864 1519 1927 quaeso
1544 1848 1590 1915 aio,

316 1954 415 2013 omnia
438 1953 494 2013 ista
516 1950 659 2013 defectiva
684 1960 803 2013 suntet
827 1970 887 2012 333
909 1959 1034 2031 possunt
1056 1954 1113 2012 rite
1136 1950 1289 2013 declinari.
1602 1969 1623 2009 3

402 2054 505 2116 Omnis
534 2055 628 2135 prima
655 2072 783 2133 persona
805 2056 836 2114 in
860 2054 951 2117 verbo
973 2055 1146 2133 corripitur:
1170 2055 1252 2133 lego,
1276 2072 1313 2132 go
1336 2053 1436 2114 brevis
1458 2060 1510 2113 est.
1550 2071 1594 2112 ne·

316 2174 400 2217 cesse
433 2155 537 2218 babuit
569 2156 700 2217 Donatus
732 2156 803 2218 dare
836 2159 923 2218 istam
959 2156 1092 2235 regulam
1125 2165 1249 2237 propter
1276 2174 1413 2236 graecam
1453 2157 1596 2215 rationem.

315 2276 422 2337 graeca
450 2260 529 2318 enim
557 2257 646 2318 verba
675 2260 774 2319 omnia
800 2261 831 2319 in
866 2261 962 2339 prinra
995 2278 1124 2339 persona
1155 2259 1374 2339 producuntur,
1409 2258 1506 2319 ποιῶ.
1548 2257 1596 2316 hoc

317 2379 388 2439 ergo
410 2362 528 2430 scitote,
558 2362 696 2440 quoniam
719 2362 814 2421 omnis
837 2363 933 2441 prima
960 2379 1089 2440 persona
1111 2360 1285 2441 productam
1309 2380 1327 2420 3
1350 2359 1440 2421 babet
1461 2376 1595 2437 graecam.

316 2462 412 2523 Latini
435 2469 535 2523 tamen
562 2480 683 2525 necesse
712 2462 882 2523 babuerunt
909 2463 1025 2523 abbae
1052 2462 1155 2541 regula
1183 2462 1351 2532 discedere,
1376 2471 1406 2523 et
1428 2480 1515 2523 nemo
1535 2461 1627 2521 dicitu

315 2565 405 2625 131133
427 2564 509 2643 lego,
533 2564 584 2625 sed
607 2563 688 2644 legi),
712 2583 800 2625 nemo
823 2564 894 2626 dicit
915 2565 995 2635 dico,
1020 2564 1071 2625 scd
1094 2566 1175 2636 dieb,
1199 2564 1333 2626 similiter
1355 2563 1467 2635 scrib6;
1491 2571 1596 2625 natura·

316 2666 384 2728 liter
406 2666 505 2728 brevis
528 2675 582 2729 est.
614 2684 686 2746 crgo
709 2668 805 2727 omnis
827 2669 923 2747 prima
944 2686 1071 2749 persona
1094 2667 1271 2728 naturaliter
1292 2666 1391 2727 brevis
1414 2677 1458 2727 est
1481 2668 1598 2745 exceptis

317 2768 537 2849 monosyllabis.
574 2764 582 2847 Ι
623 2768 844 2850 monosyllabae
872 2771 951 2829 enim
980 2777 1080 2849 partes
1113 2770 1256 2830 orationis
1287 2768 1505 2849 producuntur.
1548 2787 1598 2829 333

317 2890 474 2952 possumus
500 2870 600 2931 dicere
628 2870 665 2931 do
693 2872 737 2931 3ῑό
765 2874 804 2933 nb
834 2870 928 2953 [unde
957 2876 1062 2932 ‘nare
1089 2890 1153 2951 per
1182 2877 1360 2932 aestatem
1383 2868 1599 2951 liquidam¹lt

318 2976 415 3034 omnis
437 2976 492 3034 ista
515 2974 611 3051 prima
632 2991 758 3051 persona
780 2976 811 3034 in
839 2972 1051 3052 monosyllabis
1078 2973 1262 3053 producitur.
1306 2975 1351 3034 vis
1373 2976 1449 3035 scire
1471 2974 1630 3053 quoniamst

318 3077 394 3136 33113
417 3072 685 3154 monosyllabarum
708 3076 903 3154 producitur?
928 3076 1002 3136 13313
1026 3083 1057 3134 31
1080 3093 1139 3135 333
1161 3077 1221 3135 3131
1235 3073 1455 3155 monosyllabae
1470 3095 1524 3156 per
1540 3093 1600 3135 con-

319 3177 512 3256 positionem,
543 3186 572 3236 et
598 3175 725 3236 redeunt
752 3177 788 3237 ad
817 3177 897 3237 illam
926 3186 1069 3240 naturam.
1115 3177 1153 3237 do
1180 3176 1324 3258 producta
1347 3186 1405 3252 331,
1430 3178 1522 3239 reddb
1543 3196 1600 3237 cor-

318 3286 402 3357 repta
425 3285 478 3337 331.
509 3282 553 3337 stb
575 3278 719 3357 producta
742 3287 800 3349 est,
824 3278 907 3339 adstb
930 3281 1048 3349 constb,
1072 3281 1130 3340 iarn
1153 3277 1220 3340 illae
1242 3281 1459 3360 corripiuntur,
1484 3289 1516 3341 ut
1536 3282 1602 3341 scias

320 3382 459 3461 quoniam
482 3388 551 3441 tunc
569 3385 639 3440 sunt
661 3381 836 3459 productae,
862 3381 980 3461 quando
995 3391 1064 3443 sunt
1078 3380 1313 3460 monosyllabae;
1336 3400 1404 3443 eum
1421 3391 1518 3443 autem
1541 3400 1600 3443 coe·

319 3483 418 3563 perint
447 3500 509 3542 3333
538 3480 751 3562 polysyllabae,
787 3484 860 3544 fiunt
889 3483 1002 3544 breves.
1049 3484 1105 3544 lroc
1131 3491 1164 3545 tu
1192 3485 1270 3544 scire
1297 3483 1418 3563 quidem
1447 3483 1549 3553 debes,
1575 3490 1632 3543 utu

320 3583 446 3647 naturali
473 3586 587 3645 ratione
616 3583 713 3645 brevis
740 3588 778 3646 sit
805 3588 901 3665 prima
929 3567 1066 3665 persona.
1112 3593 1211 3645 tamen
1238 3591 1375 3647 auctores
1397 3587 1602 3665 produxerunt.

321 3697 350 3747 31
376 3704 471 3766 paene
494 3685 640 3763 Vergilius
668 3686 744 3748 lranc
771 3690 916 3747 rationem
945 3694 1064 3748 secutus
1092 3697 1138 3749 est
1159 3706 1312 3767 graecam,
1342 3697 1375 3749 ut
1397 3687 1499 3766 longas
1521 3697 1604 3768 ponat

321 3789 508 3868 frequenter,
533 3793 658 3848 ‘canto
682 3808 771 3869 ‹yuae
795 3789 934 3851 solitus
957 3792 988 3850 si
1011 3790 1190 3869 quando':
1213 3798 1317 3860 canto,
1342 3800 1372 3851 to
1394 3789 1481 3869 longa
1504 3798 1546 3850 est
1567 3787 1604 3869 [et

319 3893 350 3952 in
373 3886 451 3971 31113]
476 3892 579 3970 posita.
609 3898 709 3951 tamen
730 3894 922 3953 inveniuntur
945 3892 1035 3953 verba
1057 3892 1134 3972 apud
1157 3894 1253 3972 ipsum
1270 3892 1446 3971 Vergilium,
1470 3891 1521 3954 ubi
1541 3892 1602 3951 bre·

320 3988 513 4075 vissito,l
545 3995 1113 4072 ε333333133313131131333’.
1157 3994 1425 4055 occebrevisest.
1470 3994 1634 4056 3331331313

321 4102 418 4155 autem
441 4112 557 4162 omncs,
581 4094 692 4155 Statius
721 4104 750 4155 et
777 4098 842 4168 3111,
871 4098 998 4157 maiores
1020 4098 1140 4156 suntin
1162 4096 1213 4158 illa
1234 4105 1319 4177 parte
1340 4115 1418 4176 quae
1440 4096 1534 4157 brevis
1554 4104 1602 4163 est,

322 4216 409 4277 quam
432 4198 463 4256 in
489 4195 538 4256 illa
567 4216 642 4277 quae
670 4196 756 4275 longa
780 4205 838 4269 est,
868 4208 972 4259 contra
995 4197 1166 4276 Vergilium.
1212 4202 1309 4260 omnis
1331 4217 1403 4277 ergo
1426 4218 1444 4259 o
1466 4201 1497 4259 13
1517 4200 1603 4278 prima

321 4316 449 4378 persona
472 4317 591 4379 semper
614 4301 772 4379 corripitur
795 4304 926 4381 exceptis
947 4300 1167 4382 monosyllabis.

324 4435 484 4443 um„
496 4436 502 4441 .
559 4436 563 4441 .
572 4436 624 4441 ...-

394 4488 406 4537 1
426 4488 466 4537 313
487 4486 527 4537 Cb
545 4486 608 4536 adeo
624 4486 680 4537 AB
741 4490 831 4549 233111
850 4505 911 4557 ergo
929 4489 1049 4538 iaciemus
1068 4489 1092 4538 Α
1110 4489 1169 4552 quid
1186 4504 1247 4556 ergo
1267 4488 1391 4539 faciemus
1409 4489 1470 4552 quid
1490 4488 1603 4537 faciemus

324 4556 397 4605 cna
484 4557 577 4620 iergo
597 4558 661 4607 etsi
681 4572 742 4607 usus
759 4559 785 4607 A
873 4561 902 4610 ll
923 4557 991 4626 inlls]
1010 4559 1082 4607 iuties
1102 4559 1184 4609 ABG
1251 4556 1335 4625 audis]
1357 4559 1447 4609 audies
1466 4558 1544 4608 ABG

325 4625 357 4675 14
377 4628 402 4673 in
426 4636 529 4677 auctore
547 4626 629 4677 ABG
717 4644 810 4690 quaeso
836 4630 876 4679 313
899 4631 1084 4680 Lindemannus
1108 4644 1203 4693 quaeso
1227 4644 1292 4691 queo
1313 4630 1336 4678 B
1356 4644 1451 4693 quaeso
1472 4641 1550 4693 quaec
1567 4626 1604 4675 t'a

225 4758 228 4766 Ι
324 4696 533 4759 quaesoquaeA
590 4697 621 4747 18
640 4700 822 4749 noturCnono
836 4700 892 4748 AB
944 4694 1603 4765 22333313331333331313333333331333031

371 4766 403 4815 24
418 4763 488 4831 3333]
510 4768 691 4831 1133333339,
707 4769 751 4817 1111
770 4768 804 4819 59
855 4785 901 4835 per
918 4779 1039 4819 aestatem
1051 4771 1076 4818 Α
1082 4772 1117 4833 (l)
1129 4769 1167 4819 Cb
1186 4785 1232 4835 per
1246 4779 1336 4819 statem
1352 4770 1378 4818 B
1395 4766 1604 4836 praestantem·

377 4832 410 4883 33
429 4832 512 4901 33313]
542 4837 620 4900 Verp.
641 4838 721 4892 bucol.
742 4840 765 4899 2,
782 4838 815 4890 23
887 4837 1087 4903 3533333313]
1113 4839 1290 4904 1133333331.
1311 4840 1336 4904 8,
1355 4838 1389 4890 43
1452 4836 1603 4890 neutericiA
