3350 5442
300 318 364 383 206
869 318 1023 383 PObll'llil

326 441 348 483 p.
361 428 450 470 xes-50
464 427 486 469 l..
714 480 717 487 Ι

300 508 398 577 illnm;
427 526 499 587 ergo
526 526 586 571 non
614 526 735 589 possum
766 508 867 569 dicere
889 510 949 569 nisi
969 508 1007 569 de
1030 526 1064 570 ea
1086 526 1228 588 persona,
1252 524 1342 588 quam
1364 508 1464 580 video,
1487 516 1522 569 ut
1543 508 1596 569 de·

300 616 500 672 monstranter
522 608 572 671 ille
595 610 651 671 boe
674 610 789 673 dixerit.
825 629 896 671 eece
919 612 998 671 enirn
1020 608 1077 671 boc
1099 610 1272 671 adverbium
1293 628 1355 671 non
1376 613 1516 688 congruit
1537 612 1598 671 nisi

300 713 346 773 rei
369 729 445 792 quae
466 719 565 792 potest
587 712 799 781 demonstrari;
823 710 994 773 adverbium
1019 719 1064 773 est
1086 713 1166 773 enim
1188 711 1436 773 demonstrantis:

452 832 493 875 en
517 814 700 877 Priamus:
725 820 811 902 sunt
833 814 892 875 bic
915 815 1026 875 etiam
1047 832 1111 875 sua
1132 815 1298 893 praemia
1320 812 1433 875 laudi.

300 934 372 996 ergo
399 924 470 978 cum'
496 915 585 978 ellum
608 919 646 977 sit
668 935 738 977 eece
761 916 860 987 illum,
883 914 972 978 ellam
994 934 1064 978 eece
1087 914 1180 986 illam,
1209 915 1283 977 nihil
1304 934 1462 995 possumus
1483 915 1630 986 dicere,⁵

299 1020 358 1080 nisi
385 1020 478 1097 magis
505 1018 735 1080 demonstrativa
762 1025 796 1079 ut
822 1020 883 1079 sint
909 1017 945 1079 ad
973 1036 1116 1097 personas
1145 1026 1175 1078 et
1195 1018 1363 1097 significent
1384 1036 1460 1098 quae
1481 1019 1600 1097 possint

300 1123 388 1181 etiam
412 1120 537 1182 ostendi.
583 1122 626 1182 sic
654 1120 746 1182 habes
774 1120 806 1180 in
832 1120 898 1199 ipso
921 1120 1050 1190 Donato,
1080 1127 1113 1181 ut
1134 1118 1201 1180 illae
1223 1122 1282 1181 sint
1304 1138 1450 1201 personae
1471 1119 1599 1181 demon·

298 1223 437 1283 strativae
463 1241 539 1303 quae
566 1224 640 1285 loris
666 1230 749 1293 sunt,
779 1223 874 1300 magis
902 1230 999 1283 tamen
1028 1228 1201 1302 praesentes
1229 1240 1305 1302 quae
1332 1224 1411 1283 intus
1437 1229 1517 1284 suot.
1565 1230 1601 1283 ut

298 1334 369 1405 puta
391 1324 554 1403 ‘Vergilius
577 1326 698 1405 scripsit
718 1322 885 1387 bucolica':
916 1325 1051 1385 etiamsi
1073 1324 1147 1385 loris
1168 1329 1226 1394 est,
1251 1323 1318 1385 dico
1339 1324 1405 1385 ‘bic
1427 1328 1505 1393 est';
1534 1342 1600 1385 non

299 1434 399 1488 autem
426 1446 547 1507 possum
575 1427 692 1499 dicere,
720 1429 746 1489 si
772 1445 915 1506 praesens
937 1433 996 1496 est,
1020 1425 1088 1486 ‘bic
1115 1428 1193 1494 cst',
1222 1426 1275 1487 sed
1303 1426 1369 1488 dico
1397 1426 1516 1488 ‘eccum
1544 1428 1601 1507 qui
1617 1440 1643 1479 ιι

299 1530 444 1609 scripsit’,
479 1530 562 1607 quasi
593 1548 663 1591 eece
692 1548 774 1601 eum,
810 1536 842 1590 ut
875 1537 905 1589 et
932 1527 1194 1590 demonstrativum
1226 1527 1401 1590 adverbium
1427 1546 1537 1608 ponam
1567 1537 1602 1589 et

299 1637 487 1711 praesentem
511 1631 674 1693 ostendam.
706 1630 763 1691 boc
785 1637 885 1711 potest
905 1629 1042 1692 adhiberi
1064 1629 1250 1691 differentiae
1272 1648 1370 1692 eausa.
1400 1638 1498 1692 tamen
1520 1631 1600 1691 mibi

300 1735 357 1795 boc
379 1750 438 1794 non
461 1733 591 1804 videtur,
621 1732 673 1795 sed
702 1750 757 1811 ego
785 1739 857 1812 puto
884 1731 1010 1813 simplex
1036 1750 1202 1813 pronomen
1236 1732 1499 1795 demonstrativum
1526 1752 1600 1793 esse

300 1836 363 1910 bic,
388 1854 491 1897 eccum
515 1837 701 1914 conpositum
728 1853 784 1915 pro
828 1853 896 1949 men
925 1834 1186 1896 demonstrativum
1209 1852 1283 1895 esse.
1328 1843 1359 1894 et
1379 1835 1437 1895 hnc
1459 1841 1488 1895 et
1510 1833 1600 1914 ddnd

299 1937 564 2000 demonstrativum
588 1936 723 2025 est,sed
841 1935 966 2016 simplex
988 1938 1058 2007 erit,
1082 1934 1155 1997 illud
1177 1938 1374 2015 conpositum.
1405 1936 1641 1998 diximnsdc1⁵

299 2040 440 2120 qualitate
462 2041 689 2120 pronominum;
713 2038 802 2100 modo
825 2041 978 2099 uideamus
999 2037 1037 2098 de
1058 2036 1227 2116 generibus.

384 2143 501 2204 Genera
523 2144 733 2221 pronominum
757 2148 826 2201 sunt
848 2141 938 2202 baec:
962 2142 1060 2202 omnia
1081 2142 1261 2221 pronomina
1275 2148 1326 2201 aut
1340 2139 1503 2202 masculina
1523 2150 1603 2201 sunt

298 2252 349 2307 aut
378 2245 518 2307 leminina
547 2252 597 2305 aut
623 2250 727 2305 neutra
756 2250 808 2304 aut
835 2244 1002 2304 communia
1031 2250 1082 2303 aut
1103 2243 1201 2303 omnis
1222 2242 1353 2320 generis.
1396 2230 1635 2304 masculinum'

180 2358 238 2421 501,
252 2358 284 2409 37
297 2364 463 2427 pronomen
487 2348 623 2427 estquis.
655 2344 742 2407 bodie
765 2346 805 2407 ita
827 2345 967 2414 dicimus,
991 2350 1024 2404 ut
1045 2346 1110 2424 quis
1131 2342 1329 2405 masculinum
1350 2346 1390 2406 sit
1410 2362 1599 2424 pronomen:

298 2449 375 2528 apud
404 2448 532 2509 maiores
560 2454 678 2510 nostros
706 2446 912 2508 indifferenter
939 2447 1106 2508 invenimus
1128 2447 1186 2507 boc
1207 2465 1388 2526 pronomen,
1412 2448 1528 2526 etquis
1550 2448 1644 2506 virm

297 2559 328 2611 et
350 2552 416 2628 quis
437 2549 559 2619 mulier,
586 2552 708 2611 omnino
736 2548 848 2620 milies,
878 2567 938 2611 non
959 2546 1068 2611 semel:
1096 2550 1129 2609 in
1157 2547 1299 2610 Terentio
1321 2546 1415 2609 habes
1437 2548 1494 2610 hoe
1515 2549 1602 2609 iorte

297 2660 402 2732 quarto
431 2660 481 2714 aut
509 2654 611 2730 quinto
635 2652 779 2732 positum,
809 2652 889 2728 quim
918 2669 986 2712 cum
1015 2650 1052 2711 de
1074 2649 1199 2712 muliere
1220 2647 1410 2730 loqueretur,
1433 2652 1499 2731 quis
1521 2651 1604 2713 dixit

297 2754 374 2815 iorte
402 2760 508 2834 quarto
536 2763 586 2816 aut
611 2755 725 2834 quinto.
771 2763 816 2815 est
842 2760 943 2814 autem
975 2754 1050 2813 ratio
1078 2757 1108 2812 et
1136 2753 1219 2830 origo
1246 2752 1336 2814 buius
1364 2754 1552 2832 pronominis
1581 2774 1601 2816 a

297 2873 421 2933 graeco,
451 2855 618 2917 etidcirco
647 2857 736 2917 traxit
763 2864 793 2917 et
814 2873 908 2934 genus
929 2852 967 2915 ad
988 2854 1119 2917 Latinos.
1163 2856 1230 2933 quis
1251 2862 1296 2915 est
1315 2852 1376 2927 τίς.
1420 2854 1472 2929 τίς
1493 2868 1601 2918 autem

297 2956 375 3036 apud
398 2955 465 3019 illos
487 2963 548 3019 tarn
571 2956 726 3019 masculini
748 2958 868 3037 generis
890 2963 935 3017 est
957 2972 1044 3034 quam
1066 2956 1212 3017 seminini.
1244 2974 1315 3035 ergo
1338 2955 1418 3037 quod
1440 2958 1509 3020 inde
1532 2967 1598 3019 tra·
1614 2975 1641 3015 ιε.

298 3067 406 3121 xerunt
427 3058 484 3120 boc
506 3077 687 3139 pronomen,
711 3064 904 3121 servaverunt
925 3060 1014 3119 etiam
1034 3076 1131 3136 genus
1153 3058 1282 3135 antiqui,
1306 3064 1338 3118 ιιι
1361 3065 1405 3120 est

450 3162 532 3241 quis
556 3170 592 3223 tu
615 3180 653 3223 es
676 3160 825 3231 mulier,
851 3162 911 3238 qui
932 3179 986 3221 me
1008 3160 1075 3221 hoc
1097 3161 1324 3240 nuncupasti
1346 3162 1514 3223 nominc?

297 3264 381 3340 ‘quis
408 3262 531 3323 mulier'
560 3261 703 3325 babemus
733 3271 763 3323 et
789 3264 821 3323 in
849 3263 944 3324 Ennio
973 3269 1004 3323 et
1028 3245 1060 3323 in
1082 3263 1208 3323 Pacuvio
1237 3268 1267 3322 et
1292 3263 1324 3323 in
1349 3262 1415 3342 ipso
1437 3262 1596 3325 Terentio.

297 3382 369 3443 ergo
399 3372 443 3425 est
471 3363 665 3427 masculinum
694 3382 860 3445 pronomen
888 3364 969 3442 quis,
1000 3365 1178 3425 femininum
1204 3382 1294 3443 quae,
1331 3371 1472 3426 nentrum
1501 3365 1596 3445 quod.

298 3485 469 3539 commune,
494 3473 527 3529 ut
548 3466 642 3547 qualis
664 3464 743 3527 talis:
767 3486 835 3529 nam
858 3465 955 3548 qualis
977 3466 1085 3527 dicitur
1109 3465 1112 3548 l
1138 3467 1196 3535 vir,
1219 3466 1314 3546 qualis
1336 3466 1445 3528 dieitur
1467 3466 1596 3538 mulien
1612 3484 1642 3524 se

297 3575 328 3629 et
349 3568 414 3631 talis
436 3571 480 3629 vir
503 3576 532 3630 et
553 3568 619 3631 talis
641 3568 757 3631 mulier.
803 3568 939 3631 similiter
961 3586 1031 3648 ego:
1055 3586 1111 3647 ego
1133 3568 1204 3629 dicit
1226 3570 1279 3638 vir,
1302 3586 1357 3648 ego
1379 3567 1451 3630 dicit
1473 3569 1597 3641 mulier,

297 3688 351 3749 ego
375 3670 447 3732 dicit
468 3673 657 3751 mancipium.

381 3773 413 3834 ln
435 3773 661 3853 pronominibus
682 3781 750 3835 sunt
773 3775 861 3835 etiarn
884 3774 1015 3842 numeri,
1040 3772 1198 3852 singularis
1220 3781 1249 3834 et
1270 3771 1408 3852 pluralis,
1431 3772 1597 3852 singularis

296 3876 358 3947 hie,
382 3875 506 3955 pluralis
528 3876 568 3937 lri.
614 3884 684 3937 sunt
706 3878 793 3937 etiam
817 3876 936 3937 numeri
962 3878 1138 3937 communis.
1182 3874 1308 3953 legimus
1332 3876 1420 3936 etiam
1440 3876 1474 3936 in
1497 3879 1597 3937 nomi·

364 4112 444 4181 den]
466 4118 544 4181 Verp.
565 4114 632 4165 Aen.
650 4114 659 4162 l
678 4112 727 4165 tut
800 4114 914 4178 priamus
931 4113 1004 4164 ΑΘΒ
1027 4113 1120 4179 priami
1137 4114 1164 4164 B
1232 4114 1347 4181 proemia
1369 4113 1454 4166 ΑΒΘ
1522 4117 1595 4167 laudi

296 4186 371 4236 ΒΘα
389 4186 472 4236 leudis
489 4187 514 4236 A
571 4181 691 4250 bellum]
714 4198 798 4233 eccam
818 4184 904 4234 ABG
954 4182 1189 4235 udemonstrmiue
1206 4186 1293 4237 ABG
1346 4184 1492 4249 significent
1508 4188 1598 4237 ABG

366 4256 397 4306 ll
416 4270 507 4321 ponem
528 4256 581 4306 ΑΘ
596 4263 674 4320 ponat
692 4252 757 4303 Ba*
829 4252 862 4305 13
881 4254 1074 4304 demonstretiui
1095 4262 1134 4305 est
1151 4254 1194 4305 hie
1214 4255 1267 4305 AG
1284 4255 1513 4305 demonstrationum
1533 4272 1594 4307 esse

296 4326 337 4377 lde
355 4340 441 4375 eccum
461 4327 620 4392 conpositum
635 4338 775 4391 pronomen
795 4336 841 4374 om.
856 4325 882 4374 B
953 4325 987 4374 14
1003 4323 1196 4375 demonstretioi
1214 4341 1271 4376 esse
1292 4332 1316 4375 et
1334 4323 1383 4374 hoc
1400 4334 1425 4374 et
1438 4325 1504 4375 illud
1516 4326 1595 4377 ΒΘιι

295 4396 488 4447 demonstratiul
507 4406 547 4447 est
564 4396 612 4447 hoo
630 4404 668 4446 est
686 4394 749 4445 illud
764 4394 789 4443 A
863 4393 895 4444 lu
909 4394 1041 4444 videamus
1058 4410 1104 4445 om.
1118 4394 1200 4446 ΑΒΘ
1267 4395 1300 4446 21
1316 4394 1342 4443 in
1359 4396 1466 4446 terentio
1480 4396 1506 4444 A
1521 4398 1595 4462 epod

295 4468 429 4517 terentium
447 4466 534 4517 BCaz
557 4468 593 4529 ef.
617 4470 643 4517 ιιι
662 4466 737 4531 Scep.
757 4466 826 4527 cept.
845 4466 872 4513 ιἰι
892 4466 957 4517 lion.
972 4480 1003 4527 p.
1022 4463 1083 4528 501,
1101 4464 1136 4515 38
1205 4466 1241 4516 24
1259 4474 1285 4515 et
1304 4461 1399 4531 genos]
1419 4464 1446 4515 id
1463 4480 1547 4532 genno
1567 4466 1594 4516 A

364 4537 422 4600 quis
441 4544 480 4587 ιιι
502 4537 535 4587 tis
552 4538 585 4587 tis
603 4545 688 4586 autem
707 4535 797 4586 ΑΒΘ.
812 4535 929 4598 fortusse
947 4536 1006 4597 quis
1022 4536 1078 4585 est?
1098 4532 1143 4594 τίς
1162 4526 1251 4596 lovem
1271 4534 1315 4595 τίς
1333 4542 1418 4585 autem
1488 4536 1524 4589 25
1538 4545 1594 4586 tnm

294 4606 428 4656 masculini
447 4608 550 4673 generis
566 4614 605 4656 est
620 4606 693 4656 BGa
718 4614 757 4656 est
773 4612 825 4653 tam
843 4604 978 4654 masculini
995 4605 1099 4669 generis
1118 4604 1143 4653 A
1213 4606 1273 4655 inde
1290 4614 1330 4655 est
1348 4613 1373 4655 et
1390 4613 1526 4657 traxerunt
1542 4605 1594 4657 hoc

295 4678 439 4741 pronomini
457 4692 525 4731 corr.
545 4676 604 4725 inde
622 4684 754 4726 traxerunt
772 4674 821 4725 hoe
834 4689 973 4742 pronomen
991 4675 1017 4725 Β
1103 4675 1136 4725 27
1155 4676 1213 4738 qnia
1230 4672 1269 4743 tu]
1289 4675 1386 4725 Pacato.
1406 4674 1479 4730 Med.
1495 4677 1593 4743 finem.

295 4746 330 4797 20
347 4749 386 4797 ed.
401 4746 474 4797 utut.
544 4744 583 4809 es]
602 4745 658 4795 cO
727 4744 761 4797 28
779 4746 821 4809 qui
838 4746 929 4796 mulier
947 4744 1032 4795 ΑΒΘ
1100 4744 1132 4797 31
1154 4752 1181 4793 et
1197 4745 1256 4796 talis
1276 4746 1316 4795 nir
1334 4752 1360 4795 et
1378 4743 1436 4794 utta
1453 4746 1549 4797 mulier
1569 4747 1594 4798 A

295 4816 354 4867 talis
369 4816 478 4868 dicimus
496 4817 535 4865 uir
548 4816 605 4865 talis
621 4815 730 4868 dicimus
746 4818 836 4865 mulier
855 4816 928 4865 ΒΘιι
997 4814 1031 4865 34
1051 4829 1198 4865 communes
1217 4816 1241 4863 A
