3350 5442
1657 1 1664 157 l

317 378 379 442 598
874 376 1055 439 uacuoun

317 563 560 628 emendationes
576 560 629 626 vel
643 562 677 626 in
693 561 870 626 editionem
891 571 1038 648 receptas
1061 561 1115 626 vel
1136 563 1172 625 in
1192 562 1403 627 adnotatione
1424 561 1630 648 proposita»

318 689 335 730 e
357 668 464 754 priore
487 664 629 730 editione
651 663 790 729 Pontani
813 687 844 727 a.
868 663 947 728 1597
972 664 1083 750 petivi.
1128 686 1203 727 nam
1231 666 1334 750 ipsam
1358 663 1530 752 Opsopoei
1557 662 1627 727 edi·

317 770 437 834 tionem
460 791 525 833 non
548 767 628 833 vidi.

402 871 545 935 Diversa
567 879 794 956 excerptorum
817 890 938 952 genera
960 891 1002 931 ex
1017 890 1080 932 uno
1096 867 1255 933 Macrobii
1270 868 1381 933 codice
1397 867 1448 932 vel
1473 892 1518 934 ex
1545 891 1629 955 apo-
1664 908 1665 933 r

317 973 449 1058 graphia
477 971 574 1036 unius
601 969 722 1036 codicis
751 969 889 1036 collecta
916 991 988 1034 esse
1015 993 1058 1034 ex
1085 970 1175 1035 vitiis
1205 971 1403 1058 quibusdam
1430 973 1629 1056 scripturae

318 1075 460 1138 maxime
488 1075 522 1137 in
543 1074 742 1159 ⁸fragmentis
765 1082 915 1138 veterum
944 1073 1137 1157 scriptorum
1159 1075 1321 1137 communi
1343 1095 1505 1139 consensu
1530 1085 1570 1136 et
1592 1074 1628 1134 in

318 1176 475 1241 Parisinis
499 1177 661 1262 excerptis
685 1183 717 1238 et
738 1174 772 1237 in
795 1184 937 1240 tractatu
960 1173 1002 1237 ad
1019 1174 1175 1239 Severum
1196 1175 1338 1239 inventis
1362 1175 1450 1258 (nam
1474 1173 1628 1261 reliquo-

317 1302 389 1342 rum
412 1279 669 1364 fragmentorum
691 1276 797 1342 minor
819 1278 852 1339 in
874 1275 936 1339 bac
957 1299 992 1338 re
1014 1276 1065 1340 vis
1088 1278 1151 1363 est)
1175 1276 1323 1362 adparet.
1365 1279 1526 1363 temporis
1558 1300 1625 1339 an-
1665 1258 1666 1291 ³

317 1392 382 1446 tem
405 1403 470 1468 quo
492 1380 583 1445 faeta
605 1389 681 1444 sunt
702 1378 825 1444 nullum
849 1388 972 1442 certum
994 1378 1150 1443 indicium
1172 1388 1232 1443 est.
1267 1377 1326 1442 sed
1348 1381 1502 1466 quoniam
1528 1379 1627 1443 Pari-

318 1485 387 1548 sino
415 1482 520 1546 codici
546 1504 665 1547 nomen
693 1483 892 1568 excerptoris
915 1480 1137 1566 subscriptum
1159 1489 1211 1544 est
1231 1481 1409 1564 Iohannes,
1432 1484 1521 1546 bunc
1548 1503 1627 1543 esso

317 1585 471 1649 loannem
505 1584 651 1664 Scotum,
688 1607 761 1649 eum
789 1570 846 1669 qni
874 1583 1018 1668 Erigena
1045 1582 1145 1667 vulgo
1174 1582 1311 1664 dicitur,
1340 1585 1624 1648 existimaverunt

318 1686 471 1750 Pithoeus
499 1687 531 1751 in
561 1687 701 1751 editione
728 1685 870 1750 Pontani
896 1694 929 1748 et
957 1684 1061 1749 editor
1082 1684 1316 1769 glossariorum
1338 1684 1486 1752 Labbaei
1507 1685 1624 1770 praef.

318 1812 348 1874 p.
372 1790 401 1852 7.
439 1809 522 1874 quae
551 1789 751 1868 coniectura,
780 1785 956 1852 multorum
984 1784 1043 1851 illa
1064 1787 1195 1874 quidem
1217 1809 1375 1851 consensu
1398 1787 1623 1874 conprobata.

317 1913 513 1977 quamquam
542 1890 630 1954 aliud
658 1888 907 1954 fundamentum
929 1889 1127 1969 nonhabet,
1151 1912 1248 1976 quam
1272 1889 1360 1976 quod
1382 1888 1501 1953 studiis
1525 1887 1622 1952 illins

316 1995 460 2058 maxime
481 2002 716 2056 consentaneus
745 2014 816 2056 esse
840 1991 1014 2056 videbator
1035 1990 1180 2071 libellus,
1203 2001 1314 2056 tamen
1336 1990 1391 2056 illa
1414 1992 1484 2055 fere
1505 2003 1622 2054 aetate

316 2093 397 2159 haec
425 2104 581 2182 excerpta
609 2095 777 2180 conposita
805 2117 877 2157 esse
898 2093 968 2158 veri
996 2092 1101 2157 simile
1123 2103 1183 2158 est.
1226 2116 1303 2158 nam
1325 2105 1393 2159 tum
1415 2093 1561 2180 primum
1585 2096 1620 2156 in

317 2219 416 2282 regno
446 2199 646 2262 Francorum
674 2195 784 2260 studia
811 2217 949 2280 graecae
976 2195 1108 2280 linguae
1135 2197 1281 2260 exerceri
1303 2206 1527 2282 coeptarunt.
1575 2197 1617 2258 ad

316 2322 400 2385 quae
427 2322 500 2363 eum
527 2301 583 2385 qui
612 2307 766 2385 excerpta
793 2299 871 2362 fecit
893 2320 1024 2384 operam
1047 2320 1140 2362 suam
1162 2299 1461 2362 accommodavisse
1483 2309 1518 2362 et
1541 2299 1617 2361 sub-

317 2401 450 2487 scriptio
477 2400 598 2465 codicis
628 2399 721 2465 docet
748 2409 780 2463 et
807 2411 928 2465 natura
955 2399 1029 2464 libri
1058 2399 1212 2465 declarat.
1257 2402 1323 2464 iam
1353 2421 1432 2465 vero
1465 2399 1509 2464 de
1543 2400 1618 2484 ipso

317 2502 476 2567 Macrobii
505 2501 588 2568 libro
616 2524 812 2589 quamquam
842 2513 917 2589 post
943 2504 1077 2568 inventa
1103 2502 1281 2568 Bobiensia
1310 2513 1462 2588 excerpta
1490 2504 1617 2565 rectius

317 2627 415 2690 quam
444 2615 540 2668 antea
567 2605 704 2668 iudicari
737 2614 861 2689 potest,
890 2614 998 2668 tamen
1027 2627 1069 2668 ne
1097 2627 1184 2669 nunc
1210 2604 1342 2691 quidem
1369 2606 1449 2668 satis
1472 2615 1616 2678 constat,

316 2717 490 2793 propterea
522 2706 609 2793 quod
642 2707 847 2790 grammatici
881 2729 946 2771 non
978 2705 1048 2772 solo
1081 2717 1309 2794 excerptorum
1343 2729 1477 2770 munere
1509 2707 1616 2770 suncti

318 2820 409 2891 sunt,
440 2809 497 2873 sed
527 2807 629 2873 multa
658 2809 755 2873 etiam
784 2809 848 2895 ipsi
876 2817 1090 2873 navaverunt.
1135 2831 1210 2874 nam
1238 2809 1266 2874 is
1294 2811 1350 2895 qui
1378 2808 1533 2873 Parisina
1561 2831 1616 2870 ex·

316 2921 427 2998 carpta
454 2911 625 2997 conposuit
653 2920 690 2974 ut
718 2920 945 2994 argumentum
972 2919 1006 2974 et
1032 2911 1178 2976 ordinem
1208 2910 1286 2976 libri
1307 2911 1492 2975 accuratius
1515 2934 1616 2998 qnam

317 3013 431 3099 reliqui
455 3013 618 3094 servavit,
647 3013 694 3076 ita
716 3014 755 3077 ad
780 3012 910 3097 regulas
933 3013 1042 3097 graeci
1066 3013 1158 3078 verbi
1185 3023 1219 3078 et
1240 3035 1336 3077 usum
1359 3011 1546 3077 scholarum
1569 3015 1618 3077 in-

317 3125 424 3178 tentus
447 3138 512 3178 non
537 3113 642 3179 solum
663 3113 767 3179 multa
790 3137 831 3178 ex
853 3114 893 3178 iis
916 3137 1000 3201 quae
1013 3114 1199 3180 Macrobius
1223 3115 1401 3201 scripserat
1422 3117 1616 3200 praetermi-

317 3217 375 3296 sit,
399 3226 435 3280 ut
458 3217 528 3302 ipse
550 3217 611 3294 ait,
637 3215 691 3280 sed
716 3216 814 3280 etiam
836 3239 895 3302 pro
924 3227 1021 3303 captu
1044 3239 1124 3280 suae
1146 3217 1263 3281 aetatis
1285 3239 1350 3281 non
1372 3215 1462 3280 nulla
1484 3216 1615 3280 addidit

317 3316 369 3383 vel
392 3321 545 3383 mutavit.
575 3341 616 3382 ex
631 3319 850 3383 Bobiensibus
872 3327 980 3383 autem
1002 3318 1224 3403 grammaticis
1247 3316 1331 3382 alter
1352 3339 1459 3404 pauca
1480 3320 1614 3382 omnino

318 3419 466 3485 exhibuit
496 3421 537 3483 ad
560 3418 663 3485 latina
684 3421 826 3484 maxime
848 3420 951 3485 verba
973 3421 1183 3506 pertinentia,
1206 3420 1381 3506 inquibus
1404 3441 1485 3484 sane
1506 3418 1614 3485 solnm

316 3522 519 3587 lllacrobium
547 3532 677 3587 secutus
707 3531 771 3606 est3
802 3521 900 3613 alter,
923 3523 979 3609 qui
1001 3531 1177 3587 tractatum
1199 3521 1240 3586 de
1262 3523 1364 3587 verbo
1387 3522 1429 3587 ad
1452 3523 1613 3587 Severum

317 3625 457 3710 scripsit,
479 3623 627 3710 quamvis
656 3622 794 3710 plurima
816 3623 975 3689 Macrobii
998 3623 1081 3689 libro
1104 3624 1237 3704 debeat,
1260 3649 1279 3688 e
1302 3647 1367 3711 quo
1389 3625 1461 3710 ipse
1483 3647 1613 3712 quoqne

317 3748 356 3790 ea
377 3725 519 3789 maxime
541 3747 624 3811 quae
647 3726 689 3789 ad
711 3723 849 3790 latinum
872 3748 1054 3791 sermonem
1077 3736 1228 3813 spectant
1249 3727 1384 3812 recepit,
1407 3735 1517 3790 tamen
1536 3749 1610 3792 con-

316 3826 410 3914 plura
432 3849 515 3914 quae
530 3826 582 3891 vel
605 3827 647 3892 ab
670 3825 743 3890 aliis
766 3830 929 3914 petiverat
950 3827 1003 3892 vel
1025 3830 1095 3915 ipse
1116 3830 1296 3909 invenerat,
1319 3839 1356 3892 ut
1377 3827 1610 3895 declinationes

317 3931 500 4012 verborum,
524 3951 603 4015 quas
626 3928 816 3994 Macrobius
839 3940 928 3994 certe
949 3954 1014 3996 non
1037 3940 1201 4016 posuerat,
1225 3931 1354 3994 adiecit.
