3350 5442
330 349 393 414 286
895 346 1048 416 Ponetur

372 487 377 499 .
389 460 478 502 cas-ao
491 458 514 499 a.

329 473 448 601 inlerim
471 539 543 601 illud
566 542 728 620 quaeritur,
752 542 1016 619 quotienscumque
1037 540 1133 621 perh
1158 540 1282 603 iacimus
1306 517 1541 613 barbarismum,
1567 545 1610 604 oui

330 642 374 702 rei
396 640 514 702 dabitur
534 642 582 703 hio
606 641 821 713 barbarismus,
845 645 958 722 scriptu
980 652 1031 737 aut
1050 644 1257 722 pronuntiatu,
1281 645 1325 704 sic
1347 661 1407 722 quo
1431 639 1524 704 'modo
1546 643 1609 704 illud

328 741 463 820 legimus,
487 743 507 804 h
529 742 657 805 litteram
680 763 745 806 esse
769 757 818 805 aut
839 744 1069 827 aspirajtionem.
1115 747 1141 806 si
1162 746 1259 806 littera
1280 754 1332 816 est,
1356 747 1469 826 scriptu
1486 745 1608 814 dabitur:

316 846 353 908 ,si
376 847 515 925 aspiratio
538 853 597 922 est,
620 849 822 926 pronuntiatu.
862 843 934 927 [qua
969 849 1084 908 ratione
1107 850 1247 927 quoniam
1268 847 1305 909 de
1327 847 1514 909 barbarismo
1535 848 1609 916 dixit

329 946 435 1008 adiecit
456 947 610 1030 litteram].
1616 967 1626 1004 s

195 1059 198 1066 '
228 1059 317 1124 aaut
369 1057 372 1068 '
414 1051 489 1113 Sunt
511 1050 609 1129 aliqua
631 1053 709 1121 vitia,
733 1069 807 1131 quae
831 1053 923 1113 vitare
946 1051 1098 1114 debemus.
1141 1054 1212 1113 istas
1238 1055 1369 1132 quinque
1391 1069 1442 1114 res
1462 1051 1555 1112 debes
1576 1054 1610 1112 ri-

330 1157 407 1222 tare,
445 1155 617 1215 iotacismos
645 1153 842 1216 labdaoismos
869 1155 1077 1234 myotaoismos
1110 1153 1289 1217 conlisiones
1315 1153 1422 1215 hiatus.
1473 1155 1610 1214 iotacisnri

328 1259 405 1322 suut,
429 1256 479 1334 qui
502 1255 574 1315 frunt
595 1274 649 1335 per
671 1257 681 1316 i
703 1255 847 1326 litteram,
871 1257 949 1336 siqui
970 1257 1010 1316 ita
1033 1255 1125 1327 dicat,
1153 1255 1246 1318 Titius
1267 1275 1322 1338 pro
1344 1275 1379 1317 eo
1401 1255 1480 1336 quod
1504 1262 1548 1316 est
1567 1255 1610 1315 rt·

327 1357 395 1426 tius,
419 1357 558 1418 Aventius
580 1375 635 1436 pro
658 1376 693 1418 eo
716 1358 794 1438 qnod
817 1365 863 1419 est
876 1360 1023 1429 Aventius,
1046 1359 1198 1420 Amantius
1219 1377 1274 1438 pro
1297 1377 1333 1419 eo
1356 1357 1435 1438 quod
1451 1361 1609 1418 estiman-

328 1459 395 1518 tius.
446 1475 503 1536 quo
534 1458 622 1520 morlo
652 1477 722 1537 ergo
751 1459 808 1519 hoc
836 1459 870 1519 m
902 1460 1025 1521 vitium?
1068 1460 1241 1522 definiamus
1273 1460 1361 1529 illud,
1396 1467 1426 1520 et
1453 1458 1638 1519 videbimusn

327 1566 444 1638 postea,
469 1580 527 1640 quo
551 1560 638 1622 modo
661 1579 765 1622 cavere
788 1559 942 1623 debemus.
986 1563 1018 1622 lit
1045 1562 1103 1623 hoc
1130 1563 1246 1632 ritium,
1275 1563 1411 1642 quotiens
1438 1568 1506 1641 post
1528 1560 1610 1620 tirel
1645 1582 1648 1585 ·

327 1660 357 1721 di
384 1660 525 1741 syllabam
554 1664 688 1743 sequitur
715 1662 837 1732 vocalis,
872 1666 897 1724 si
924 1681 984 1725 non
1011 1663 1115 1725 sibilus
1142 1666 1190 1726 sit.
1242 1665 1507 1744 quotienscumque
1538 1664 1609 1722 enim

326 1771 395 1842 post
417 1764 437 1823 ti
459 1764 505 1826 vel
527 1765 556 1825 di
578 1765 720 1845 syllabam
742 1767 877 1844 sequitur
900 1765 1021 1837 vocalis,
1044 1764 1117 1827 illud
1138 1769 1161 1828 ti
1184 1763 1230 1834 rel
1250 1765 1282 1826 di
1303 1767 1334 1827 iu
1357 1764 1476 1826 sibilum
1499 1771 1608 1825 verten-

327 1863 396 1926 dum
419 1875 471 1927 est.
516 1885 575 1927 non
598 1866 742 1928 debemus
764 1866 863 1927 dicere
882 1869 931 1936 ita,
955 1868 1102 1948 quemad
1125 1868 1246 1929 modum
1267 1867 1408 1930 scribitur
1429 1868 1536 1937 Titius,
1562 1863 1609 1926 sed

326 1967 437 2039 Titius;
467 1968 564 2030 media
586 1967 635 2029 illa
658 1968 768 2050 syllaba
792 1975 920 2029 mutatur
941 1969 974 2028 in
995 1967 1124 2033 sibilum.
1171 1989 1242 2051 ergo
1268 1972 1294 2032 si
1321 1970 1448 2032 volueris
1469 1968 1638 2031 diseretio

326 2067 371 2129 vel
394 2067 437 2140 di,
466 2069 542 2139 noli,
572 2089 659 2150 quem
682 2070 718 2130 ad
741 2070 864 2132 modum
885 2069 1039 2140 scribitur,
1068 2073 1111 2132 sic
1137 2074 1288 2160 prolerre,
1317 2073 1370 2134 sed
1392 2070 1479 2133 sibilo
1502 2071 1610 2150 proter.

324 2167 392 2249 [sed
413 2173 452 2233 ita
476 2173 642 2252 exprimere
665 2171 764 2241 debes,
788 2172 938 2233 vitandum
961 2181 1007 2233 est
1027 2181 1059 2233 ut
1080 2172 1191 2252 syllaba
1212 2173 1264 2235 illa
1287 2182 1416 2237 vertatur
1431 2175 1463 2234 in
1478 2169 1608 2250 sibilum]

324 2271 377 2333 sed
404 2272 476 2335 illud
504 2276 580 2335 scire
608 2271 711 2342 debes,
741 2275 808 2353 quia
836 2283 907 2335 tuuc
934 2273 991 2335 boc
1019 2276 1117 2336 lacere
1144 2274 1249 2346 debes,
1278 2278 1305 2337 si
1331 2275 1428 2337 media
1457 2273 1462 2357 Ι
1491 2276 1542 2336 εἰι.
1588 2275 1611 2334 εἰ

324 2381 422 2437 autem
445 2376 540 2454 prima
568 2377 658 2438 luerit
684 2375 728 2455 [in
756 2377 852 2454 prima
879 2368 965 2454 parte
987 2375 1158 2458 orationis],
1190 2379 1306 2439 etiamsi
1328 2384 1469 2458 sequatur
1490 2374 1608 2443 vocalis,

324 2491 383 2536 nou
405 2474 484 2536 illam
510 2479 596 2538 vertit
616 2480 647 2538 iu
670 2475 798 2538 sibilum.
845 2496 914 2538 ecce
941 2477 1004 2539 dies
1026 2477 1116 2540 habet
1142 2487 1210 2558 post
1230 2497 1263 2540 se
1291 2479 1438 2550 vocalem:
1469 2477 1641 2540 debemus

323 2576 423 2638 dicere
446 2578 518 2649 dies,
541 2579 676 2639 sednon
699 2578 833 2638 dicimus.
864 2578 939 2639 adde
960 2578 1004 2639 illi
1026 2588 1140 2659 partem
1161 2582 1302 2660 priorem,
1326 2589 1358 2642 ut
1379 2583 1465 2642 istam
1484 2579 1610 2640 mediam

322 2679 426 2745 iacias.
456 2686 486 2741 et
513 2680 587 2740 dicis
609 2679 761 2740 meridies:
792 2698 851 2740 nou
879 2699 1038 2759 possumus
1067 2682 1166 2744 dicere
1194 2682 1347 2759 meridies,
1377 2691 1410 2744 ut
1435 2685 1513 2745 scias
1542 2701 1611 2762 quo·

323 2783 402 2842 uiam
425 2791 496 2843 tuuc
519 2782 664 2859 contingit
685 2781 742 2842 hoc
764 2781 832 2841 huic
854 2780 997 2861 syllabae,
1026 2785 1162 2860 quotiens
1184 2784 1279 2845 media
1307 2792 1365 2855 est,
1394 2802 1454 2844 non
1476 2785 1612 2863 quotiens
1668 2860 1669 2865 ἵ

324 2884 405 2962 prior
428 2891 481 2944 est.
519 2883 570 2945 εει]
593 2882 650 2943 hoc
673 2901 793 2944 servare
815 2881 966 2954 debemus,
990 2886 1077 2945 etiarn
1099 2886 1217 2965 quaudo
1239 2886 1423 2967 praecedunt
1443 2885 1521 2947 dnae
1544 2903 1611 2946 cou-

323 2991 471 3055 sonantcs,
496 2987 612 3046 castius
634 2983 636 2994 '
657 2983 731 3045 nihil
761 2986 870 3047 castius
893 2986 918 3046 si
946 2987 1093 3058 dicamus,
1122 2989 1287 3068 quaesitum
1313 2996 1366 3049 εει.
1411 2996 1441 3047 ει
1462 2987 1521 3047 boc
1545 3001 1643 3047 εεεεε

323 3085 419 3146 media
442 3085 551 3167 syllaba
575 3095 626 3157 est,
652 3096 682 3147 ει
704 3086 796 3148 nihilo
819 3089 919 3149 minus
940 3090 971 3149 in
994 3087 1113 3150 sibilum
1135 3107 1195 3150 nou
1217 3092 1312 3160 vertit,
1337 3108 1514 3170 quamquam
1538 3088 1610 3149 diui-

323 3205 389 3248 mus
411 3188 524 3250 medias
546 3187 656 3249 debere
679 3207 732 3250 uos
753 3191 784 3249 in
807 3189 926 3250 sibilum
948 3196 1074 3252 vertere.
1118 3191 1172 3253 sed
1198 3194 1306 3254 castius
1328 3211 1416 3254 nemo
1438 3191 1527 3260 dicit,
1559 3209 1612 3250 nec

321 3297 428 3369 potest.
471 3292 529 3351 iam
554 3298 583 3350 et
605 3289 718 3351 reddita
747 3299 793 3352 εει
820 3295 910 3362 ratio,
940 3310 1032 3371 quare
1060 3312 1120 3354 uon
1147 3296 1240 3375 possit
1260 3293 1333 3356 illud
1355 3295 1422 3355 diei.
1466 3301 1612 3373 quaeest

321 3393 415 3453 ratini
444 3391 496 3452 nbi
518 3411 532 3452 s
555 3390 651 3454 littera
675 3399 727 3462 est,
750 3391 792 3452 ibi
814 3411 875 3454 uon
896 3411 1053 3474 possumus
1076 3394 1195 3457 sibilum
1216 3398 1247 3457 in
1269 3399 1333 3476 ipsa
1355 3397 1366 3456 i
1387 3395 1484 3457 littera
1501 3395 1610 3463 lacere,

322 3495 461 3574 qnoniam
489 3496 552 3575 ipsa
580 3494 692 3574 syllaba
720 3514 736 3555 a
764 3493 871 3556 litteris
898 3498 1013 3584 accepit
1032 3496 1161 3558 sibilum.
1208 3516 1279 3577 ergo
1302 3499 1441 3578 quoniam
1463 3499 1525 3558 iam
1548 3499 1644 3576 ipsae

321 3594 431 3674 syllaba
453 3615 469 3656 a
492 3594 598 3657 litteris
620 3598 734 3676 accepit
756 3595 890 3668 sibilum,
919 3617 979 3658 nou
1002 3597 1091 3660 debet
1113 3610 1180 3662 eta
1203 3603 1441 3680 pronuntiatione
1463 3600 1611 3678 accipere,

319 3697 350 3758 id
378 3705 423 3760 est
452 3697 561 3778 syllaba
589 3717 649 3759 uon
678 3705 773 3778 potest
801 3701 970 3762 consentire
998 3699 1034 3761 ad
1061 3700 1196 3772 sibilum,
1225 3703 1252 3762 si
1280 3703 1438 3782 praecedat
1465 3720 1480 3762 s
1503 3701 1611 3768 littera,

321 3801 459 3880 quoniam
482 3801 539 3862 iam
562 3819 576 3860 s
598 3801 661 3879 ipsa
683 3800 800 3862 sibilum
824 3800 922 3862 babet.
949 3801 953 3884 l

201 3920 260 3983 445,
278 3921 306 3970 ιε
403 3899 613 3962 Labdacismus
636 3909 680 3962 est
701 3901 766 3974 iile,
794 3905 846 3984 qui
867 3910 918 3965 aut
939 3921 994 3984 per
1016 3922 1109 3966 uuum
1136 3904 1147 3966 l
1174 3905 1207 3969 tit
1234 3915 1286 3968 ant
1306 3925 1360 3986 per
1382 3906 1454 3976 duo;
1471 3906 1536 3968 sed
1558 3923 1613 3986 per

387 4137 463 4206 2sio]
481 4139 503 4190 ai
519 4139 596 4191 Bos
601 4140 633 4193 P.
649 4141 764 4204 fortasse
779 4141 876 4192 scilicet
891 4144 1010 4206 quoniam
1025 4142 1088 4193 illud
1158 4146 1365 4195 imeotacismos
1382 4145 1437 4196 BG
1504 4145 1522 4196 8
1541 4147 1610 4208 quod

318 4218 357 4260 est
375 4211 444 4259 titius
462 4208 483 4280 ξ
500 4211 567 4273 quod
582 4220 620 4260 ost
638 4212 711 4262 citius
731 4211 752 4262 0
769 4214 836 4275 quod
855 4215 933 4277 tytius
950 4214 994 4265 B:
1011 4214 1093 4263 Titius
1109 4228 1156 4279 pro
1172 4229 1202 4265 eo
1223 4214 1292 4278 quod
1309 4223 1348 4265 est
1365 4215 1461 4266 Tiutuo
1476 4219 1514 4266 ‘et
1530 4219 1569 4266 sic
1586 4219 1614 4266 ia

318 4280 433 4345 reliquis’
452 4283 557 4332 coniecit
569 4281 765 4335 Lindemannua.
784 4285 832 4334 sed
846 4286 1022 4348 prommottcus
1037 4285 1140 4349 sibilaret,
1154 4287 1197 4351 qui
1210 4287 1241 4346 fit
1254 4289 1464 4347 pronuntiatione,
1476 4286 1612 4335 autumno

318 4366 366 4400 non
385 4351 485 4400 uidetur
503 4353 672 4415 expressisse.
692 4367 752 4406 reru,
771 4353 802 4401 de
820 4370 870 4418 qua
886 4355 979 4418 opiter,
999 4356 1116 4404 tractauit
1133 4355 1167 4406 E.
1179 4354 1331 4404 Huebnerus
1345 4359 1431 4406 annal.
1443 4357 1532 4419 philol.
1553 4371 1608 4408 nov.

319 4437 342 4472 n.
364 4419 480 4468 Lxxvu
498 4421 535 4484 (a.
555 4419 635 4484 1858)
652 4436 679 4484 p.
697 4421 746 4474 341
764 4438 819 4487 sqq.
873 4420 1052 4490 llbmautius]
1073 4425 1401 4487 amantuspn'oretoeoo
1468 4427 1500 4477 11
1519 4441 1612 4475 cauere

318 4488 510 4540 ScarereBG
578 4491 694 4554 quotiens
712 4520 745 4528 -
762 4492 851 4542 sibilus
875 4494 908 4543 sit
927 4509 973 4544 om.
990 4493 1022 4545 S:
1049 4497 1273 4557 quotienscumque
1292 4495 1317 4544 B
1340 4495 1509 4557 quomodoO
1580 4497 1612 4546 15

318 4559 403 4608 media
417 4559 515 4624 syllaba
535 4561 684 4612 mittatan
769 4563 802 4613 23
822 4571 881 4611 tono
899 4565 1025 4629 contingit
1044 4563 1068 4612 P
1086 4579 1153 4613 nuuc
1171 4565 1295 4629 contingit
1311 4564 1363 4615 BS
1382 4579 1430 4613 uon
1450 4567 1614 4632 contingitG

387 4629 421 4680 26
440 4629 604 4696 quamquam]
622 4632 682 4693 quia
699 4629 779 4683 BOS
829 4633 864 4680 27
882 4633 1070 4684 conuerteret}
1122 4633 1156 4684 28
1175 4630 1249 4699 quae]
1270 4650 1348 4698 quare
1365 4633 1443 4686 BOS
1509 4635 1612 4687 ‘29uou

317 4712 422 4763 possum
439 4699 465 4748 iu
485 4699 569 4764 ipsai
593 4700 700 4750 litteram
721 4701 823 4752 sibilum
845 4701 968 4754 lacereC
1037 4701 1071 4754 30
1091 4705 1208 4767 quoniam
1229 4705 1286 4768 ipsa
1303 4703 1343 4755 Gb
1367 4706 1487 4768 quoniam
1508 4705 1536 4753 iu
1556 4707 1613 4772 ipsa

318 4765 387 4816 BSo
456 4767 488 4818 31
510 4778 535 4831 qt
552 4770 577 4818 iu
592 4771 829 4835 pronuntiationeG
897 4772 931 4824 32
948 4772 975 4822 id
994 4780 1032 4823 εει
1050 4773 1141 4824 sibilus
1161 4788 1211 4826 non
1228 4781 1312 4851 potest
1328 4772 1417 4824 Side
1436 4775 1542 4824 sibilum
1563 4789 1612 4826 uon

318 4846 401 4901 potest
416 4836 442 4887 B
461 4851 529 4893 corr.
549 4841 580 4888 ob
598 4839 663 4890 bane
680 4856 783 4892 causatu
801 4855 852 4893 nou
870 4852 954 4909 potest
973 4843 995 4893 0
