3350 5442
480 383 678 449 EXCERP'l'd
702 383 875 449 PdlllSlNal
897 384 1015 447 111-v
1333 380 1397 446 603

1194 505 1215 546 p.
1230 495 1331 534 atas-at
1344 491 1368 533 Ρ.

106 569 327 654 ρισπωμένων
349 592 381 634 οι
403 575 618 654 diphthongum
634 576 665 635 in
687 577 782 654 prima
805 577 952 653 p‘ositione
969 581 1082 634 tautum
1105 581 1194 642 tonet,
1218 575 1249 633 in
1271 574 1397 651 reliquis

105 682 204 738 autem
231 675 315 736 verbi
346 674 596 737 declinationibus
631 683 725 737 nautat
752 695 817 738 eam
845 678 878 736 iu
907 693 958 736 ov.
1003 675 1055 735 scd
1087 684 1116 735 et
1151 660 1180 735 in
1214 673 1394 755 barytonisl

105 777 209 838 eadem
232 778 342 839 inliniti
365 778 445 838 modi
468 777 590 838 creandi
613 777 781 839 observatio
803 781 973 858 reperitur,
994 772 1114 838 τύπτει
1135 772 1283 856 τύπτειν,
1306 774 1396 854 λε’γει

106 876 218 958 λέγειν
241 886 271 940 et
293 887 404 941 cetera.
448 897 504 940 nee
526 897 585 940 non
608 887 639 940 et
660 883 869 961 imperativum
891 879 1012 940 modum
1034 879 1137 940 eadem
1160 881 1247 940 tertia
1269 896 1396 958 persona

64 997 78 1036 ⁵
106 981 143 1044 de
173 1000 204 1042 se
233 989 329 1051 creat,
363 983 394 1042 in
423 983 640 1061 perispomenis
667 983 786 1062 quidem
815 990 940 1042 accentu
972 981 1007 1042 ad
1041 983 1227 1062 superiorem
1254 979 1396 1059 syllabam

107 1083 263 1153 translato,
292 1082 506 1161 avocatorom,
529 1083 607 1164 τιμᾷ
630 1083 726 1163 τίμα,
750 1090 871 1164 χρυσοῖ
895 1069 1029 1163 χρύσοι,
1059 1085 1090 1143 in
1117 1081 1271 1162 barytonis
1299 1088 1396 1142 autem

105 1183 259 1246 subtracto
282 1205 311 1264 ι,
339 1181 429 1262 λέγει
458 1182 549 1264 λέγε,
578 1180 703 1266 γράφει
728 1180 857 1266 γράφε,
887 1177 983 1265 άρχει
1011 1177 1104 1264 άρχε.
1149 1185 1180 1245 in
1209 1185 1397 1244 coniunctivo

105 1287 194 1350 modo
214 1287 290 1348 nihil
313 1289 434 1351 omnino
457 1293 603 1356 mutatur,
627 1286 680 1347 sed
695 1289 793 1366 prima
808 1304 938 1366 persona
959 1287 1127 1367 praesentis
1150 1286 1296 1365 temporis
1316 1285 1396 1348 modi

105 1388 259 1450 indicativi
281 1389 385 1452 eadem
407 1390 502 1450 estin
525 1391 714 1450 coniunctivo
736 1389 824 1448 modo
847 1389 942 1467 prima
963 1407 1092 1468 persona
1111 1390 1294 1467 praesentis,
1311 1387 1397 1449 ποιά

65 1503 92 1542 1⁰
106 1480 168 1552 ἐὰν
190 1491 288 1568 ποιοί,
310 1488 381 1569 βοῶ
404 1483 465 1551 ἐάν
486 1489 568 1569 βοῶ,
590 1486 681 1552 θέλω
706 1482 766 1552 ε’άν
787 1485 892 1569 θέλω,
914 1485 1035 1570 γράφω
1058 1481 1119 1550 ἐάν
1140 1483 1271 1569 γράφω.
1296 1508 1397 1550 verum
1513 1565 1518 1573 Ι

106 1592 307 1654 differentiam
335 1593 406 1652 iacit
433 1591 562 1654 secunda
591 1608 733 1671 persona,
756 1591 843 1652 ποιῶ
865 1598 988 1670 ποιεῖς,
1012 1579 1073 1652 ἐάν
1094 1591 1180 1651 ποιῶ
1204 1582 1264 1652 ἐάν
1286 1590 1395 1672 ποιῇς.

106 1697 179 1756 item
202 1693 279 1774 apud
302 1694 432 1758 Graecos
453 1695 550 1773 prima
578 1711 707 1774 persona
728 1695 907 1773 praesentis·
920 1694 1036 1754 adiecto
1057 1693 1117 1754 sibi
1139 1713 1161 1753 ν
1182 1693 1254 1753 lacit
1274 1695 1397 1771 partici-

106 1799 204 1876 pium,
228 1794 319 1856 λαλῶ
342 1793 467 1874 λαλῶν,
489 1791 610 1876 γράφω
633 1791 784 1874 γράφων.
831 1813 974 1875 praesens
995 1802 1114 1875 tempus
1134 1812 1310 1872 graecorum
1332 1813 1397 1854 ver·

107 1898 214 1960 borum
236 1896 314 1977 quod
336 1899 367 1960 in
395 1916 454 1975 μαι
483 1895 625 1977 syllabam
647 1899 825 1958 terminatur
853 1899 884 1958 in
912 1892 1180 1977 περισπωμένως
1206 1896 1341 1975 quidem,
1371 1898 1396 1956 si

67 2012 93 2052 15
106 1999 218 2062 abiciat
241 2018 300 2078 μαι
322 1997 479 2079 syllabam,
502 1999 574 2060 lacit
595 2000 817 2078 imperativum,
847 1998 1010 2079 φιλοῦμαι
1032 1997 1154 2077 φιλού,
1182 1998 1325 2078 τιμῶμαι
1347 2019 1398 2058 τι-

104 2095 174 2181 μὸ,
197 2098 387 2182 χρυσοῦμαι
409 2093 556 2180 χρυσοῦ,
579 2102 610 2161 in
634 2100 788 2180 barytonis
809 2119 895 2169 vero,
919 2102 944 2161 si
968 2099 1082 2161 abiecta
1105 2118 1163 2178 μαι
1185 2099 1298 2179 syllaba
1320 2102 1397 2161 acci-

106 2206 169 2284 piat
191 2221 213 2262 υ
234 2202 372 2272 litteram,
396 2198 534 2282 λέγομαι
556 2197 670 2281 λέγου,
692 2197 865 2284 γράφομαι
885 2197 1034 2281 γράφου.

191 2303 232 2365 ba
261 2303 423 2384 praeterito
458 2305 634 2384 inperfecto.
678 2321 784 2381 graeca
812 2301 903 2364 verba
933 2306 1047 2373 omnia,
1081 2322 1134 2366 seu
1164 2303 1308 2384 barytona
1335 2306 1396 2365 sive

103 2408 322 2488 perispomena,
336 2408 367 2466 in
382 2413 516 2485 tempore
531 2406 698 2484 inperfecto
710 2405 833 2466 eandem
845 2404 957 2466 habent
971 2408 1097 2485 primam
1108 2425 1267 2485 personam
1279 2408 1397 2468 numeri

64 2508 267 2586 usingutaris
293 2526 368 2587 quae
395 2517 439 2568 est
460 2509 548 2568 tertia
570 2507 707 2586 pluralis,
733 2503 873 2568 ἐποίουν
896 2503 975 2586 ἐγω,
998 2503 1148 2570 ἐποίουν
1162 2503 1297 2569 ἐκεῖνοι.
1325 2511 1397 2568 item

105 2614 138 2672 in
161 2613 278 2688 graecis
293 2609 395 2670 verbis
409 2609 548 2671 omnibus
564 2627 691 2690 quorum
714 2611 823 2688 positio
845 2609 940 2688 prima
964 2611 994 2670 in
1018 2629 1044 2670 ω
1066 2609 1178 2670 desinit
1199 2611 1397 2690 inperiectum

104 2722 224 2792 tempus
252 2712 386 2773 ultimam
413 2711 555 2792 syllabam
586 2729 669 2774 suam
699 2709 736 2771 ab
763 2711 810 2772 his
838 2713 971 2791 incipere
1001 2711 1110 2774 litteris
1139 2713 1225 2781 lacit,
1250 2711 1397 2792 aquibus

105 2815 211 2878 ultima
233 2813 345 2894 syllaba
369 2815 536 2892 praesentis
558 2815 670 2892 coepit,
694 2810 779 2892 τιμῶ
802 2808 941 2891 ἐτίμων,
963 2808 1085 2894 γράφω
1108 2811 1270 2892 ἔγραφον,
1292 2809 1397 2893 τρέχω

105 2915 259 2997 ἔτρεχον,
282 2923 346 2984 aut,
370 2917 397 2976 si
419 2915 528 2976 vocalis
550 2914 611 2975 sola
634 2914 695 2974 illic
723 2913 793 2985 luit,
824 2922 856 2974 et
880 2914 929 2974 hic
951 2917 983 2976 in
1005 2917 1102 2994 capito
1124 2916 1245 2976 ultimae
1268 2915 1397 2994 syllabae

64 3029 91 3070 2⁵
105 3018 216 3079 vocalis
239 3019 312 3086 crit,
341 3015 427 3078 ποιῶ
451 3013 608 3094 ἐποίουν,
630 3010 812 3094 θεραπεύω
836 3011 1059 3096 ἐθεράπευον.
1105 3036 1191 3078 omna
1215 3018 1397 3078 Graecorum

106 3121 307 3199 inperfectum
330 3120 456 3180 activum
480 3119 526 3180 vel
548 3119 644 3183 activo
667 3116 764 3178 simile
787 3119 817 3176 in
835 3137 862 3189 ,ν
883 3118 1013 3178 litteram
1029 3119 1155 3180 desiuit:
1179 3118 1232 3180 sad
1254 3118 1396 3199 barytona

104 3224 138 3282 in
165 3220 287 3282 brevem
316 3218 457 3300 syllabam
480 3221 637 3288 liniuntur,
667 3219 698 3279 id
725 3228 771 3280 est
797 3221 830 3281 in
852 3237 893 3280 ον
914 3239 1048 3300 semper,
1072 3218 1209 3300 ἔτρεχον
1230 3218 1396 3301 ε’γραφονε

104 3325 316 3403 parispomena
338 3341 410 3383 vero
432 3317 476 3381 val
500 3341 516 3382 a
539 3321 639 3382 verbis
661 3323 692 3382 in
714 3342 752 3402 μι
773 3321 952 3384 excuntibus
974 3323 1061 3400 longa
1084 3324 1292 3394 terminantur,
1317 3318 1398 3383 ἐνά-

103 3425 192 3488 λονν
215 3421 338 3506 ἐτίμων
357 3419 507 3503 ἐδήλουν
529 3419 658 3503 ἐτίθην.
704 3423 832 3503 denique
856 3419 977 3504 ρίπτω,
1000 3425 1070 3503 quia
1092 3423 1180 3484 modo
1203 3433 1289 3484 acuto
1310 3424 1397 3484 modo

64 3527 299 3598 malmundario
321 3533 444 3586 accentu
467 3527 690 3604 pronuntiatur,
715 3533 744 3584 ct
766 3523 926 3605 ἔρριπτον
947 3534 977 3585 et
999 3522 1183 3606 ἐρρίπτουν
1209 3528 1297 3596 lacit;
1325 3520 1396 3586 κύω

103 3636 229 3709 propter
247 3627 376 3692 eandem
398 3645 517 3688 oausam
540 3634 570 3688 et
592 3625 694 3688 ἔτινον
714 3635 744 3688 et
761 3621 897 3688 ἐκύουν.
933 3636 963 3688 ct
983 3627 1039 3687 hoc
1060 3629 1150 3688 etiam
1171 3626 1395 3697 observandum,

105 3738 139 3792 ut
166 3737 217 3792 aut
244 3729 443 3808 inperiectum
472 3731 600 3790 retineat
627 3746 785 3790 numerum
812 3728 993 3808 syllabarum
1021 3747 1109 3808 quem
1136 3747 1280 3809 praesens
1307 3728 1398 3790 babet

104 3839 157 3896 aut
183 3839 300 3894 crescat
329 3829 332 3911 l
357 3849 426 3892 una.
470 3838 571 3892 manet
597 3829 759 3910 aequalitas
786 3832 817 3892 in
847 3831 906 3892 illis
933 3850 1059 3911 quorum
1087 3848 1229 3910 praesens
1257 3849 1273 3890 a
1302 3830 1395 3891 vocali

102 3935 221 4013 coepit,
250 3935 469 3994 incrementum
497 3935 650 4013 patiuntur
678 3951 804 4012 quorum
833 3951 974 4012 praesens
1007 3953 1023 3993 a
1056 3941 1233 3994 consonante
1268 3931 1396 4002 inchoat,

64 4048 90 4088 aa
103 4028 180 4114 άρεω
201 4021 299 4114 ἦγον,
323 4029 408 4112 λέγω
431 4032 557 4112 ἔλεγον.
597 4053 652 4096 nec
674 4037 738 4096 sine
760 4037 892 4096 ratione:
914 4054 983 4096 nam
1002 4054 1078 4114 quae
1101 4031 1212 4114 syllaba
1234 4051 1294 4093 non
1316 4051 1397 4094 cros·

103 4143 178 4205 nunt
205 4135 371 4198 adiectione
401 4138 545 4216 temporis
572 4144 724 4205 crescunt,
754 4137 824 4199 dum
857 4140 1051 4217 incipientem
1078 4135 1208 4196 vocalem
1243 4135 1279 4196 de
1314 4134 1397 4195 brevi

102 4238 224 4316 longam
246 4239 375 4308 iaciunt,
401 4247 432 4298 ut
454 4231 538 4318 άγω,
561 4259 582 4298 α
605 4238 705 4301 brevis
727 4246 836 4303 mutata
861 4248 907 4300 est
928 4241 958 4299 in
980 4259 1000 4319 η
1023 4239 1156 4318 longam,
1179 4225 1274 4317 ἦγον.
1308 4255 1396 4316 saepe

106 4349 205 4406 tamen
227 4340 350 4402 licentia
372 4343 489 4419 poetica
511 4342 697 4402 incremento
720 4350 832 4404 carnut.
878 4360 936 4402 non
958 4360 1119 4422 numquam
1141 4342 1239 4421 prima
1260 4341 1326 4418 ipsa
1348 4357 1396 4398 vo·

104 4443 194 4512 catis,
222 4444 248 4504 si
278 4441 377 4503 brevis
407 4449 465 4512 est,
496 4441 650 4504 inmobilis
680 4451 794 4513 manet,
823 4445 876 4504 scd
905 4443 1034 4504 vocalem
1061 4444 1185 4506 alteram
1211 4441 1334 4518 recipit,
1366 4449 1398 4502 ut

65 4559 91 4598 40
105 4547 224 4613 iunctae
247 4543 364 4622 longam
387 4545 499 4604 iaciant
520 4543 671 4624 syllabam,
696 4543 758 4624 ἔχω
775 4535 879 4624 εἶχον,
901 4539 987 4606 ἕλκω
1004 4531 1128 4622 εἷλκον,
1151 4539 1242 4622 ἕρπω
1266 4527 1394 4620 εἷρπον.

174 4734 345 4787 hastam?
396 4731 584 4784 20eatom.P
630 4730 664 4782 29
679 4723 812 4799 ldificari]
828 4728 946 4783 εάελουν
963 4723 1143 4793 Ρέδίδουνρ
1196 4727 1230 4780 30
1243 4736 1268 4777 at
1283 4743 1397 4791 εριπτον

105 4811 130 4852 et
149 4818 285 4868 ερμπτενν
303 4803 327 4852 Ρ
376 4795 435 4854 κύω
452 4800 594 4855 Lobechius
609 4805 635 4852 air
647 4799 724 4866 Sopd.
738 4801 811 4852 Αίαο.
831 4818 854 4854 υ.
871 4800 922 4849 ’239
937 4817 989 4854 ιιιω
1002 4801 1026 4848 Ρ
1075 4799 1106 4850 31
1124 4808 1148 4848 et
1166 4812 1244 4850 ειιον
1262 4805 1287 4846 et
1300 4813 1397 4848 εκιουν

104 4875 130 4926 P
199 4871 267 4939 ³⁷⁷1
287 4870 637 4938 longamlaaaaaylougnm
655 4873 680 4922 Ρ
748 4871 781 4922 40
799 4864 1009 4932 ἓλιιωείλιιονρ
1030 4885 1104 4920 anuo
1123 4883 1222 4920 ειαιιον
1241 4868 1265 4917 Ρ

1127 4951 1194 5016 39*
