3350 5442
580 349 651 410 ARS
679 345 913 410 V4—-Vllll
1327 343 1388 407 551

126 469 150 510 p.
165 443 210 496 arai
223 457 248 496 ae
261 454 283 495 r.
1197 465 1219 505 p.
1232 454 1289 494 arao.
1303 454 1328 493 sa
1341 452 1365 492 v.

100 536 275 600 multorum.
305 543 338 595 ut
360 541 461 595 noster
482 543 594 604 vester,
624 542 674 596 aut
697 535 803 596 multos
825 536 930 603 nnius,
953 540 987 594 nt
1006 535 1067 593 mei
1088 534 1144 593 tui.
1188 532 1261 592 ordo
1283 530 1391 592 accidit

99 619 343 700 pronominibus:
379 639 447 680 nam
475 627 525 680 aut
553 622 752 699 praepositiva
781 627 851 680 sunt
878 620 1069 698 pronomina,
1099 625 1131 678 ut
1157 619 1226 696 quis
1251 624 1389 695 quantus,

99 712 152 766 aut
175 704 377 774 subiunetiva,
400 711 434 766 ut
456 707 481 765 is
505 712 613 766 tantus.
657 705 750 782 ligura
780 705 988 784 pronominum
1017 703 1126 782 duplex
1148 709 1208 762 est:
1243 710 1294 761 aut
1320 703 1389 762 sim·

100 791 191 869 plicia
214 798 282 850 sunt
304 791 493 869 pronomina,
517 797 549 850 ut
573 806 627 867 ego
651 796 697 859 tu,
721 796 772 850 aut
793 791 973 868 composita,
996 795 1029 848 ut
1051 797 1167 865 egomet
1188 794 1292 848 tumet.
1321 804 1389 866 per·

72 891 187 945 ssona,
211 877 322 954 prima,
345 881 379 934 ut
399 893 446 934 me
469 875 558 943 mibi,
591 874 734 944 secunda,
764 881 796 934 nt
820 882 848 935 te
870 872 942 942 tibi,
973 874 1075 942 tertia,
1100 880 1132 932 ut
1154 891 1185 932 se
1208 871 1277 932 sibi.
1321 889 1389 950 per·

101 977 173 1020 sona
195 961 288 1020 linitis
310 966 425 1020 tautum
447 958 673 1037 pronominibus
694 959 817 1029 accidit,
842 959 970 1018 infinitis
990 975 1160 1036 numquam.
1205 955 1300 1035 eajsus
1322 964 1390 1015 sunt

99 1063 167 1114 sex,
196 1046 407 1114 nominativus,
437 1051 469 1104 nt
497 1049 639 1122 quantus,
668 1046 831 1121 genitivus,
860 1050 894 1103 ut
915 1045 1032 1122 quanti,
1062 1042 1192 1109 dativus,
1214 1049 1248 1101 nt
1269 1048 1389 1120 quanto,

99 1131 298 1196 aecusativus,
323 1137 355 1190 ut
376 1137 533 1209 quantum,
562 1128 720 1197 ablativus,
750 1135 783 1188 ut
811 1134 936 1208 quanto:
966 1130 1116 1189 vocativus
1142 1133 1309 1196 ramesei,
1338 1125 1390 1185 sed

100 1222 200 1274 tamen
223 1217 374 1275 invenitur
396 1213 433 1275 ab
455 1229 490 1273 eo
512 1213 590 1293 quod
613 1221 659 1275 est
679 1231 763 1274 meus
785 1231 918 1274 omens.

60 1408 84 1446 ιο
647 1331 695 1443 bl]
719 1382 844 1445 VERBO

184 1502 315 1564 Verbum
338 1510 384 1562 est
405 1520 475 1582 pars
497 1504 642 1563 orationis
663 1509 761 1563 aetum
783 1509 834 1562 aut
855 1503 1057 1581 passivitatem
1078 1521 1145 1563 eum
1166 1509 1299 1582 tempore
1322 1509 1353 1562 et
1376 1501 1387 1582 ll

99 1606 227 1667 persona
255 1589 434 1665 significans.
479 1587 571 1649 verbo
598 1587 736 1648 accidunt
762 1587 891 1665 qualitas
918 1587 1095 1664 significatio
1122 1605 1265 1648 numerus
1297 1588 1391 1664 ligura

100 1683 219 1752 tempus
241 1691 369 1752 persona
392 1675 571 1749 coniugatio.
616 1673 773 1751 qualitates
795 1679 864 1732 sunt
885 1674 1032 1750 quinque,
1055 1671 1153 1742 linita,
1175 1679 1209 1732 ut
1230 1672 1311 1749 lego,
1335 1673 1390 1732 im·

98 1760 249 1838 peratira,
274 1765 307 1818 ut
322 1757 402 1834 lege,
426 1759 569 1836 optativa,
593 1765 626 1817 ut
641 1759 754 1817 utinam
767 1756 915 1834 legerem,
939 1757 1122 1826 adiunctiva,
1146 1764 1179 1816 ut
1193 1773 1263 1816 oum
1285 1757 1389 1834 legam,

60 1867 86 1906 rs
100 1843 261 1912 inimitiva,
285 1849 317 1902 ut
339 1842 450 1920 legere.
481 1843 712 1918 significationes
728 1849 797 1902 sunt
811 1843 958 1921 quinque,
982 1843 1090 1910 activa,
1115 1848 1147 1902 ut
1160 1840 1242 1919 lego;
1264 1844 1390 1921 passiva,

99 1935 134 1989 ut
155 1925 255 2006 legbr;
279 1936 400 1995 neutra,
424 1945 499 2006 quae
522 1926 613 1987 habet
635 1928 763 2005 speeiem
786 1929 913 1995 activae,
943 1926 995 1987 sed
1023 1945 1082 1986 non
1104 1925 1195 1986 babet
1216 1929 1291 1996 vim,
1320 1929 1390 2006 quia

100 2031 160 2072 non
183 2011 273 2073 habet
295 2014 510 2091 passivitatem,
534 2019 567 2072 ut
589 2029 692 2081 eurr0;
715 2011 881 2090 deponens,
905 2029 980 2090 quae
995 2010 1086 2072 babet
1101 2013 1231 2091 speeiem
1247 2015 1390 2091 passivae,

100 2097 235 2158 sednon
258 2095 346 2156 babet
368 2099 442 2166 vim,
472 2098 541 2176 quia
564 2114 623 2156 non
645 2094 734 2157 babet
757 2098 951 2164 activitatem,
979 2105 1012 2157 ut
1035 2098 1187 2176 suspicor:
1215 2098 1389 2165 eommunis,

99 2200 177 2261 quae
200 2190 230 2242 et
252 2181 357 2260 agendi
387 2187 417 2240 et
444 2180 577 2260 patiendi
604 2182 719 2260 pariter
746 2179 862 2241 obtinet
883 2183 1179 2259 interpretationem,
1202 2187 1235 2241 ut
1257 2181 1391 2241 consolor

59 2291 86 2330 ao
100 2267 188 2328 illum
211 2273 241 2327 et
262 2265 400 2327 consolor
422 2265 458 2326 ab
482 2265 544 2327 illo.
588 2267 706 2326 numeri
728 2265 800 2334 duo,
830 2265 1004 2344 singularis,
1033 2273 1065 2326 ut
1087 2266 1166 2343 lego,
1189 2266 1330 2345 pluralis,
1358 2273 1392 2326 ut

98 2352 237 2430 legimus.
281 2352 393 2429 iigurae
421 2357 489 2412 sunt
517 2358 644 2428 septem,
674 2349 812 2430 simplex,
843 2358 877 2411 ut
905 2350 985 2428 lego,
1014 2353 1192 2429 composita,
1220 2360 1253 2411 nt
1279 2352 1389 2430 relego,

99 2435 288 2505 innobativa‚
312 2442 345 2496 ut
366 2436 495 2505 ealeseo,
519 2436 748 2514 frequentativa,
772 2443 806 2496 ut
826 2435 944 2505 leetito,
967 2435 1175 2506 desiderativa,
1198 2444 1232 2496 ut
1253 2436 1390 2505 dormito,

100 2523 325 2601 impersonalis,
351 2527 382 2580 ut
403 2522 487 2600 piget
510 2519 624 2588 taedet,
648 2527 678 2579 et
700 2521 824 2582 alterius
845 2522 973 2591 formae,
997 2527 1031 2582 ut
1053 2528 1155 2590 statur,
1179 2539 1335 2600 paragoga,
1359 2529 1392 2582 ut

98 2607 216 2668 lacesso
238 2605 352 2666 lacesso
374 2623 506 2685 capesso.
552 2611 684 2684 tempora
715 2612 784 2665 sunt
812 2607 885 2674 tria,
908 2623 1063 2686 praesens,
1087 2613 1120 2666 ut
1141 2605 1222 2684 lego,
1246 2607 1390 2684 praeteri·

59 2717 85 2757 ιι
100 2699 182 2760 tum,·
209 2698 244 2751 nt
271 2691 344 2768 legi,
374 2692 521 2759 futurum,
551 2697 584 2749 ut
611 2691 718 2767 legam.
763 2693 919 2769 praeteriti
946 2690 1055 2769 gradus
1080 2698 1148 2751 sunt
1177 2699 1250 2759 tres,
1281 2693 1390 2769 imper·

98 2778 211 2845 lectus,
242 2783 275 2835 ut
302 2774 452 2852 legebam,
481 2775 647 2854 perlectus,
676 2781 709 2835 ut
738 2775 810 2852 legi,
841 2776 1162 2855 plrrsquamperlectns,
1192 2783 1223 2835 ut
1251 2775 1389 2852 legeram.

101 2859 213 2941 [futuri
237 2859 347 2938 gradus
368 2867 437 2920 sunt
459 2860 531 2930 duo,
561 2861 728 2939 perlectus,
757 2867 790 2920 ut
812 2860 922 2937 legam,
950 2861 1272 2940 plusquamperfectus,
1294 2869 1328 2919 ut
1349 2860 1391 2920 le·

99 2943 201 3026 gero]
226 2962 370 3025 personae
394 2952 465 3005 sunt
486 2953 560 3014 tres,
590 2947 701 3024 prima,
731 2952 763 3005 ut
785 2945 865 3022 lego,
894 2946 1038 3015 secunda,
1067 2954 1100 3006 ut
1121 2946 1209 3023 legis,
1234 2947 1335 3015 tertia,
1358 2953 1392 3005 ut

102 3031 189 3108 legit.
234 3031 456 3107 coniugationes
478 3036 547 3090 sunt
569 3037 708 3107 quatuor,
732 3032 837 3109 prima,
862 3033 887 3091 si
909 3031 1026 3111 quando
1047 3030 1170 3091 verbnm
1192 3032 1276 3091 linita
1296 3031 1391 3109 quali·

60 3145 86 3182 ιο
101 3122 164 3175 tate
187 3114 333 3193 singulari
354 3133 479 3175 numero
500 3116 652 3195 praesenti
680 3123 813 3194 ternpore
841 3117 971 3176 secunda
993 3134 1119 3196 persona
1141 3133 1196 3196 per
1217 3134 1232 3174 a
1256 3123 1286 3175 et
1307 3133 1322 3176 s
1342 3115 1390 3177 lit·

100 3207 182 3260 teras
204 3201 397 3270 ennneiatur,
426 3206 458 3260 ut
485 3199 602 3269 laudas;
632 3200 775 3270 secunda,
805 3219 872 3262 oum
900 3202 981 3262 idem
1009 3200 1133 3262 verbum
1155 3219 1171 3261 e
1194 3206 1224 3261 et
1245 3219 1260 3261 s
1282 3201 1392 3261 litteris

98 3286 292 3354 terminatur,
324 3291 356 3345 ut
382 3285 483 3354 sedes;
511 3285 614 3354 tertia,
643 3303 711 3345 eum
738 3285 818 3346 idem
840 3285 963 3346 verbnm
992 3288 1002 3346 i
1030 3293 1060 3346 et
1088 3305 1102 3346 s
1130 3286 1239 3346 litteris
1260 3288 1336 3355 erit,
1360 3293 1391 3345 nt

99 3372 214 3440 curris,
238 3377 289 3430 aut
309 3370 468 3449 produeta,
500 3376 531 3430 ut
557 3371 657 3440 venis;
686 3378 805 3449 quarta,
835 3390 903 3432 eum
925 3372 983 3432 alio
1005 3369 1138 3450 quolibet
1160 3371 1246 3432 modo
1269 3370 1391 3431 verbnm

99 3453 239 3524 effertur,
263 3462 295 3516 nt
317 3455 404 3514 odisti
426 3457 598 3515 meministi.
974 3467 978 3473 ·

60 3671 86 3712 ,5
616 3623 665 3684 nn
687 3623 876 3686 invenero

187 3741 368 3805 Adverbium
392 3750 438 3803 est
459 3746 695 3822 personationis
711 3763 785 3824 quae
801 3742 886 3805 verbi
902 3745 961 3804 vim
975 3744 1117 3823 explieat,
1140 3752 1174 3807 ut
1188 3744 1287 3807 scribo
1303 3744 1389 3808 bene.

100 3825 243 3891 adverbio
265 3828 374 3890 aeeidit
396 3829 574 3906 significatio
596 3831 706 3908 positio
732 3831 827 3906 ligura
856 3830 984 3909 qualitas
1010 3835 1171 3909 quantitas.
1213 3833 1391 3910 significatio

100 3921 147 3975 est
170 3916 201 3974 in
223 3913 387 3982 adverbiis,
411 3932 477 3974 eum
500 3921 669 3992 spectamus
690 3914 762 3993 qnid
790 3916 967 3992 significent.
1012 3934 1079 3975 nam
1102 3925 1153 3977 aut
1173 3916 1271 3977 loeum
1293 3926 1390 3978 osten·

172 4135 232 4184 lot
247 4134 297 4183 mei
312 4136 348 4183 tui
365 4135 406 4182 sui
421 4133 465 4190 oe
515 4131 603 4200 bine]
619 4135 667 4184 mei
686 4133 761 4190 γᾶς
814 4135 869 4185 iot
886 4147 969 4186 santae
986 4144 1034 4187 ete.
1051 4137 1076 4186 V
1127 4134 1224 4204 liant]
1242 4147 1267 4188 et
1286 4138 1339 4188 VG

100 4204 230 4256 laverna
248 4203 365 4253 accidunt
384 4204 491 4268 qualitas
511 4205 664 4271 significatio
682 4221 727 4256 om.
747 4205 773 4254 V
845 4207 876 4256 14
896 4206 1009 4272 ‹aptatina
1028 4209 1123 4256 utinam
1141 4208 1252 4274 legerem
1271 4211 1297 4259 V
1302 4209 1325 4259 θ

99 4275 249 4325 adiuuetiua
265 4289 322 4323 eum
342 4274 424 4340 legam
447 4275 473 4324 V
477 4275 521 4330 ὃς
610 4275 640 4325 15
660 4273 800 4325 inunitae
878 4277 912 4326 22
932 4275 1075 4326 inchoatina
1093 4279 1136 4331 σς
1208 4274 1388 4346 desiderativa]

100 4344 220 4394 desiderii
245 4343 411 4410 significatius
433 4347 458 4394 V
510 4343 543 4394 '25
562 4345 723 4410 praeteritum
743 4359 829 4395 eirveus
848 4345 970 4396 diuiditur
990 4348 1015 4395 in
1032 4350 1195 4414 praeteritum
1215 4347 1390 4415 imperfectum

99 4423 127 4464 ut
148 4415 277 4480 legebam,
296 4413 573 4479 plusquamperfectum
587 4425 613 4462 ut
632 4415 742 4480 legeram
762 4430 779 4473 ς
867 4415 1042 4482 imperfectum
1058 4445 1094 4455 —
1109 4418 1250 4482 perlectum
1269 4445 1303 4454 —
1323 4418 1392 4483 plus·

99 4483 318 4548 quamperleetnm
338 4511 371 4520 -
389 4484 530 4551 perlectum
549 4509 581 4518 -
601 4483 878 4550 plusquamperfectum
894 4487 915 4536 (ι’
969 4488 1002 4537 27
1019 4486 1098 4536 sutori
1115 4516 1149 4526 -
1167 4487 1254 4553 legero
1271 4503 1318 4539 om.
1334 4489 1361 4537 V
1365 4500 1390 4545 ς,

99 4554 199 4604 udan
286 4551 320 4602 29
340 4553 436 4604 linitiua
455 4554 575 4618 qualitate
596 4555 641 4610 (ἴς
725 4555 755 4606 31
780 4557 893 4606 secunda
916 4571 972 4606 enm
994 4571 1040 4621 per
1057 4557 1166 4608 eundem
1183 4559 1289 4608 uerbum
1306 4574 1321 4608 e
1339 4569 1392 4607 ets

99 4623 192 4674 litteris
214 4623 242 4671 V
261 4625 373 4673 seeundo
395 4639 451 4674 oum
472 4639 519 4688 per
539 4624 645 4673 eundern
667 4624 772 4674 uerbum
797 4629 823 4676 in
843 4643 856 4676 ι
877 4635 901 4676 et
922 4643 934 4676 ιι
958 4627 1117 4685 liberastis
1140 4627 1254 4678 se'cnnda
1271 4643 1327 4678 enm
1346 4642 1392 4694 per

99 4694 190 4743 eadem
209 4689 314 4741 verbum
334 4694 361 4743 in
378 4711 392 4742 e
408 4704 459 4744 ets
478 4695 573 4743 litteras
592 4693 779 4745 Lindemannaa
849 4694 883 4746 32
902 4697 1005 4746 uerbum
1024 4698 1072 4746 ini
1091 4707 1115 4748 et
1134 4713 1147 4748 s
1170 4699 1197 4746 V
1205 4697 1227 4748 G
1243 4699 1349 4749 uerbum
1368 4705 1392 4746 et

99 4765 153 4813 iet
169 4775 215 4817 ις
284 4761 318 4814 ³3
335 4760 388 4829 aut]
408 4772 467 4818 ets
530 4763 678 4825 aliquolibet
701 4766 746 4821 Vs
825 4765 947 4817 noveru
966 4764 1028 4832 vim]
1050 4768 1154 4818 uerbum
1178 4769 1206 4821 V
1283 4767 1318 4821 38
1334 4783 1392 4819 earn

99 4842 264 4899 expectamus
287 4835 313 4883 V
317 4847 334 4889 ς
404 4833 529 4900 siguidoet
549 4835 572 4884 V
581 4832 602 4883 G
618 4833 774 4900 signideetur
792 4845 809 4889 ς
