3350 5442
621 348 857 410 conttENTvtt
1328 350 1390 412 tot

1218 472 1239 513 p.
1253 460 1328 501 13-15
1342 459 1363 500 t„

171 534 376 599 Semivocales
404 536 500 599 dictae
528 543 611 604 sunt,
642 538 726 617 (prtia,
756 521 781 597 sl
808 535 947 597 detrahas
971 540 1014 599 eis
1037 537 1182 609 vocalem,
1211 538 1322 601 habent
1343 539 1388 600 vel
1401 552 1461 613 tat,
1476 556 1507 603 10

77 650 211 701 tenuem
228 658 338 701 sonum
353 638 400 699 vel
422 636 542 699 sibilum
559 638 718 717 quendam.
747 648 780 699 ut
802 640 827 699 si
850 639 930 700 dicas
953 658 999 710 es,
1023 640 1093 699 tolle
1114 640 1183 701 inde
1207 620 1229 701 θ’
1246 642 1387 711 vocalem,
1401 622 1460 683 Μ’
1476 624 1506 671 12

78 752 174 804 sonat
200 743 322 823 quidam
350 740 468 810 sibilus,
498 740 618 820 quidam
643 759 745 802 sonus.
785 740 852 801 ideo
880 759 952 819 ergo
979 741 1074 803 dietae
1096 754 1166 805 sttnt
1187 742 1387 813 semivocales,

75 846 150 923 quia
176 846 273 904 semis
295 842 408 904 habent
430 841 468 902 de
489 860 575 910 vore,
597 843 628 903 id
651 852 697 904 est
718 842 762 903 vel
785 843 915 903 mediam
944 852 1058 923 partem
1082 848 1160 906 voris
1183 844 1302 905 habent.
1338 845 1387 906 alii

50 946 136 1006 salia
163 948 286 1007 ratione
309 944 501 1007 semivocales
522 945 616 1005 dictes
638 962 705 1005 esse
728 944 844 1016 dicunt,
868 947 933 1025 quia
958 948 1048 1007 semis
1064 946 1175 1007 habeut
1190 947 1226 1007 de
1242 954 1387 1027 potestate

75 1048 242 1109 ruralium.
288 1046 406 1109 vocales
429 1048 507 1107 enim
530 1066 584 1127 per
605 1064 638 1107 sc
665 1055 772 1108 sonant
793 1056 823 1109 et
844 1066 898 1127 per
920 1065 953 1107 se
975 1047 1116 1126 syllabam
1145 1051 1270 1118 iaciunt;
1299 1051 1386 1109 semi·

75 1151 204 1213 vocales
232 1169 290 1231 per
318 1168 351 1211 se
379 1150 499 1228 quidem
528 1158 648 1218 sonant,
677 1149 728 1209 sed
757 1166 812 1228 per
841 1168 873 1211 se
903 1148 1044 1230 syllabam
1067 1168 1126 1210 non
1148 1151 1270 1211 fatiunt.
1315 1170 1385 1230 ergo

77 1253 162 1334 qnod
194 1271 287 1313 utram
316 1261 433 1331 partem
462 1251 588 1320 hahent,
617 1269 705 1311 uuam
729 1270 788 1312 non
811 1250 936 1321 hahent,
960 1252 1027 1313 ideo
1050 1251 1146 1313 dictae
1169 1256 1239 1313 snut
1260 1256 1386 1314 semivo-

76 1355 178 1425 cales,
213 1354 292 1435 quod
315 1355 406 1415 semis
428 1352 539 1413 habent
559 1353 597 1415 de
621 1360 765 1432 potestate
788 1352 941 1414 vocalium.
987 1354 1125 1415 dicuntur
1154 1366 1252 1417 autem
1276 1358 1329 1425 ita,
1354 1363 1386 1417 ut

41 1459 234 1537 reincipiant
255 1476 273 1518 a
294 1455 390 1516 vocali
413 1462 442 1516 et
463 1455 601 1516 desinant
621 1458 652 1515 in
675 1454 842 1516 naturalem
869 1474 976 1515 sonum
1006 1456 1039 1531 (si
1062 1456 1149 1517 aliter
1171 1455 1295 1525 dixeris,
1326 1476 1383 1518 non

76 1570 173 1621 eruut
197 1562 258 1620 iam
280 1556 499 1634 semivocales),
529 1565 562 1618 ut
589 1557 688 1619 estet
712 1577 745 1617 es
767 1560 805 1616 ix.
852 1574 923 1635 ergo
945 1557 1136 1619 semivocales
1157 1562 1197 1621 ita
1221 1578 1253 1619 se
1276 1558 1485 1634 habrotonum
1568 1557 1570 1563 ’

76 1662 230 1723 inchoare
252 1680 269 1721 a
292 1660 385 1721 vocali
407 1678 480 1720 sono
503 1668 533 1720 et
555 1659 693 1719 desinere
714 1660 745 1719 in
768 1657 931 1719 naturalem
954 1678 1069 1721 sonum.
1107 1668 1206 1721 mutae
1229 1680 1245 1721 e
1267 1671 1384 1723 contra·
1398 1642 1456 1705 ⁵²⁰¹
1471 1642 1501 1692 ¹⁸

77 1766 126 1823 rio
151 1764 302 1824 inchoant
323 1782 338 1823 a
362 1761 489 1824 naturali
511 1780 584 1821 sono
608 1770 638 1821 et
659 1761 799 1821 desinunt
820 1762 850 1819 iu
874 1760 1003 1823 vocalem
1026 1782 1145 1831 sonum,
1169 1772 1202 1825 ut
1225 1772 1269 1825 est
1292 1764 1327 1824 be
1350 1783 1384 1825 ee

78 1867 116 1927 de
140 1885 182 1945 ge
208 1865 246 1925 ha
269 1865 306 1927 lta
330 1883 368 1945 pe
390 1882 430 1941 qu
451 1872 489 1924 te.
536 1880 612 1939 quae
636 1880 707 1939 ergo
729 1861 826 1923 littera
849 1865 1060 1943 praeponenda
1082 1874 1126 1926 est
1148 1868 1178 1947 in
1200 1865 1383 1927 semivocali·

43 1991 67 2029 ts
81 1968 138 2028 hus
159 1968 212 2027 vel
235 1967 444 2047 postponenda
467 1967 497 2025 in
521 1965 628 2025 mutis?
655 1982 671 2023 e
699 1972 813 2025 tantum
836 1964 925 2025 modo
948 1964 1024 2033 sola,
1055 1974 1178 2045 utputa
1201 1968 1232 2028 el
1251 1976 1279 2029 et
1303 1970 1315 2029 l
1336 1988 1383 2029 so·

80 2081 147 2138 nat,
180 2069 211 2130 el
234 2068 296 2129 etl
319 2076 419 2137 sonat,
449 2086 482 2127 er
505 2074 533 2127 et
555 2085 571 2127 r
594 2073 695 2135 sonat,
726 2085 757 2126 es
780 2074 845 2127 ets
868 2074 966 2137 sonat,
997 2087 1042 2129 em
1067 2075 1096 2128 et
1118 2088 1147 2129 m
1170 2077 1269 2141 sonat,
1294 2090 1330 2131 eu
1355 2079 1384 2131 et

80 2192 98 2232 n
122 2181 218 2233 sonat
243 2169 287 2251 [lx
310 2182 339 2232 et
361 2189 379 2229 x
402 2168 513 2249 sonat}
559 2185 631 2246 ergo
653 2170 685 2228 in
706 2167 933 2229 semivocalibus
956 2190 971 2229 e
993 2172 1203 2250 praeponenda
1227 2182 1281 2233 est.
1311 2172 1383 2233 item

80 2280 110 2335 in
139 2276 237 2336 mutis
264 2272 360 2333 bed
390 2271 524 2333 similiter
553 2290 569 2329 e
597 2269 803 2349 postponenda
833 2278 886 2330 est.
930 2271 982 2331 sed
1009 2280 1077 2333 sunt
1104 2272 1218 2353 aliquae
1247 2271 1380 2353 littelrae

80 2394 156 2454 qnae
181 2393 284 2455 neque
307 2372 344 2435 ab
369 2392 385 2433 e
406 2372 547 2433 inchoant
569 2388 665 2449 neque
688 2374 719 2431 in
742 2392 759 2433 e
782 2372 929 2433 desinunt.
976 2373 1031 2433 hae
1059 2373 1175 2435 litterae
1203 2374 1381 2437 calumniam

47 2482 257 2561 spatiuntur,
282 2485 315 2539 ut
337 2482 383 2536 est
404 2493 431 2535 tt.
476 2473 589 2535 idcirco
613 2492 672 2534 non
695 2474 792 2535 littera
816 2474 939 2545 dicitur,
964 2474 1016 2537 sed
1040 2474 1148 2554 duplex
1172 2476 1278 2537 littera.
1310 2478 1328 2538 k
1352 2485 1382 2537 et

81 2601 101 2661 q
122 2598 225 2659 neque
254 2578 291 2639 ab
318 2597 336 2638 e
363 2577 504 2639 inchoant
530 2577 681 2654 usquein
705 2595 721 2636 e
744 2577 892 2637 desinunt.
939 2576 956 2636 h
981 2585 1010 2637 et
1037 2578 1091 2638 ista
1120 2578 1256 2639 similiter
1278 2581 1308 2640 in
1332 2598 1380 2639 ca·

83 2682 230 2743 lumniam
254 2682 345 2741 venit.
390 2679 502 2740 idcirco
525 2677 665 2739 dicuutur
687 2700 706 2737 u
730 2678 842 2740 habent
864 2678 908 2738 vel
931 2670 1057 2739 mediam
1080 2687 1195 2758 partem
1218 2682 1306 2752 vocis,
1330 2690 1381 2742 aut

83 2794 163 2846 certe
186 2786 329 2865 quoniam
352 2784 442 2843 semis
464 2779 575 2841 habent
595 2780 633 2841 de
654 2788 800 2860 potestate
822 2780 976 2842 vocalium.

164 2887 270 2948 llatae
297 2891 396 2947 autem
424 2883 492 2943 ideo
521 2882 617 2943 dictae
639 2890 721 2954 sunt,
752 2884 836 2960 quia,
860 2884 884 2943 si
908 2882 1046 2944 detrahas
1068 2882 1126 2945 illis
1148 2883 1295 2955 vocalem,
1319 2900 1450 2952 nontat.
1466 2902 1497 2950 ta

50 2998 192 3050 assonant
215 2989 344 3067 penitus.
390 3002 461 3062 ergo
484 2984 551 3045 ideo
575 2983 670 3045 dietae
691 2984 897 3054 semivocales,
922 2984 999 3062 quod
1023 2985 1155 3047 detracta
1176 2986 1269 3047 vocali
1292 2990 1381 3049 semis
1394 2969 1451 3026 ‘³³²⁰‘
1466 2969 1497 3017 ¹⁶

85 3091 216 3151 habeant
239 3088 275 3150 de
297 3106 385 3156 voce,
408 3088 477 3147 ideo
499 3096 614 3158 mutae,
638 3089 706 3167 quia
730 3087 978 3148 detracta·vocali
1000 3090 1118 3167 penitus
1141 3096 1336 3172 nonsooapt.

166 3190 293 3251 vocales
315 3198 414 3250 autem
437 3190 566 3269 quinque
588 3199 672 3258 sunt,
696 3208 712 3249 a
736 3207 751 3248 e
774 3190 785 3247 i
806 3207 824 3248 o
848 3208 876 3249 u.
900 3190 974 3249 istae
997 3190 1136 3270 quinque,
1161 3190 1277 3270 quando
1300 3190 1495 3265 solacentio

83 3294 295 3372 proteruntur,
318 3292 425 3370 longae
446 3300 516 3352 sunt
538 3310 669 3371 semper:
694 3290 812 3371 quaudo
835 3290 912 3352 solas
934 3290 1046 3352 litteras
1068 3292 1149 3361 dicis
1172 3292 1278 3369 longae
1300 3302 1377 3354 sunt.
1392 3275 1450 3337 ⁵²⁰¹
1464 3275 1495 3326 ²⁷

85 3416 99 3455 a
126 3396 190 3457 sola
220 3394 307 3473 longa
336 3401 395 3460 est.
424 3413 441 3453 e
468 3393 531 3455 sola
559 3391 646 3472 longa
674 3400 728 3453 est.
757 3389 761 3472 l
791 3400 945 3471 praeterea
975 3392 1012 3453 de
1033 3387 1102 3453 istis
1121 3394 1250 3473 quinque
1271 3394 1378 3455 litteris

148 3602 208 3652 ast
227 3602 299 3649 dicas
317 3616 345 3649 es
363 3600 388 3649 h
405 3599 428 3650 sl
445 3600 515 3648 dicas
532 3612 546 3647 s
561 3597 649 3647 ocu
668 3597 739 3647 dices
758 3612 786 3647 se
805 3612 822 3645 o
840 3597 862 3645 sl
880 3597 950 3647 dicas
968 3596 993 3646 Α
1047 3596 1184 3649 dnocales
1202 3599 1269 3647 enirn
1286 3614 1332 3665 per
1349 3615 1376 3650 se

85 3683 172 3721 sonant
188 3681 213 3721 et
231 3687 278 3736 per
296 3686 324 3719 se
341 3670 458 3719 sillabm
479 3669 575 3718 iaciunt
591 3668 616 3716 L
634 3669 731 3716 nocetis
750 3667 816 3715 enim
836 3682 884 3733 per
901 3682 929 3717 se
948 3676 1021 3717 sonat
1037 3676 1062 3715 et
1078 3681 1124 3732 per
1137 3684 1165 3716 se
1178 3669 1300 3731 syllabam
1316 3668 1377 3718 lucit

86 3741 167 3792 ABG
237 3740 254 3789 7
272 3740 316 3790 sed
337 3754 384 3804 per
400 3755 428 3789 se
444 3734 567 3803 s‘yilabnvn
586 3752 636 3788 nou
655 3737 752 3787 iaciunt
770 3736 827 3786 ideo
848 3738 930 3785 dictae
950 3747 1008 3789 sum
1025 3740 1202 3790 seminoeales.
1223 3755 1236 3786 e
1256 3740 1280 3787 iu
1300 3739 1375 3789 seml-

86 3812 213 3861 uocalibns
237 3810 403 3875 praeponitur
427 3810 451 3857 in
472 3808 548 3857 nautis
566 3808 727 3872 postponitur
749 3806 776 3866 (e
799 3835 819 3842 -
847 3809 1008 3872 postponitur
1024 3823 1068 3857 orn.
1091 3809 1121 3855 Α,
1141 3809 1202 3858 add.
1219 3824 1235 3857 a
1255 3809 1279 3856 io
1300 3808 1376 3857 mittis

85 3882 247 3945 postponitur
262 3894 315 3929 om·
328 3879 365 3941 B)
387 3880 426 3928 uel
452 3878 670 3944 postponendus
689 3878 765 3926 mutis
783 3880 797 3926 ὃ
812 3886 906 3927 tanturn
929 3878 1002 3927 :trodo
1022 3878 1073 3927 solu
1094 3876 1182 3929 Aac.
1203 3881 1375 3941 supplementa

84 3952 197 4011 praedant
218 3951 242 3999 L
314 3949 346 3999 14
362 3963 427 4010 uuae
446 3948 518 4013 ergo]
539 3964 618 4011 quare
636 3962 699 4011 ergo
718 3946 742 3995 L
795 3948 827 3997 lfa
848 3958 874 3997 ut
891 3956 951 4012 pnta
971 3947 999 3996 el
1016 3960 1040 3997 et
1055 3947 1067 3996 i
1083 3958 1155 3997 sonat
1173 3948 1197 3997 le
1216 3958 1240 3997 et
1259 3948 1281 3997 el
1301 3957 1374 3997 sonat

85 4035 109 4068 re
126 4029 151 4069 et
168 4035 197 4069 er
213 4026 289 4068 sonat
309 4035 336 4067 se
355 4031 378 4067 et
393 4034 421 4067 es
439 4035 477 4068 ern
497 4029 522 4066 et
539 4033 561 4066 m
580 4027 654 4067 sonat
670 4033 699 4064 en
719 4026 744 4065 et
762 4033 775 4063 u
795 4027 868 4065 strunt
887 4018 952 4066 lxet
970 4017 994 4065 lx
1014 4026 1087 4067 sottat
1103 4034 1165 4083 ergo
1186 4018 1209 4067 L
1227 4028 1286 4082 puta
1308 4016 1332 4064 le
1350 4026 1375 4066 et

85 4088 216 4139 elsonat
233 4090 273 4139 le
294 4100 319 4137 et
339 4088 374 4137 el
393 4098 468 4138 sonat
485 4105 498 4137 r
516 4105 530 4136 e
548 4097 574 4137 et
591 4103 605 4135 e
623 4104 634 4133 r
651 4098 725 4136 sonat
743 4105 756 4134 ιι
775 4104 789 4136 e
806 4096 831 4136 et
847 4102 886 4136 es
903 4102 964 4153 ergo
983 4087 1008 4136 A
1026 4098 1085 4154 putu
1104 4086 1129 4137 le
1148 4096 1173 4137 et
1191 4087 1204 4135 l
1218 4096 1290 4136 sonat
1310 4087 1332 4135 le
1349 4096 1374 4135 et

13 4173 14 4176 ¹
86 4160 181 4209 isonat
198 4176 241 4209 re
259 4173 284 4210 et
301 4174 314 4205 r
330 4167 405 4207 sonet
422 4174 467 4207 se
490 4167 515 4207 et
539 4174 551 4207 ι
571 4168 642 4207 sonat
662 4172 724 4222 ergo
742 4157 796 4207 BC
866 4158 898 4207 18
916 4156 1027 4223 aliquae]
1051 4157 1115 4207 allae
1134 4156 1158 4205 h
1227 4159 1260 4205 '22
1279 4156 1372 4206 ideirco

85 4229 199 4279 dicuntur
218 4246 233 4278 e
253 4230 279 4279 in
304 4228 499 4277 semiuocalilms
523 4226 657 4292 praeponit
680 4227 857 4291 {praeponitur
876 4242 944 4277 eurr.
968 4230 1017 4276 -nit
1038 4228 1072 4286 L)
1095 4230 1118 4274 in
1146 4227 1220 4275 mritis
1245 4228 1373 4291 postponit

85 4297 172 4348 bahent
190 4299 282 4358 (hahet
297 4296 337 4353 L)
348 4298 387 4346 uel
402 4299 510 4347 medinm
526 4307 622 4361 partem
637 4297 693 4346 At
710 4296 804 4346 ideireo
821 4298 914 4346 dieitur
933 4296 1027 4348 halvere
1045 4298 1118 4361 (utria
1131 4296 1223 4345 liabent
1244 4296 1283 4345 uel
1301 4312 1371 4351 corr.

86 4367 174 4419 habere
191 4371 226 4426 B)
245 4368 353 4418 medinm
373 4377 469 4434 purtem
493 4368 556 4418 110:
574 4368 668 4417 idcireo
688 4366 808 4416 ‹tn-untur
825 4383 869 4416 sen
881 4367 993 4417 lucentes
1011 4368 1128 4431 quioniam
1149 4364 1240 4415 hahent
1261 4367 1299 4416 vel
1322 4383 1372 4417 ue-

86 4440 145 4486 die·
169 4450 266 4505 partem
286 4440 390 4489 coniecit
407 4438 589 4487 ln'rrderuannus
622 4437 669 4486 red
692 4439 809 4488 videntur
822 4440 900 4499 plura
916 4439 990 4486 etium
1008 4438 1040 4487 cle
1055 4439 1255 4499 pronuntiatione
1271 4439 1372 4488 semico-

87 4510 168 4559 colim
185 4517 346 4560 etmalorum
364 4508 492 4557 caecidisse
580 4506 613 4559 ¹23
632 4509 711 4557 semis
730 4507 822 4556 habent
842 4506 897 4557 hB
919 4508 997 4556 semis
1015 4506 1091 4555 habet
1109 4506 1133 4554 A
1157 4506 1240 4555 miuus
1259 4507 1333 4555 lubet
1352 4508 1373 4557 C

149 4581 182 4627 27
201 4580 305 4630 alcestes
324 4590 407 4628 antem
427 4578 498 4629 BGa
517 4578 619 4629 uocales
637 4578 701 4627 istae
719 4580 760 4626 A:
778 4579 881 4627 uocales
901 4593 932 4628 .u
968 4577 1009 4625 isti
1026 4588 1084 4625 sum
1101 4592 1115 4624 a
1135 4591 1148 4624 e
1163 4578 1169 4625 i
1190 4592 1238 4625 ou
1255 4578 1302 4626 situ
1317 4577 1372 4627 litet·

88 4645 173 4698 habeut
189 4653 212 4700 sl
228 4652 350 4699 b=etteso
373 4662 433 4698 uero
451 4658 476 4698 et
494 4664 508 4697 e
526 4662 575 4697 nou
595 4658 686 4698 sonam
702 4648 790 4697 breues
811 4649 835 4698 h
920 4647 954 4697 ‘lli
977 4658 1106 4709 praeterea
1128 4646 1159 4697 de
1178 4646 1234 4695 tuis
1259 4648 1370 4711 quinque

90 4716 172 4769 litteris
190 4732 241 4769 tres
259 4730 318 4769 sunt
333 4734 399 4782 qnae
414 4720 470 4769 elue
485 4719 575 4768 brevies
599 4718 655 4767 siue
673 4718 767 4769 moda
783 4718 856 4769 .i.u.
881 4716 998 4767 eivuillter
1018 4717 1108 4765 liabent
1130 4718 1150 4765 si
1171 4718 1256 4765 breuis
1275 4732 1289 4767 o
1308 4732 1368 4766 uero

91 4796 111 4833 et
122 4804 135 4837 e
148 4804 196 4838 non
214 4800 306 4840 tonant
325 4789 414 4837 breues
429 4790 453 4837 A
472 4796 604 4853 praeterea
622 4788 654 4836 de
669 4788 726 4837 istis
744 4789 855 4851 quinque
874 4788 965 4837 litteris
980 4793 1031 4836 tres
1048 4798 1106 4835 sunt
1124 4802 1189 4848 quae
1207 4788 1261 4836 siue
1280 4788 1369 4836 breues

92 4856 139 4906 sine
156 4859 248 4927 longae
266 4859 381 4909 eiusdem
398 4858 467 4908 modi
485 4873 500 4906 a
518 4859 527 4907 i
545 4873 562 4907 u
586 4858 703 4907 similiter
719 4856 813 4907 habent
830 4859 886 4908 sine
908 4856 1000 4923 longao
1019 4856 1074 4907 sine
1092 4856 1182 4908 breues
1201 4872 1215 4907 ο
1235 4871 1295 4908 uero
1313 4866 1337 4907 et
1355 4872 1368 4907 e
