3350 5442
568 338 639 400 ARS
669 338 873 399 vl-vnla
931 341 959 382 ¹¹·
1259 426 1264 437 Ι
1298 335 1356 399 43]

97 448 269 504 passaran.
982 445 984 450 '
1175 444 1335 500 passaran.

70 530 126 589 sed
155 530 269 608 agentis
296 535 327 589 et
353 528 494 607 patieutis
517 524 522 609 Ι
550 528 675 589 formam
703 527 932 607 amplectuutur.
977 527 1056 587 unde
1084 532 1199 587 constat
1225 528 1361 588 universa

70 631 164 693 verba
191 630 306 692 duobus
333 630 429 691 modis
456 629 613 692 declinari.
657 649 726 691 nam
753 636 859 690 neutra
887 635 918 689 et
940 632 1045 710 supina
1068 632 1247 701 activorum,
1271 631 1360 711 depo·

69 735 175 795 nentia
202 741 232 794 et
259 734 427 793 communia
454 734 639 812 passivorum
666 732 800 809 regvdam
822 738 973 825 secuntur.
1019 740 1087 792 sunt
1108 739 1265 813 praeterea
1286 751 1359 793 neu·

70 836 250 915 tropassiva,
274 851 349 915 quae
371 836 404 895 iu
425 837 588 914 praeterito
609 835 743 913 perlecto
766 841 796 894 et
813 834 1115 914 ¹plusquamperfecto
1137 838 1245 913 passivi
1268 835 1358 897 decli-

38 941 223 1000 suatioaem
250 936 376 1007 habeut,
405 938 438 997 in
464 935 531 997 aliis
558 937 674 1006 neutri;
701 942 732 995 et
759 942 827 996 suut
856 935 929 996 baec
957 936 1032 1007 sola,
1063 937 1208 998 secundae
1238 937 1360 1017 quidem

46 1042 289 1119 ⁴coniugatiouis
316 1039 410 1100 audeo
437 1038 551 1117 gaudeo
578 1037 674 1107 soleo,
703 1040 809 1098 tertiae
832 1044 930 1099 autem
954 1038 1012 1098 fido
1035 1046 1066 1098 et
1087 1040 1140 1107 fio,
1164 1046 1195 1099 et
1217 1042 1301 1119 siqua
1323 1059 1357 1100 ex

66 1142 116 1203 bis
139 1148 366 1222 componuntur.
396 1148 515 1221 praeter
537 1140 610 1200 haee
631 1139 711 1200 uulla
726 1145 795 1199 suut
816 1139 905 1199 buius
926 1140 1006 1199 modi
1029 1140 1236 1210 declinationis
1257 1140 1357 1203 verba.

66 1252 139 1305 suut
160 1244 218 1305 alia
239 1244 463 1323 passivoucutra
489 1240 698 1321 superioribus
724 1243 888 1328 contraria,
912 1242 985 1302 baec
1008 1242 1083 1311 sola,
1107 1246 1274 1322 comperior
1296 1263 1357 1304 rne-

65 1365 139 1407 reor
162 1345 314 1407 devertor:
337 1363 406 1405 narn
427 1347 459 1405 iu
481 1346 644 1424 praeterito
666 1346 799 1423 comperi
821 1346 918 1404 merui
941 1344 1071 1413 deverti,
1096 1346 1174 1404 sicut
1195 1348 1290 1407 activa
1314 1346 1359 1407 vel

23 1470 50 1510 ro
64 1456 191 1517 neutra,
213 1448 416 1527 proteruntur.
943 1527 945 1533 ἲ
1112 1495 1116 1504 .

154 1550 295 1611 Vniversa
323 1548 413 1609 verba
440 1550 554 1628 primae
582 1550 814 1627 coniugationis,
850 1566 925 1628 qnae
953 1550 985 1608 in
1013 1548 1142 1609 secunda
1168 1567 1296 1628 persona
1326 1569 1358 1610 as

64 1652 180 1732 syllaba
209 1653 423 1720 terminantur,
457 1651 551 1710 activa
584 1651 645 1710 sive
679 1657 799 1719 neutra,
834 1650 1030 1729 praeteritum
1048 1628 1225 1728 perlectum
1252 1653 1283 1712 in
1312 1654 1357 1712 avi

64 1753 196 1834 syllabas
217 1755 353 1823 mittunt,
382 1759 415 1813 nt
442 1771 506 1814 amo
529 1754 638 1821 amavi,
668 1771 719 1812 aro
742 1754 838 1821 aravi,
862 1770 944 1812 arrno
967 1754 1092 1822 armavi,
1116 1770 1206 1813 narro
1227 1756 1355 1823 narravi,

63 1863 156 1918 cauto
182 1856 313 1925 caratavi,
342 1856 448 1931 navigo
474 1855 623 1931 navigavi,
647 1872 719 1933 paro
741 1856 858 1934 paravi,
889 1873 974 1915 servo
996 1855 1127 1924 servavi,
1150 1857 1282 1935 exceptis
1304 1874 1356 1915 no·

22 1978 150 2029 savem,
173 1977 248 2039 quae
270 1959 303 2017 in
324 1958 356 2017 ui
377 1958 499 2017 mittunt
520 1959 731 2035 praeteritum,
760 1962 793 2015 ut
815 1974 883 2016 seco
907 1958 1003 2025 secui,
1034 1956 1120 2016 domo
1143 1955 1257 2026 domui,
1280 1958 1356 2018 frico

62 2063 172 2131 lrioui,
202 2071 269 2121 veto
297 2060 392 2129 vetui,
420 2076 493 2118 sono
520 2062 625 2128 sonui,
659 2065 728 2118 tono
757 2060 855 2127 tonui,
885 2060 962 2119 mico
989 2059 1095 2129 micui,
1124 2077 1214 2138 crepo
1241 2062 1354 2139 crepui,

63 2163 146 2243 plico
167 2162 275 2242 plicui,
299 2167 329 2221 et
350 2161 436 2239 siqua
457 2159 579 2220 adnexis
601 2158 873 2241 praepositionibus
895 2166 1121 2239 componuntnr.
1158 2161 1235 2239 plico
1258 2168 1354 2223 tamen

65 2272 225 2345 utramque
247 2265 374 2323 formam
397 2269 496 2322 servat
516 2264 548 2322 in
570 2265 750 2341 praeterito:
775 2281 842 2322 nam
858 2269 888 2322 et
902 2262 1009 2341 plicavi
1032 2270 1061 2322 et
1083 2261 1227 2342 explicavi
1243 2263 1354 2324 dictvrm

62 2375 121 2428 est.
167 2372 306 2447 quattuor
328 2364 398 2424 baie
420 2363 540 2440 regulae
563 2365 768 2443 refragantur:
797 2382 864 2425 narn
886 2382 983 2444 neque
1010 2366 1042 2424 in
1064 2367 1095 2425 ui
1124 2382 1219 2444 neque
1247 2367 1278 2425 in
1306 2368 1354 2427 avi
1448 2442 1450 2453 .

24 2490 50 2530 ao
63 2476 193 2538 exeunt,
216 2474 262 2529 sto
284 2468 368 2535 steti,
392 2464 429 2525 do
451 2465 534 2534 dedi,
558 2465 623 2525 lavo
644 2465 716 2536 lavi,
740 2468 808 2526 iuvo
830 2468 901 2527 iuvi.
946 2466 998 2525 sed
1020 2466 1078 2526 duo
1100 2468 1266 2545 posteriora
1287 2470 1354 2546 qui·

62 2572 134 2632 dam
162 2567 368 2650 superioribus
394 2556 544 2646 applicant
570 2575 719 2629 errantes:
753 2587 822 2629 narn
849 2568 899 2628 illa
920 2570 952 2628 in
974 2569 1138 2647 praeterito
1161 2587 1219 2629 una
1241 2568 1353 2649 syllaba

63 2679 220 2742 crescunt,
243 2672 317 2731 haee
340 2668 463 2730 totidem
485 2674 558 2749 quot
578 2671 611 2730 in
632 2672 783 2749 praesenti
805 2669 1010 2749 proteruntur.

151 2773 287 2835 Secunda
315 2772 498 2849 coniugatio,
527 2790 616 2851 quau]
643 2790 703 2832 uon
731 2778 845 2832 tanturn
873 2771 1000 2833 secunda
1022 2791 1165 2852 persona,
1189 2773 1241 2833 sed
1264 2775 1353 2834 etiam

61 2878 162 2958 prima
189 2872 202 2955 Η
226 2873 314 2935 lacile
336 2873 483 2943 declarat,
507 2876 647 2953 quoniam
670 2876 769 2935 omnia
791 2872 881 2934 verba
904 2892 979 2953 quae
1002 2893 1037 2935 eo
1060 2874 1181 2954 syllabis
1202 2877 1234 2936 iu
1256 2878 1352 2955 prima

25 2995 193 3057 aspersoua
215 2978 373 3044 liniuntur,
397 2974 543 3035 secundae
558 2981 628 3036 sunt
642 2977 860 3053 coniugationis
882 2978 1015 3055 exceptis
1036 2984 1188 3057 quattuor,
1212 2996 1270 3038 uuo
1293 2985 1351 3038 ter-

63 3084 122 3142 tiae
148 3079 366 3157 coniugatiouis
389 3077 564 3156 productae,
588 3096 623 3138 eo
645 3080 686 3147 is,
710 3085 741 3138 et
762 3080 847 3157 siqua
869 3095 905 3137 eu
922 3074 925 3158 Ι
943 3096 978 3137 eo
1001 3081 1163 3159 composita
1178 3081 1350 3157 figurantur,

61 3190 92 3242 et
114 3179 215 3242 tribus
236 3182 360 3259 primae,
383 3198 453 3239 creo
475 3197 569 3249 creas
591 3198 660 3241 meo
673 3198 769 3250 meas,
786 3178 843 3239 beo
859 3166 945 3250 beas,
968 3184 1163 3260 praeteritum
1184 3184 1351 3261 perlectum

61 3287 93 3344 in
115 3283 175 3347 bas,
200 3280 328 3361 syllabas
354 3282 462 3351 mittit,
493 3283 526 3341 iu
548 3284 580 3343 ui
601 3289 782 3343 consonante
805 3283 990 3362 praeposita,
1014 3286 1044 3344 in
1067 3286 1095 3344 vi
1117 3292 1279 3363 praeeunte
1302 3279 1350 3346 'vo-

150 3470 181 3521 11
206 3469 327 3519 universa
344 3467 422 3517 verba
442 3468 538 3531 primae
557 3468 743 3534 coniugatiouis
761 3469 838 3519 Odor.
859 3468 920 3531 243,
937 3471 962 3520 4.
981 3485 1039 3523 exc.
1058 3471 1133 3521 Gbar.
1152 3471 1212 3531 ubl,
1230 3470 1247 3521 8
1317 3473 1350 3522 17

61 3542 128 3607 plico
146 3548 233 3589 tamen
252 3540 333 3589 Diona.
352 3538 413 3599 372,
432 3536 464 3588 18
533 3537 568 3590 23
586 3539 698 3589 secunda
716 3538 862 3603 eorriugatio
882 3538 958 3589 Olor.
976 3539 1036 3600 243,
1057 3541 1098 3594 17.
1117 3556 1175 3595 exc.
1196 3542 1273 3594 Cbcr.
1287 3542 1348 3606 5114,

62 3612 95 3663 19
136 3681 140 3685 Α
165 3611 202 3660 24
218 3608 304 3659 omnia
320 3608 396 3657 verba
414 3622 478 3670 quae
495 3620 525 3657 eo
543 3607 649 3675 syllabis
668 3622 726 3661 eac.
740 3607 816 3658 eaor.
835 3606 897 3671 565,
915 3607 949 3659 39
976 3626 978 3631 ·

130 3782 146 3833 l
167 3780 277 3831 formam
290 3780 476 3845 amplectuutur
487 3778 522 3846 sp
540 3780 621 3831 torma
637 3780 780 3845 plectuntur
794 3771 820 3829 P
833 3777 915 3830 torma
933 3780 1067 3832 flectuntur
1085 3780 1108 3829 F
1122 3779 1231 3831 lormam
1243 3782 1349 3833 flectuu-

62 3861 137 3908 tur5
208 3851 394 3917 asupinsom.
412 3849 438 3897 P
521 3851 749 3915 3neutropassiaa
767 3864 784 3906 ς
802 3851 998 3915 neutrapassiua
1014 3852 1068 3901 PF
1153 3850 1349 3918 epssstuorum

63 3929 149 3970 neutra
163 3920 192 3971 F
205 3922 311 3985 passion
329 3929 454 3974 neutras·
542 3920 750 3985 superioribusf
763 3920 889 3985 superiori
909 3920 983 3978 Pre
1070 3921 1103 3973 10
1121 3920 1293 3985 proteruntur.
1316 3939 1348 3974 os

63 4005 222 4041 rassruarro
246 4004 375 4041 auersere
397 4003 492 4039 aarum
518 4004 709 4042 convacarronrs
735 3990 857 4040 lluioersa
875 3988 929 4038 Pr
1014 3990 1047 4041 15
1065 3998 1090 4041 et
1108 4005 1165 4041 seeo
1185 3993 1254 4041 secui
1273 3994 1348 4043 modo

63 4062 147 4111 modui
169 4060 234 4111 frico
251 4058 326 4109 inani
343 4066 402 4110 ueto
421 4058 446 4107 P
466 4068 493 4109 ut
513 4075 572 4111 seeo
594 4061 664 4111 seeul
684 4070 741 4111 ueto
761 4061 798 4110 F.-
816 4068 844 4110 ut
865 4073 924 4109 seco
941 4061 1010 4109 secui
1029 4075 1091 4111 ueeo
1109 4062 1183 4111 necui
1204 4068 1261 4111 ueto
1278 4064 1349 4113 uetui

62 4158 94 4166 —
112 4131 181 4196 plieo
198 4130 275 4197 plicui
291 4130 367 4181 domo
385 4129 472 4179 domni
489 4129 553 4180 irieo
572 4129 677 4187 irionis·
749 4129 782 4179 17
799 4128 900 4195 explico
919 4137 1002 4180 tamen
1021 4142 1038 4187 ς
1107 4130 1140 4182 18
1159 4146 1216 4181 uam
1235 4133 1348 4199 explicui

64 4208 87 4249 et
100 4200 231 4266 explieaui
247 4200 295 4256 re
365 4198 398 4250 19
412 4198 631 4266 refranganturP
683 4214 742 4249 usur
759 4200 882 4264 usquein
900 4200 926 4249 ui
945 4215 1026 4264 neque
1043 4200 1070 4249 iu
1086 4202 1128 4250 aui
1143 4210 1236 4251 exeunt
1253 4214 1270 4259 ς
1289 4218 1347 4253 uam

64 4285 142 4333 neque
160 4274 284 4333 (namque
301 4270 337 4333 P)
356 4269 381 4319 iu
395 4270 422 4319 ni
442 4276 536 4320 exeunt
552 4270 606 4320 PF
690 4271 723 4319 22
741 4270 905 4335 proteruntur
919 4286 952 4320 uu
970 4284 1082 4321 secunus
1099 4286 1282 4323 convocarronu
1302 4272 1346 4322 Se-

64 4340 143 4389 cunda
157 4340 185 4389 F
268 4340 302 4389 24
320 4336 450 4406 quoniam]
468 4339 536 4405 qnod
553 4342 578 4391 P
663 4340 696 4390 25
716 4343 828 4406 exeeptis
852 4348 960 4401 quatuor
977 4354 1027 4390 uuo
1046 4341 1135 4391 tertiae
1153 4340 1285 4391 Patrobios
1302 4358 1346 4391 ex·

64 4410 140 4475 ceptis
158 4409 241 4459 tribus
257 4424 308 4460 uuo
321 4410 410 4459 tertiae
421 4410 477 4461 PF
488 4410 602 4474 exceptis
617 4410 716 4461 duobus
730 4411 820 4459 tertiae
834 4409 854 4472 s
864 4410 976 4477 exceptis
991 4418 1098 4473 quatuor
1115 4426 1165 4461 uuo
1183 4412 1272 4461 tertiae
1287 4428 1346 4461 eou-

65 4479 202 4544 ingatiouis
218 4492 296 4536 οπως
343 4478 377 4529 26
395 4480 530 4529 eoisPF
545 4494 575 4528 eo
593 4480 616 4529 is
634 4495 699 4544 queo
718 4480 804 4543 quisf
850 4480 1016 4531 austraibus
1032 4480 1347 4543 fPutacdt'uaetduobus

64 4550 135 4619 PF?
221 4557 246 4597 et
262 4550 309 4599 beo
327 4549 388 4599 beas
405 4549 431 4599 P
447 4548 564 4599 similiter
581 4557 606 4598 et
624 4549 672 4599 beo
691 4562 755 4605 ass*
831 4548 866 4600 28
889 4550 915 4599 iu
939 4550 986 4601 bas
1010 4547 1120 4615 syllabas
1144 4552 1245 4601 mittunt
1269 4550 1295 4599 iu
1320 4553 1346 4600 ui

64 4624 184 4683 praeeunt
204 4627 230 4668 et
252 4618 333 4669 vsorali
351 4621 411 4685 paui
431 4620 488 4668 caui
505 4619 530 4666 iu
549 4619 572 4669 si
591 4625 616 4667 et
636 4619 663 4668 xi
682 4618 706 4667 Ρ
722 4618 749 4667 iu
766 4635 795 4669 as
813 4620 916 4669 mittunt
934 4621 959 4669 in
982 4621 1008 4669 ui
1037 4628 1190 4672 consonante
1217 4622 1348 4686 preposita

64 4699 167 4753 preeunt
180 4688 265 4738 noeali
281 4690 342 4753 paui
355 4689 430 4755 pacui
445 4690 472 4737 in
491 4690 513 4737 si
532 4696 557 4738 et
573 4688 601 4737 xi
615 4688 641 4737 F
649 4689 675 4737 in
689 4686 737 4738 bas
752 4688 863 4754 syllabas
877 4691 977 4741 mittunt
987 4690 1104 4741 uidelicet
1117 4692 1142 4739 iu
1157 4690 1184 4740 ui
1201 4693 1346 4758 praeposita

64 4768 216 4810 consonante
234 4760 261 4808 iu
279 4759 306 4808 ui
324 4768 461 4824 praeeunte
478 4758 561 4808 nocali
579 4772 660 4823 pauca
679 4759 705 4807 iu
723 4759 746 4807 si
763 4766 788 4807 et
804 4760 833 4809 xi
848 4775 866 4824 p
884 4760 960 4809 mittit
975 4761 1002 4810 in
1020 4760 1049 4811 ui
1067 4769 1221 4813 consonante
1238 4776 1345 4833 praepo.

65 4829 110 4878 sita
128 4837 266 4896 praeorante
281 4829 364 4879 uocati
379 4844 462 4895 pauso
481 4829 542 4897 paui
556 4838 634 4879 caneo
653 4828 709 4878 eaui
727 4828 754 4877 iu
769 4830 796 4878 xi
811 4835 836 4879 et
851 4832 878 4879 iu
897 4830 920 4879 si
936 4842 954 4887 ς
