3350 5442
585 390 822 451 COMMENTVM
1292 392 1353 456 227

1168 514 1189 553 p.
1204 503 1293 543 tet—96
1307 502 1330 542 L.

73 582 192 641 luterum
216 584 341 657 tempus.
386 579 459 637 istae
482 586 549 638 sunt
572 597 642 656 ergo
671 580 905 657 coniugationes‚
936 582 1029 640 etsie
1052 588 1166 642 servata
1190 590 1259 666 sunt
1281 588 1355 644 tem·

73 701 149 763 pora,
171 698 228 741 nec
251 679 342 740 aliter.
364 662 495 740 'transit
521 682 552 739 in
575 696 695 757 genera.
1309 676 1312 681 ’

146 783 261 844 Genera
277 780 435 843 verborum
450 784 506 842 ista
523 790 599 851 sunt,
618 784 710 843 activa
722 785 835 862 passiva
860 792 964 844 neutra
981 786 1149 845 eommunia
1165 784 1354 864 deponentia.
1367 796 1426 856 413,
1440 797 1473 843 35

73 887 186 947 diximus
209 886 296 945 etiam
318 886 348 943 in
371 884 519 964 principio
536 884 614 961 quod
632 884 785 944 voluerunt
799 887 983 963 grammatici
999 887 1053 947 ista
1069 870 1253 948 diliei‘entiae
1269 908 1356 950 eausa
1369 865 1455 925 ⁵⁰⁷’3

50 987 261 1049 sintrodueere.
287 993 418 1045 ceterum
431 1004 522 1045 omne
537 985 660 1046 verbum
673 986 746 1047 duas
758 1005 806 1046 res
818 988 973 1064 significat,
989 992 1040 1047 aul
1054 990 1168 1065 agentis
1180 996 1230 1049 aut
1244 993 1356 1069 patien-

71 1092 109 1159 tis,
121 1108 173 1149 nec
186 1096 283 1168 potest
295 1088 350 1149 alia
362 1090 489 1149 inveniri
502 1088 686 1166 significatio.
707 1088 848 1179 quicquid
863 1090 947 1149 estin
960 1090 1175 1165 significatione
1187 1090 1354 1163 verborum,

72 1192 238 1269 relegentis
254 1197 297 1251 est
312 1194 362 1252 aut
373 1192 520 1270 potientis.
544 1191 568 1250 si
581 1189 662 1250 dicas
677 1189 752 1268 lego,
768 1193 882 1275 agentis
898 1198 955 1261 est;
972 1193 997 1251 si
1013 1190 1094 1251 dieas
1109 1191 1201 1271 legor,
1217 1196 1357 1272 patientis

70 1303 116 1355 est.
143 1292 211 1371 quid
228 1296 252 1354 si
269 1294 403 1355 neutrale
416 1293 526 1354 luerit?
541 1310 666 1353 necesse
682 1301 726 1353 est
738 1300 787 1353 aut
797 1295 939 1372 patientis
950 1295 988 1353 sit
999 1302 1048 1354 aut
1058 1297 1182 1372 agentis.
1208 1314 1277 1383 eece
1288 1307 1356 1357 nato

70 1405 94 1457 et
114 1394 222 1475 vapulo
245 1402 404 1475 utrumque
433 1396 591 1474 significat,
616 1393 668 1454 sed
688 1397 693 1472 1
713 1396 792 1467 ‘nato
817 1400 889 1473 ego'
913 1398 1027 1474 agentis
1051 1393 1107 1465 est;
1132 1397 1237 1477 vapulo
1259 1408 1357 1460 autem

41 1498 179 1579 ecquando
203 1496 278 1568 dieo,
303 1516 358 1577 ego
380 1500 487 1577 patior,
534 1516 603 1558 ecce
625 1504 764 1558 neutrum
786 1495 910 1558 verbum
934 1506 987 1568 est,
1012 1505 1160 1559 ettamen
1188 1501 1279 1560 servit
1299 1499 1357 1560 illis

68 1600 173 1661 duabus
196 1599 469 1677 significationibus.
514 1600 586 1660 item
609 1597 714 1679 loquor
737 1601 801 1679 quis
823 1602 938 1660 nesciat
960 1600 1096 1679 quoniam
1124 1600 1276 1681 deponens
1292 1619 1356 1664 rer·

67 1704 130 1764 bum
153 1703 215 1762 esti
241 1710 269 1761 et
292 1701 383 1762 nihilo
407 1704 514 1772 minue,
538 1702 657 1781 quando
680 1701 745 1762 dieo
769 1700 894 1779 ‘loquor
917 1706 1000 1779 ego’,
1025 1703 1101 1762 lacio
1125 1722 1196 1781 ego:
1221 1710 1250 1763 et
1265 1703 1383 1783 depo·x

67 1824 132 1865 nens
155 1810 200 1865 est
224 1810 254 1864 et
276 1802 364 1864 hahet
388 1805 501 1881 agentis
523 1805 777 1883 significationem.
808 1822 880 1881 ergo
903 1823 962 1867 non
979 1812 1077 1884 potest
1098 1806 1164 1866 lieri
1179 1812 1211 1865 ut
1224 1807 1356 1866 invenias

67 1907 180 1968 terbum
204 1914 237 1971 ut
261 1904 339 1965 aliud
362 1906 522 1983 significet,
554 1922 640 1983 quom
664 1912 713 1966 aut
742 1907 856 1984 agentis
879 1915 929 1967 aut
955 1908 1103 1986 patientis.
1148 1917 1245 1968 tamen
1269 1926 1356 1969 causa

39 2009 247 2091 ndillerentiee
276 2015 399 2088 propter
426 2008 601 2069 inchoantes
628 2011 681 2069 ista
711 2010 895 2087 grammatici
928 2009 1107 2074 docuerunt.
1143 2017 1172 2069 et
1201 2008 1357 2071 voluerunt

65 2114 182 2172 activum
207 2109 332 2171 verbum
356 2128 421 2171 esse
444 2110 523 2190 quod
545 2113 576 2171 in
599 2131 616 2171 o
641 2112 700 2171 exit
722 2120 752 2170 et
774 2118 893 2190 accepta
916 2131 932 2170 r
953 2111 1050 2172 littera
1078 2112 1148 2172 lacit
1176 2131 1211 2172 ex
1234 2132 1266 2173 se
1289 2132 1355 2192 pas·

65 2216 158 2273 sirum.
206 2221 276 2292 puta
298 2212 380 2291 lego:
410 2220 530 2292 tempta,
555 2222 655 2274 utrum
678 2213 769 2274 latine
791 2231 949 2291 possumus
971 2213 1071 2273 dicere
1094 2212 1175 2291 lego,
1207 2216 1265 2274 nisi
1287 2234 1354 2293 pos·

63 2334 156 2375 sumus
186 2314 288 2376 dicere
316 2314 409 2393 legor.
456 2332 527 2393 ergo
556 2324 679 2395 apparet
702 2317 843 2392 quoniam
865 2314 936 2376 illud
959 2318 1084 2375 activum
1104 2325 1172 2385 est,
1203 2318 1353 2393 quianon

63 2425 151 2494 potest
174 2416 261 2477 aliter
284 2434 349 2478 esse
372 2418 505 2485 activum,
531 2418 586 2477 nisi
608 2426 727 2496 accepta
750 2437 766 2477 r
787 2417 886 2478 littera
908 2417 995 2477 faciat
1016 2418 1171 2496 passivum.
1201 2419 1273 2477 item
1296 2436 1356 2479 non

33 2527 153 2597 sopotest
176 2538 244 2581 esse
266 2520 428 2598 passivum,
459 2520 517 2580 nisi
545 2516 648 2580 redeat
669 2520 698 2579 in
723 2520 858 2589 activum.
905 2517 1002 2595 legor,
1032 2518 1102 2580 tolle
1130 2518 1200 2579 inde
1228 2539 1257 2588 r,
1286 2520 1356 2580 iacit

63 2621 137 2701 lego;
174 2628 301 2702 apparet
330 2638 401 2697 ergo
429 2622 567 2697 quoniam
595 2623 743 2703 passivum
774 2628 826 2681 est.
878 2639 976 2700 neque
1004 2631 1072 2681 ante
1104 2622 1230 2684 activum
1259 2628 1357 2701 potest

62 2742 135 2793 esse,
166 2725 228 2785 nisi
258 2722 345 2784 iaciat
374 2724 534 2803 passivum,
558 2738 657 2800 neque
685 2728 753 2783 ante
779 2723 926 2802 passivum
955 2729 1153 2801 potestesse,
1189 2725 1245 2784 nisi
1268 2724 1356 2785 iaciat

62 2828 193 2885 actimm.
241 2823 308 2885 vide
331 2823 532 2886 definitionem
555 2824 642 2885 Plinii
665 2824 803 2895 Secundi,
828 2823 974 2901 quemad
998 2823 1116 2885 modum
1141 2824 1271 2885 delinivit
1292 2826 1355 2885 lor·

61 2928 138 2995 titer,
164 2936 195 2987 et
220 2927 364 2995 definivit,
395 2925 464 3005 quid
494 2933 538 2986 est
560 2928 701 2994 activum,
732 2926 802 3005 qnid
831 2926 987 3005 passivum.
1033 2933 1063 2985 et
1089 2928 1114 2986 si
1142 2944 1210 2987 vere
1233 2944 1357 3005 quaeras

31 3028 222 3089 sesecundum
244 3030 405 3098 rationem,
429 3028 485 3088 hoc
509 3028 653 3107 estquod
677 3026 749 3087 dirit
770 3026 883 3088 Plinius
906 3027 1075 3115 Secundus:
1104 3028 1175 3089 dicit
1203 3024 1355 3114 ‘actilvum

61 3130 204 3208 estquod
230 3130 286 3191 alio
309 3132 440 3209 patiente
467 3147 522 3190 nos
550 3130 689 3200 iacimus
719 3130 868 3209 passivum
893 3137 936 3190 est
966 3129 1045 3209 quod
1068 3128 1125 3190 alio
1152 3131 1281 3191 iaciente
1303 3148 1357 3192 nos

58 3233 216 3310 patimur’,
264 3239 297 3293 ut
324 3240 408 3311 puta,
438 3232 462 3291 si
485 3231 565 3292 dicas
593 3230 719 3292 verbero
749 3231 906 3299 verberor,
937 3250 1006 3292 eece
1029 3232 1152 3311 proprie
1179 3233 1305 3293 activum
1329 3240 1358 3293 et

60 3336 209 3412 passivum
228 3342 278 3395 est.
305 3331 423 3413 quando
440 3335 520 3393 enim
536 3332 659 3395 dicimus
674 3332 810 3403 verbero,
828 3352 883 3412 ego
898 3334 983 3401 facio,
1000 3333 1074 3395 alter
1089 3335 1214 3413 patitur3
1238 3334 1357 3412 quando

60 3434 181 3497 dicimus
206 3435 359 3505 verberor,
384 3432 458 3496 alter
479 3435 558 3505 lacit,
583 3454 637 3514 ego
660 3437 766 3515 patior.
810 3437 865 3494 ista
888 3442 956 3495 sunt
977 3430 1099 3514 proprie
1121 3438 1213 3497 activa
1239 3444 1269 3497 et
1289 3455 1357 3516 pas·

34 3560 50 3597 s
60 3540 123 3607 sira,
148 3556 231 3618 quae
255 3544 409 3598 versantur
431 3536 510 3597 inter
533 3535 604 3597 duas
626 3555 779 3616 personas.
813 3538 868 3596 ista
890 3539 1026 3615 proprie;
1051 3536 1099 3598 illa
1124 3556 1202 3608 vero,
1225 3537 1276 3599 ubi
1298 3558 1357 3600 una

60 3657 184 3715 persona
209 3646 371 3716 utrumque
395 3638 463 3716 agit,
487 3656 547 3698 non
571 3636 705 3699 videntur
727 3640 849 3717 proprie
865 3636 942 3699 dicta
959 3656 1032 3708 esse,
1056 3638 1108 3699 sed
1129 3638 1258 3700 abusive.
1288 3658 1357 3703 narn

60 3742 172 3819 qnando
198 3741 268 3803 dico
290 3750 375 3810 nato,
401 3758 456 3819 ego
479 3738 598 3819 quidem
621 3758 690 3819 ago,
715 3740 767 3801 sed
790 3738 864 3800 alter
887 3758 946 3801 non
969 3742 1094 3819 patitur,
1118 3740 1148 3801 id
1171 3751 1215 3802 est
1237 3743 1356 3821 quando

61 3843 121 3905 dieo
145 3851 230 3913 nato,
256 3862 312 3923 ego
334 3841 464 3920 quidem,
488 3848 630 3919 quantum
654 3841 690 3903 ad
713 3861 760 3903 me
782 3844 926 3922 pertinet,
951 3859 1020 3921 ago.
1044 3849 1187 3921 quantum
1211 3844 1247 3904 ad
1269 3844 1356 3906 aliam

61 3964 127 4017 rem,
151 3966 217 4008 non
241 3953 344 4007 tamen
366 3945 486 4025 patitur.
517 3942 679 4004 etidcirco
701 3942 790 4005 verba
814 3945 907 4005 activa
922 3943 1090 4025 specialiter
1112 3945 1185 4006 lraee
1201 3944 1355 4013 dicuntur;

33 4046 103 4109 eilla
124 4068 201 4111 vero
226 4056 334 4109 neutra
358 4046 508 4117 dicuntur,
533 4064 594 4107 non
617 4046 754 4125 quoniam
778 4052 917 4107 neutrum
940 4046 1119 4125 significant,
1143 4046 1356 4125 sedquoniam

62 4168 114 4210 non
138 4161 304 4229 utrumque
327 4149 502 4227 significant,
525 4147 555 4209 id
579 4154 624 4209 est
646 4146 733 4208 alium
756 4148 865 4218 iacere,
890 4147 978 4208 alium
1000 4150 1073 4226 pati.
1111 4164 1202 4225 qnare
1225 4147 1282 4207 hoc
1304 4145 1357 4207 tibi

81 4290 101 4295 -.
112 4290 254 4297 --—--
262 4288 368 4293 ...ψ-..-

124 4339 142 4389 6
159 4340 282 4390 inuenire
299 4336 325 4386 A
376 4337 393 4387 8
412 4336 510 4399 quidsi
530 4334 603 4387 Boe
618 4336 686 4399 qood
705 4336 726 4385 ei
741 4334 765 4384 A
819 4334 836 4386 8
854 4342 897 4383 eut
909 4335 1030 4399 potientis
1048 4332 1080 4386 a*
1097 4345 1124 4385 nt
1137 4334 1256 4399 patientis
1273 4333 1359 4384 ABG

124 4409 142 4461 9
162 4418 304 4473 utrumqne
322 4405 348 4455 A
366 4412 585 4469 cornuumque
604 4404 630 4454 B
702 4405 735 4455 14
755 4408 833 4455 causa
850 4404 1005 4455 delerentiee
1024 4405 1049 4453 A
1068 4419 1158 4455 causae
1176 4404 1358 4454 differentieC

63 4482 134 4529 eausa
153 4478 319 4529 differentiae
335 4492 402 4529 corr.
423 4492 515 4526 causae
532 4474 673 4526 differentia
692 4475 740 4525 B*
788 4476 820 4526 le
839 4473 898 4541 ieta]
917 4476 952 4524 ita
969 4476 994 4524 A
1065 4475 1097 4525 17
1116 4476 1245 4541 possimus
1264 4475 1286 4525 G
1298 4490 1358 4541 poa-

63 4547 104 4595 eim
122 4550 147 4600 B
224 4545 286 4615 nisi]
313 4548 334 4599 ei
353 4545 436 4597 ABG
503 4546 680 4610 possimusO
749 4546 783 4595 22
806 4561 862 4595 esse
880 4545 972 4608 priore
993 4546 1048 4595 loeo
1066 4560 1113 4599 one.
1132 4546 1172 4603 A,
1191 4546 1254 4596 add.
1272 4561 1289 4594 a
1392 4588 1396 4592 ,

62 4616 91 4668 '23
108 4619 185 4683 plinii
201 4634 274 4669 corr.
292 4618 372 4683 plenli
389 4616 415 4666 B
431 4615 540 4681 pleniA
592 4614 911 4665 defininitlortiterBCa
928 4614 1015 4664 delinit
1032 4613 1170 4665 sortiterA
1238 4615 1273 4663 24
1290 4614 1358 4677 quod

64 4688 196 4749 pastinum
217 4688 305 4739 ABG
372 4688 406 4737 25
424 4686 519 4752 plinius
535 4700 604 4739 corr.
625 4685 727 4751 plenius
745 4684 885 4752 Bplenine
903 4684 928 4733 A
998 4686 1031 4733 27
1051 4685 1159 4735 uerbere
1173 4684 1293 4733 uerberor
1309 4684 1361 4735 AB

64 4757 166 4807 uerbere
187 4764 215 4807 et
234 4758 354 4808 uerberor
369 4757 411 4808 Ga
481 4756 515 4807 30
530 4754 684 4805 interBCa
700 4754 727 4803 ln
746 4754 771 4802 A
841 4755 872 4807 31
893 4753 994 4803 uidetur
1011 4752 1095 4806 ABG
1144 4752 1280 4805 tracuus
1299 4770 1360 4821 spe·

63 4827 156 4877 cialiter
174 4826 243 4877 haee
260 4828 286 4876 A
311 4828 393 4877 aetina
410 4827 495 4877 aetina
512 4824 656 4892 specialiter
672 4824 737 4875 haee
752 4824 796 4875 Ga
814 4826 898 4874 aetina
919 4824 1003 4875 aetina
1020 4824 1085 4875 haee
1103 4823 1247 4890 specialiter
1265 4823 1290 4873 B

14 4954 15 4963 ἵ
65 4894 95 4946 36
111 4910 162 4947 non
179 4894 331 4964 utrumque]
353 4904 470 4947 neutrum
486 4910 553 4947 corr.
577 4910 627 4946 non
646 4904 780 4959 utrumque
793 4894 818 4943 A
