3350 5442
294 367 358 431 630
665 321 682 372 Ἰ
847 368 1027 433 naeacuh

295 555 390 604 tionum
402 570 504 605 stratum
517 570 649 605 numerum
662 556 763 605 denario
775 558 928 612 contineant.
945 558 1077 606 verborum
1091 566 1174 605 tamen
1187 556 1298 606 omniurn
1308 558 1367 607 bina
1376 558 1469 607 divisio
1480 568 1528 608 est.
1543 570 1589 606 aut

295 624 396 671 enimin
410 622 618 688 περιαπτόμενα,
628 624 652 672 id
667 636 706 674 eat
721 625 745 673 in
760 639 789 672 ea
801 638 868 687 quae
880 626 992 674 ultimam
1006 625 1213 685 circumflectunt,
1227 626 1306 674 autin
1320 620 1473 690 βαρῦτοια,
1487 627 1535 675 hoc
1549 638 1587 675 est

296 691 476 755 paenultimam
489 706 592 755 gravem
606 691 731 750 habentia,
745 692 901 745 dividuntur,
927 694 1025 764 addunt
1037 693 1139 755 quidam
1154 692 1252 741 tertiam
1265 695 1375 758 speeiem
1389 709 1465 757 quam
1480 707 1587 759 ηρησο-

297 775 350 823 νην
367 756 442 820 (sort.
456 758 607 823 epicoenon)
629 769 733 821 vocant,
752 762 777 809 id
795 771 835 810 est
851 761 977 810 acualem:
996 760 1071 810 hahet
1083 762 1159 819 enim,
1178 769 1206 807 ut
1219 760 1313 817 dicunt.
1332 772 1434 811 acutum
1447 763 1471 810 iu
1486 764 1585 813 ultima.

296 826 438 875 Macrobius
452 842 510 874 vero
523 828 587 876 duas
599 836 696 878 tautum
709 829 807 892 speeies
821 828 947 891 ostendit,
961 844 1036 879 uuam
1049 830 1075 877 in
1088 828 1127 876 his
1140 830 1163 875 iu
1180 828 1280 889 quibus,
1296 842 1322 879 ιιι
1334 830 1456 891 diximus,
1469 831 1584 879 ultimam
1648 885 1650 893 ἲ

296 909 398 959 semper
414 896 592 944 circumllexus
607 908 675 945 tenet
691 904 824 958 accentus,
843 904 918 960 atque
934 897 991 945 ideo
1009 890 1206 963 περιοπωμὲοη
1222 898 1312 945 meruit
1328 896 1462 963 appellari,
1480 899 1584 947 alteram

297 976 370 1025 quae,
384 963 444 1011 dnm
456 964 644 1012 immutabiliter
655 965 679 1011 in
693 964 849 1028 paenultima
861 979 963 1029 gravem
978 976 1070 1023 teneat,
1084 964 1181 1013 nullum
1194 978 1276 1013 tamen
1290 969 1314 1013 in
1327 965 1378 1014 llue
1390 976 1485 1014 certnrn
1499 978 1583 1031 potest
1649 1007 1651 1015 ι

297 1029 388 1079 habere
404 1044 504 1079 sonunt.
530 1031 640 1094 denique
657 1033 781 1095 barytona
797 1032 899 1096 dicitnr,
918 1033 943 1081 id
961 1044 1000 1081 est
1016 1044 1075 1081 tono
1092 1042 1212 1081 extranea
1230 1035 1253 1081 in
1274 1033 1369 1094 ultima¹
1389 1048 1439 1082 non
1457 1035 1515 1096 quia
1534 1049 1584 1081 uon

297 1098 395 1156 habeat,
408 1098 452 1147 sed
466 1099 534 1161 qnod
546 1108 641 1148 certum
655 1100 820 1162 stabilemque
833 1099 926 1149 hahere
939 1116 987 1149 iton
1002 1102 1092 1165 possit.
1116 1100 1253 1160 aliqnando
1267 1115 1376 1164 namque
1388 1114 1517 1164 gravatur,
1537 1102 1585 1150 ali-

297 1166 397 1228 quando
416 1181 475 1215 vero
492 1166 599 1224 a'ctdtur,
616 1182 753 1230 numquam
774 1178 858 1217 tantan
872 1169 1083 1217 circumflectitur.
1108 1166 1155 1217 hoc
1169 1170 1242 1215 etiarn
1257 1169 1355 1218 vitietur
1367 1184 1416 1218 non
1431 1184 1489 1219 esse
1501 1182 1585 1218 trans-

296 1236 416 1292 eundum,
438 1235 519 1297 qnod,
540 1250 597 1283 eum
619 1235 777 1296 quorundam
798 1236 935 1285 auctoritas
957 1236 1011 1285 sala
1032 1238 1209 1301 perispomeua
1226 1237 1358 1301 ipsiusque
1375 1236 1465 1285 tertiae
1480 1238 1586 1302 speciei,

296 1318 372 1365 quarn
386 1303 421 1350 illi
433 1302 540 1364 addunt,
553 1305 629 1352 verba
642 1319 663 1351 ω
676 1303 820 1352 naturaliter
837 1304 960 1368 producto
974 1305 1100 1353 terminari
1114 1304 1260 1365 contendat,
1279 1306 1400 1369 harymna
1412 1320 1473 1353 vero
1485 1320 1588 1369 semper

296 1386 312 1421 ο
325 1370 469 1418 naturaliter
481 1382 606 1437 correpto,
620 1372 705 1420 omitia
717 1371 871 1421 Graecorum
884 1372 960 1423 verba
972 1388 1023 1421 tina
1036 1372 1175 1435 eademque
1187 1371 1281 1432 littera,
1301 1374 1426 1437 producta
1443 1374 1542 1421 seilicet
1555 1388 1587 1432 ω,

297 1438 455 1487 'l'heodosius
472 1437 538 1487 finiri
554 1440 706 1501 pronuntiet.
736 1439 793 1487 inde
811 1438 840 1489 ut
857 1450 884 1489 ut
901 1442 1000 1489 illorum
1018 1440 1093 1489 linem
1111 1451 1231 1489 necemus
1249 1440 1391 1506 discernat,
1410 1454 1459 1489 ucn
1475 1452 1585 1505 tempus.

296 1506 396 1555 videtur
408 1520 508 1569 quoque
520 1507 587 1555 idem
601 1507 677 1555 simili
691 1507 788 1556 ratione
800 1506 874 1571 velle,
893 1524 942 1558 non
956 1520 1038 1557 tamen
1051 1507 1186 1568 affirmare,
1200 1508 1285 1556 omnia
1296 1507 1443 1558 Latinmum
1457 1510 1532 1557 verba
1546 1524 1587 1557 ra-

296 1574 438 1624 tionabilius
459 1574 599 1624 secuudum
619 1590 736 1638 graecam
759 1575 865 1624 formam
884 1590 899 1625 ο
915 1577 1038 1642 producto
1062 1576 1178 1625 concludi
1194 1590 1269 1637 quam
1289 1588 1420 1641 correpto,
1439 1591 1496 1625 cum
1513 1577 1587 1625 iuxta

297 1658 377 1706 paene
390 1656 478 1692 omnes
491 1641 640 1691 dichrouum
652 1644 693 1695 sit.
719 1643 800 1707 prima
813 1644 889 1707 igitur
901 1644 1000 1709 species
1013 1646 1036 1693 in
1051 1645 1133 1693 trihus
1146 1644 1365 1707 eortiugationihus
1379 1645 1546 1700 concluditur,
1561 1646 1585 1691 in

297 1712 390 1773 quibus
403 1710 582 1760 circumflexus
595 1711 706 1759 ultimam
724 1724 852 1773 tamquam
869 1723 1018 1777 perpetuam
1038 1714 1152 1777 possidet
1164 1713 1259 1764 sedem.
1285 1712 1399 1761 secunda
1412 1723 1472 1761 vero
1485 1728 1532 1761 sex
1546 1714 1586 1759 rel

296 1788 394 1843 septem
411 1780 511 1828 ridetur
528 1778 732 1842 conprehendere
749 1781 877 1843 syzygias,
895 1794 1002 1842 quarum
1022 1780 1190 1843 paenultitnas
1205 1780 1275 1842 gravi
1288 1792 1393 1829 accentu
1407 1794 1458 1829 non
1470 1779 1587 1829 dubitant

297 1846 443 1896 naturaliter
455 1862 513 1895 esse
524 1861 668 1911 possessas.
694 1860 800 1909 quorum
812 1850 926 1896 omnium
945 1848 1045 1911 regulas
1058 1849 1132 1896 modo
1145 1847 1277 1911 generales
1291 1848 1365 1897 modo
1378 1847 1515 1913 speciales,
1537 1862 1585 1896 uon

297 1926 379 1964 tamen
397 1917 480 1980 plene,
498 1914 628 1964 docendas
646 1930 703 1964 esse
719 1914 891 1979 promisimus.
917 1917 941 1964 iu
956 1931 1005 1978 qua
1019 1930 1102 1965 tamen
1121 1915 1289 1981 promissione
1302 1915 1425 1965 lectorem
1435 1930 1586 1981 praemone-

297 1998 364 2039 mus,
384 1998 415 2031 ne
427 1983 486 2048 plus
499 1995 612 2044 quaerat,
632 1984 692 2045 quia
705 1996 750 2030 uec
762 1982 820 2047 plus
832 1983 952 2041 inveniet,
966 1998 1042 2046 quam
1056 1998 1121 2049 quae
1133 1984 1259 2047 pertinent
1270 1984 1301 2033 ad
1315 1983 1509 2032 destinationem
1524 1998 1587 2031 con-

297 2052 525 2114 formationemque
543 2053 684 2107 verborum,
701 2049 836 2112 inquibus
854 2066 935 2116 paene
953 2059 1004 2100 tota
1022 2049 1098 2101 huius
1111 2050 1190 2100 libelli
1203 2051 1305 2109 utilius,
1326 2052 1348 2099 si
1360 2050 1515 2113 aliquantula
1529 2054 1587 2114 qui-

297 2120 354 2167 dem
368 2131 415 2179 est,
427 2130 552 2171 versatur.
577 2117 636 2166 hinc
648 2119 698 2166 iam
711 2129 817 2166 nectere
830 2119 991 2182 incipientes,
1006 2116 1087 2183 primo
1101 2118 1133 2167 de
1145 2120 1330 2184 perispomenis
1344 2118 1465 2179 dicemus,
1479 2134 1586 2182 quorum

297 2188 379 2252 prima
391 2203 413 2237 ω
424 2187 573 2251 productum
587 2187 683 2251 primae
694 2200 818 2250 personae
829 2185 855 2235 in
870 2201 911 2244 atq
924 2186 1108 2251 diphthongum
1122 2198 1274 2237 convertens
1287 2187 1426 2236 secundam
1440 2186 1516 2235 elficit
1529 2202 1588 2252 per-

297 2270 395 2317 sonam,
414 2264 442 2305 nt
454 2252 527 2320 φιλῶ
541 2250 650 2316 φιλεῖς,Ι
662 2256 718 2318 ipsa
730 2262 814 2303 nutem
827 2255 940 2304 secunda
953 2252 1040 2319 σίγμα
1053 2254 1151 2305 sublato
1166 2255 1262 2303 tertiam
1275 2256 1366 2319 giguit,
1381 2254 1471 2319 φιλεῖ.
1495 2264 1585 2303 notan

297 2324 408 2384 dumque
424 2323 492 2384 quod
510 2337 597 2370 omnes
613 2336 738 2387 personae
755 2321 899 2386 singulares
921 2324 946 2371 in
965 2322 1012 2371 hac
1029 2323 1219 2388 coniugatione,
1242 2324 1307 2371 sieut
1323 2332 1347 2370 et
1363 2323 1388 2371 in
1410 2322 1467 2373 aliis
1487 2322 1588 2371 duabus

298 2393 412 2440 eiusdem
430 2391 534 2456 speciei,
552 2400 577 2438 et
593 2390 724 2453 aequalem
742 2389 897 2452 syllabarum
920 2403 1052 2439 numerum
1070 2399 1172 2440 teneant
1189 2402 1214 2439 et
1230 2390 1421 2440 circumllexuut
1440 2404 1541 2455 semper
1563 2392 1586 2438 in

299 2460 385 2508 ultima
396 2460 550 2509 custodiant.
575 2459 656 2523 prima
670 2458 744 2505 etiam
758 2458 862 2521 pluralis
874 2472 888 2506 a
902 2458 1025 2523 singulari
1039 2460 1119 2522 prima
1132 2459 1267 2522 egreditur,
1281 2472 1404 2508 converso
1418 2458 1515 2507 scilieet
1527 2476 1549 2507 ω
1563 2460 1585 2506 in

298 2544 332 2577 ov
345 2526 529 2592 diphthongum
543 2526 642 2574 adiecta
658 2524 756 2589 syllaba
769 2540 831 2588 μοι,
850 2524 923 2591 φιλοῦ
937 2524 1089 2590 φιλοῦμενς
1109 2526 1220 2575 seennda
1232 2526 1338 2591 pluralis
1351 2540 1366 2575 a
1379 2528 1451 2575 tertia
1464 2527 1588 2590 singulari

297 2596 440 2659 additare,
458 2595 541 2659 φιλεῖ
553 2594 675 2657 paleira:
693 2594 767 2641 tertia
784 2608 844 2641 vero
862 2593 965 2658 pluralis
983 2608 997 2642 a
1015 2594 1096 2658 prima
1113 2595 1225 2644 eiusdem
1244 2596 1340 2644 utinteri
1358 2596 1474 2643 nascitur
1491 2604 1586 2643 mutata

298 2679 351 2727 petr
369 2665 394 2712 in
412 2679 449 2725 σι,
467 2661 606 2727 φιλοῦμεν
622 2660 756 2725 φιλοῦσιν
771 2659 801 2724 (l.
817 2660 954 2727 quietior).
980 2663 1018 2711 sic
1035 2662 1111 2725 igitur
1123 2664 1226 2711 verbum
1244 2664 1352 2711 activum
1367 2664 1510 2727 praesentis
1522 2676 1586 2710 tem·

299 2732 367 2796 poris
385 2732 488 2781 iudicati
504 2728 534 2793 (l.
548 2727 690 2793 indicativi)
707 2728 775 2778 modi
793 2729 889 2793 primae
905 2730 1091 2794 coniugationis
1110 2730 1353 2779 eircumlleiibillum
1372 2730 1494 2790 flectitur,
1513 2728 1586 2793 φιλῶ

299 2801 394 2864 φιλεῖς
407 2800 492 2864 φιλεῖ,
506 2798 636 2863 pluraliter
648 2795 789 2861 φιλοῦμεν
802 2798 911 2861 φιλεῖτε
929 2796 1071 2861 φιλοῦσιν.
1096 2797 1193 2863 passini
1206 2812 1306 2861 quoqne
1322 2798 1423 2860 generis
1436 2798 1518 2863 prima
1530 2814 1586 2861 per-

299 2883 362 2916 sona
374 2868 511 2933 singularis
523 2868 555 2915 ab
567 2866 650 2914 activa
662 2867 742 2929 prima
755 2866 877 2928 singulari
890 2865 918 2914 nt
936 2880 1057 2915 converso
1071 2882 1092 2915 ιο
1105 2867 1130 2915 iu
1143 2881 1178 2915 ou
1191 2876 1215 2914 et
1227 2866 1363 2928 adsumpta
1363 2880 1438 2943 ³pou,
1451 2863 1527 2929 φιλῶ
1539 2881 1586 2928 φι-

300 2936 417 3002 λοῦμαιι
435 2934 549 2985 secunda
561 2948 661 2997 semper
673 2934 755 2982 minor
766 2948 817 2981 rina
829 2932 927 2996 syllaba
944 2948 1018 2997 quam
1032 2934 1113 2998 prima
1127 2934 1261 2995 invenitur,
1282 2944 1306 2981 et
1318 2933 1342 2981 in
1355 2949 1410 2998 ητα
1422 2932 1526 2997 desinit,
1541 2948 1586 2995 φι-

300 3002 404 3066 λοῦμαι
423 3001 505 3069 φιλῇς
523 3002 597 3051 ιετιίε
612 3016 672 3051 vero
689 3017 702 3049 a
721 3001 802 3065 prima
819 3000 931 3049 eiusdem
948 3003 1049 3067 generis
1062 3013 1157 3051 mutato
1169 3018 1189 3065 μ
1202 3004 1226 3050 in
1240 3017 1255 3051 τ
1268 3014 1293 3050 ει
1304 2999 1462 3067 diphthongo
1476 3016 1511 3049 cv
1524 3002 1550 3049 in
1563 3016 1586 3051 ει

300 3072 485 3135 diphthongum
506 3084 638 3126 colinense,
661 3067 799 3133 φιλοῦμαι
822 3070 956 3133 φιλεῖται,
982 3084 1132 3134 semperque
1153 3070 1233 3134 prima
1255 3082 1280 3119 et
1300 3070 1371 3117 tertia
1391 3068 1587 3132 aequasyllahae

300 3140 373 3191 liatn.
396 3143 478 3206 prima
494 3152 604 3202 persona
620 3136 725 3202 pluralis
741 3152 757 3184 a
778 3136 857 3199 prima
875 3136 966 3200 plurali
984 3139 1068 3187 activa
1086 3138 1184 3187 abiecta
1202 3154 1218 3188 ο
1236 3150 1260 3187 et
1276 3137 1362 3185 addita
1378 3136 1428 3198 θα,
1440 3138 1535 3197 ubique
1551 3136 1586 3196 lit,

301 3207 441 3273 φιλοῦμεν
455 3196 633 3271 φιλοῦμεθα;
648 3205 760 3253 secunda
771 3203 877 3268 pluralis
887 3206 969 3253 activa
979 3214 1064 3255 movet
1073 3202 1127 3255 ταῦ
1141 3205 1245 3254 ultimae
1256 3220 1318 3255 strae
1331 3206 1355 3253 ic
1366 3203 1454 3269 σίγμα
1464 3204 1586 3268 ethnica,

301 3276 378 3337 litque
394 3278 498 3341 passiva
515 3275 623 3334 φιλεῖτε
637 3273 783 3337 ptirialis:
801 3274 875 3320 tertia
892 3271 995 3336 pluralis
1009 3288 1024 3321 a
1042 3274 1115 3323 tertia
1128 3272 1251 3336 singulari
1264 3274 1366 3338 passiva
1380 3274 1460 3321 oritur
1472 3273 1559 3322 addito
1571 3288 1587 3318 ι

301 3346 332 3392 ad
345 3362 360 3395 τ
373 3358 397 3392 et
414 3343 568 3409 paenultima
586 3343 680 3406 primae
696 3355 820 3405 personae
838 3340 975 3404 singularis
988 3350 1096 3399 servata,
1110 3341 1236 3405 φιλεῖται
1250 3338 1412 3405 φιλοῦνται.
1437 3341 1514 3405 igitur
1526 3354 1585 3405 pas-

300 3414 349 3462 sivi
364 3414 433 3461 verbi
450 3412 585 3460 declinatio
603 3410 640 3457 sie
657 3420 707 3458 est:
726 3405 865 3472 φιλοῦμαι
883 3406 951 3474 φιλῇ
969 3410 1104 3472 φιλεῖται,
1122 3409 1251 3473 pluraliter
1269 3403 1435 3472 φιλοῦμεθα
1453 3407 1587 3471 φιλεῖσθε

301 3480 460 3543 φιλοῦνται.
