3350 5442
601 320 839 435 cobubbvvu
862 323 865 329 ’
1307 322 1366 386 151

1182 444 1203 484 p.
1218 433 1306 473 tta-ts
1320 432 1341 471 L.

80 512 142 594 quid
171 520 222 573 aut
248 511 368 579 minuit,
398 516 429 570 et
456 510 512 570 boc
541 510 638 589 ipsum
666 508 745 589 quod
768 511 876 570 minuit
902 510 1081 572 adsensum
1104 522 1206 590 auget,
1234 519 1368 574 ceterum

79 614 110 677 ad
131 632 237 675 souum
260 613 375 673 minuit.
422 620 455 673 ut
474 618 545 691 puta
567 610 672 673 doetus
694 611 808 671 doctior
830 612 1030 673 doctissimus:
1054 631 1124 673 ecee
1147 614 1195 675 bic
1218 615 1307 675 auxit.
1339 622 1369 675 et

77 720 142 778 item
169 715 277 777 stultus
303 713 419 773 stultior
446 712 652 783 stultissimus
681 714 788 789 minuit
810 716 910 793 quasi,
934 714 985 775 sed
1009 720 1106 775 ιειεεε
1131 734 1164 775 rc
1186 734 1253 776 vera
1277 717 1365 777 auxit.

78 826 103 879 et
121 819 146 878 si
169 817 251 878 dicas
278 834 391 896 pauper
417 817 578 895 pauperior
608 813 673 896 [qui
695 817 767 877 satis
790 812 794 896 l
818 816 916 877 miuus
938 814 1040 897 babet]
1063 819 1286 897 pauperrimus,
1310 820 1364 879 mi-

56 921 135 981 snuit
162 918 299 999 quidem,
327 918 378 979 sed
406 926 505 979 tamen
533 919 624 979 auxit.
670 936 687 979 ε
714 919 864 979 contrario
892 915 979 997 plane
1006 918 1086 999 quod
1108 919 1157 979 bic
1179 938 1238 979 non
1261 918 1363 991 babes,

77 1022 127 1081 boc
148 1023 228 1082 scire
250 1020 356 1090 debes,
380 1020 439 1079 boc
461 1038 521 1081 nou
543 1020 618 1081 dixit
638 1020 784 1091 Donatus,
808 1019 887 1100 quod
911 1038 1011 1082 verum
1035 1028 1088 1081 est.
1123 1028 1151 1081 ει
1173 1023 1230 1081 iam
1254 1021 1363 1083 lectum

77 1131 117 1185 est
136 1124 195 1184 boc
217 1122 309 1191 male:
333 1128 431 1183 tamam
453 1140 573 1183 servare
594 1120 746 1183 debemus.
778 1122 847 1202 quid
872 1123 949 1182 enim
973 1120 1059 1183 nobis
1081 1122 1175 1193 obest,
1199 1142 1266 1184 cum
1290 1126 1363 1185 scia·

75 1246 152 1296 mus,
177 1224 247 1312 quid
270 1223 433 1285 debeamus
455 1224 578 1285 caveret
606 1206 832 1293 omnia'vcrba,
855 1241 930 1303 quac
952 1224 1126 1285 naturaliter
1147 1244 1201 1305 per
1223 1244 1255 1285 εε
1276 1224 1363 1305 plena

74 1335 151 1399 suot,
177 1345 236 1388 non
260 1326 370 1387 debent
391 1327 534 1407 accipere
550 1327 802 1405 conparationem.
837 1343 906 1386 uam
928 1326 1075 1406 incipiunt
1097 1345 1242 1389 essenon
1265 1325 1361 1406 plena.

45 1430 198 1491 ostentm
227 1429 280 1491 das
306 1428 563 1509 conparationem,
592 1446 652 1487 nou
681 1434 752 1489 sunt
772 1426 869 1506 plena.
914 1427 1064 1507 perlectus
1086 1431 1136 1509 qui
1158 1429 1282 1500 dicitur,
1306 1432 1362 1491 nisi

75 1535 118 1593 cui
139 1530 213 1593 nibil
237 1530 338 1592 deest?
360 1532 386 1592 si
401 1530 550 1609 acceperit
564 1532 820 1608 conparationem,
844 1529 1005 1608 perfectior
1020 1532 1262 1609 perfectissimus
1287 1531 1362 1592 male

75 1636 204 1695 dicimus.
248 1652 305 1713 qua
326 1632 460 1695 ratione?
489 1632 571 1709 quia,
595 1634 622 1692 si
643 1630 753 1693 dixeris
775 1633 847 1692 ‘iste
867 1632 1021 1711 perlectus
1043 1641 1101 1701 est,
1125 1634 1182 1694 iste
1203 1634 1363 1713 perfectior
1459 1622 1461 1629 ⁴

74 1741 139 1807 est',
163 1737 235 1797 dum
257 1736 362 1815 incipit
383 1735 438 1794 iste
460 1752 528 1794 esse
547 1733 724 1813 perfectior,
749 1732 799 1793 ille
821 1734 879 1793 iam
902 1736 1054 1814 perlectus
1076 1754 1135 1795 uon
1159 1736 1230 1803 crit:
1258 1737 1284 1795 si
1305 1736 1361 1796 istc

74 1839 316 1919 perfectissimus,
345 1835 396 1897 illc
422 1836 584 1916 perfectior
610 1854 669 1897 uon
699 1837 763 1897 erit.
809 1835 901 1897 babes
928 1834 984 1898 boc
1011 1840 1041 1896 iu
1070 1838 1190 1917 antiquo
1224 1844 1362 1898 tractatu.

44 1954 63 1992 1⁵
74 1940 159 2001 debes
189 1958 261 2018 ergo
288 1937 379 2000 verba
408 1956 456 2007 ea,
485 1955 559 2015 quae
589 1937 761 1999 naturaliter
788 1956 843 2017 per
865 1956 897 1998 ss
924 1936 1011 2017 plena
1034 1946 1116 2008 sunt,
1141 1958 1199 1999 nou
1223 1938 1360 1999 subicere

73 2043 285 2122 cooperationi,
316 2059 368 2110 ne,
399 2040 469 2101 dum
491 2042 534 2101 ris
555 2039 663 2120 aliquid
687 2058 810 2120 augere,
840 2058 1016 2118 corrumpas
1037 2039 1117 2102 illam
1141 2041 1285 2101 rationem
1308 2058 1360 2101 ua·

73 2144 202 2205 turalem.
227 2144 232 2224 Ι

150 2246 322 2318 Quaesitum
345 2251 392 2306 est
413 2245 450 2306 de
472 2245 545 2324 ipsis
567 2244 721 2324 gradibus,
746 2252 818 2325 quot
841 2254 941 2305 essent
962 2244 1079 2323 gradus.
1117 2242 1200 2305 multi
1223 2244 1361 2305 dixerunt
1372 2253 1461 2315 tots

72 2358 141 2419 tres,
171 2346 258 2409 multi
285 2354 433 2427 quattuor.
479 2348 529 2427 qui
556 2347 658 2408 dicunt
684 2354 761 2417 tres,
795 2348 834 2408 ita
864 2347 978 2417 dicunt,
1007 2348 1149 2426 positivus
1172 2353 1217 2408 est
1245 2347 1358 2417 doctus

41 2451 274 2530 ucouparativus
296 2457 340 2509 est
361 2449 491 2520 doctior,
515 2448 712 2529 superlativus
734 2457 779 2509 est
800 2450 996 2510 doctissimus.
1027 2450 1076 2528 qui
1093 2447 1195 2509 dicunt
1210 2455 1358 2529 quattuor,

71 2552 247 2621 indicunt,
275 2552 418 2632 positivus
441 2559 487 2611 est
509 2549 626 2621 doctus,
655 2553 863 2631 conparativus
887 2557 932 2611 est
957 2558 1017 2612 tam
1041 2550 1158 2621 doctae,
1182 2549 1360 2630 praelativus

71 2662 112 2713 εει
132 2652 263 2724 doctior,
293 2651 489 2733 superlativus
518 2661 563 2713 est
591 2653 786 2714 doctissimus.
832 2652 910 2714 unde
931 2654 985 2713 ista
1008 2661 1075 2713 nata
1099 2660 1145 2713 est
1166 2651 1359 2730 ambiguitas?

69 2755 231 2827 rideamus,
261 2773 337 2834 quae
364 2774 414 2816 res
440 2756 539 2835 potior
567 2761 622 2815 εει.
668 2762 735 2815 nata
763 2762 808 2815 cst
835 2752 1009 2833 ambiguitas
1033 2774 1066 2814 ex
1090 2753 1145 2815 bac
1167 2774 1214 2816 re:
1245 2754 1287 2815 illi
1309 2757 1360 2832 qui

70 2858 167 2919 dicunt
195 2866 337 2936 quattuor
365 2874 430 2917 esse
457 2856 566 2935 gradus
594 2856 652 2917 boc
680 2856 797 2927 dicunt,
827 2876 887 2917 non
915 2863 1014 2936 potest
1040 2858 1105 2918 lieri
1129 2865 1162 2917 ut
1184 2857 1299 2917 doctior
1321 2858 1360 2917 sit

40 2962 281 3040 acceparativus.
318 2978 374 3039 qua
396 2958 530 3020 ratione?
552 2959 634 3037 quia,
657 2959 682 3019 si
704 2960 912 3037 conparativus
939 2966 1029 3029 esset,
1054 2948 1231 3040 conpararet
1252 2961 1358 3039 potius,

69 3080 123 3122 uon
156 3063 335 3143 praeterret.
378 3061 446 3122 ideo
480 3062 558 3122 eninr
592 3060 700 3122 dicitur
732 3062 916 3139 conparatio,
951 3060 988 3121 ab
1023 3080 1057 3121 co
1090 3060 1170 3141 quod
1206 3068 1357 3141 conparet.

70 3164 185 3243 quando
206 3164 334 3225 dicimus
356 3163 486 3233 doctior,
510 3182 569 3223 uon
594 3170 639 3225 εει
660 3164 848 3241 conparatio,
877 3162 929 3223 scd
951 3162 1103 3244 praelatio.
1149 3182 1216 3225 nam
1240 3163 1359 3243 quaudo

69 3265 130 3326 dico
152 3266 288 3328 ‘doctior
316 3266 372 3325 iste
394 3264 432 3325 ab
453 3266 536 3335 isto’,
566 3282 626 3325 non
649 3263 749 3325 videor
771 3282 948 3344 conparare,
979 3266 1031 3327 scd
1054 3266 1207 3345 praelorre
1229 3284 1359 3327 sensum.

69 3386 123 3446 quo
151 3367 243 3430 modo
272 3385 345 3446 ergo
373 3364 516 3428 debemus
544 3366 644 3427 dicere
671 3366 785 3428 doctior
811 3364 1006 3446 praelativum
1035 3370 1117 3429 esse?
1154 3366 1237 3448 [quia
1268 3366 1359 3429 babet

41 3488 189 3531 εεεεεεεε
217 3468 386 3551 praelatiri]
416 3471 485 3550 quia
507 3468 596 3529 babet
617 3488 738 3530 sensum
760 3471 958 3549 praeferentis
980 3478 1009 3532 et
1030 3468 1097 3549 plus
1120 3468 1229 3550 aliquid
1251 3468 1357 3531 dantis.

66 3572 130 3633 ideo
153 3591 227 3651 ergo
249 3573 352 3633 dicunt
372 3591 432 3633 uon
456 3590 521 3632 esse
544 3566 549 3649 Ι
573 3572 811 3651 conparativum,
834 3578 868 3631 ut
881 3572 918 3632 sit
938 3572 1081 3651 positivus
1103 3570 1221 3641 doctus,
1244 3578 1357 3633 utnon

69 3676 103 3735 sit
129 3676 340 3755 conparativus
368 3673 498 3743 doctior,
528 3672 580 3733 scd
602 3672 791 3754 praelativus.
837 3680 867 3734 ει
888 3674 940 3754 qui
963 3674 1020 3733 crit
1042 3674 1265 3753 conparativus?
1302 3674 1357 3734 iste
1393 3680 1397 3689 “

69 3778 207 3854 positivus
230 3795 297 3837 cum
320 3784 394 3846 tam,
419 3783 453 3836 ut
473 3778 512 3837 sit
532 3777 675 3856 positivus
698 3774 815 3846 doctus,
841 3776 1047 3855 conparativus
1068 3781 1128 3835 tam
1152 3774 1265 3835 doctus.
1290 3794 1356 3836 nam

70 3879 184 3957 quando
209 3877 277 3938 dico
300 3884 379 3939 ‘tam
402 3878 506 3940 doctus
527 3878 577 3939 bic
598 3897 687 3958 quarn
709 3875 787 3949 ille’,
810 3896 869 3939 nou
892 3877 994 3938 videor
1017 3874 1140 3939 alterum
1164 3876 1249 3938 alteri
1270 3895 1357 3955 prae·

45 3982 158 4051 ειιεεεε,
184 3980 238 4042 sed
260 3981 344 4060 quasi
365 3989 525 4061 utrumque
547 3998 725 4061 conparare,
751 3987 782 4040 ut
803 3981 842 4040 sit
863 3980 1068 4061 conparativus
1090 3987 1148 4039 tam
1172 3979 1283 4047 doctus,
1306 3976 1357 4039 ille

70 4086 113 4161 qui
146 4082 217 4163 plus
250 4084 333 4143 novit
367 4081 533 4163 appelletur
565 4083 763 4143 doctissimus.
809 4081 867 4143 boc
894 4082 1012 4162 quidem
1041 4080 1113 4151 dixi,
1143 4080 1195 4142 scd
1224 4097 1283 4141 non
1312 4088 1358 4140 est

72 4202 175 4247 vemm.
221 4194 281 4246 tam
309 4183 387 4247 bona
413 4186 505 4254 ratio,
536 4193 595 4246 tam
622 4185 706 4246 firma
734 4192 834 4245 tamcn
861 4202 931 4245 vera
960 4203 1019 4244 non
1048 4191 1101 4245 est.
1145 4181 1224 4243 unde
1246 4179 1356 4261 probas

7 4309 9 4318 ·
73 4288 206 4365 quoniam
229 4305 298 4347 vera
321 4305 382 4347 nou
405 4288 467 4347 est?
488 4288 629 4367 positivus
652 4294 697 4348 est
718 4286 839 4357 doctus,
863 4287 1070 4366 conparativus
1093 4293 1139 4346 est
1159 4291 1218 4345 tarn
1241 4283 1356 4345 doctus.

130 4477 146 4524 4
171 4476 218 4539 qui
243 4475 306 4524 satis
329 4476 413 4523 miuus
436 4473 539 4537 (minuit
562 4490 630 4527 corr,
657 4474 741 4523 minus
760 4472 798 4536 B)
820 4474 898 4523 babet
918 4474 955 4524 ud
972 4471 1148 4535 explicandum
1165 4472 1357 4533 comparativum

74 4544 203 4609 pauperior
220 4546 353 4609 adscripta
365 4560 421 4594 eree
438 4545 554 4595 uideatur
622 4546 640 4597 6
657 4544 699 4592 bic
718 4560 768 4593 non
787 4544 852 4593 dixit
872 4544 982 4595 Donatus
1001 4543 1069 4606 quod
1086 4557 1173 4591 verum
1192 4552 1238 4592 est.
1258 4542 1355 4593 etiamsi

73 4614 156 4663 lectum
174 4624 216 4664 est
233 4615 417 4665 Kluaemannus
430 4614 520 4666 Pauor.
537 4632 560 4666 u.
580 4614 625 4663 xtt
643 4620 680 4672 ιε.
698 4615 776 4673 1851)
795 4630 819 4678 p.
836 4613 886 4665 591
960 4614 992 4664 12
1009 4614 1066 4675 quia
1085 4610 1116 4677 si]
1134 4613 1206 4676 quusi
1225 4612 1246 4659 si
1263 4612 1287 4661 Α

74 4682 100 4731 13
122 4700 171 4733 εεε
201 4686 248 4734 erit
270 4686 292 4735 si
321 4700 379 4735 esse
398 4685 601 4749 perfectissimus
624 4684 707 4734 ABG
775 4687 808 4734 ‘28
833 4684 931 4733 doctior
952 4692 991 4733 est
1014 4684 1061 4731 iste
1087 4682 1107 4732 G
1173 4681 1290 4732 uldeoG

73 4752 287 4869 {ipraelatirmm
305 4769 363 4805 eree
385 4755 429 4817 qui
448 4755 523 4805 babet
546 4770 649 4803 sensum
677 4752 825 4819 (praelatiui
853 4755 895 4818 qui
919 4753 995 4803 babet
1021 4766 1123 4802 sensum
1144 4752 1206 4804 add.
1225 4749 1256 4815 a)
1283 4768 1355 4819 prae-

83 4826 169 4874 mentis
185 4824 212 4873 A
