3350 5442
879 197 885 228 l

302 346 366 410 636
853 342 1034 405 utcuosstt

342 483 349 495 .
362 456 453 495 ιιι-ω
466 452 494 492 v.

301 467 418 613 qdoque
441 533 516 607 solet
537 533 682 611 disquiri,
710 550 748 591 an
775 539 890 590 temere
920 538 950 589 ct
977 537 1010 589 ut
1031 530 1092 589 sors
1114 530 1219 591 tulerit
1239 528 1365 591 alterum
1393 529 1481 589 alteri
1512 547 1594 607 prae-

300 652 458 715 ponamus,
487 643 538 694 aut
559 637 599 694 sit
620 634 719 713 aliqua
742 633 818 693 ratio
840 650 916 711 quae
938 630 1000 691 illis
1022 631 1100 691 bunc
1123 632 1260 693 ordinem
1281 634 1470 711 imposuerit.
1499 639 1531 689 et
1553 632 1595 689 in-

301 740 420 798 venitur
441 756 500 797 non
523 738 588 795 sine
611 754 699 795 causa
722 753 758 794 eo
780 742 868 813 pacto
891 734 984 794 luisse
1000 734 1140 811 digestos.
1164 752 1232 793 nam
1248 752 1325 794 uuus
1346 736 1476 813 quisque
1491 750 1596 792 eorum

299 842 329 899 in
353 841 446 900 activa
468 838 513 899 vel
536 840 651 917 passiva
674 837 882 905 declinatione,
911 844 1000 915 prout
1022 838 1120 896 minus
1149 835 1287 899 babuerit
1309 837 1435 895 actionis
1459 834 1507 894 vel
1530 853 1595 913 pas·

207 954 288 1008 611,1
305 944 408 1010 sionis,
433 944 475 1001 ita
497 942 644 1019 posterior
666 941 733 999 erit.
778 940 877 1016 itaque
900 937 1088 1007 indication,
1109 940 1160 1017 qui
1184 936 1276 997 habet
1290 936 1544 998 absolutissimam
1567 952 1620 995 aro

299 1045 462 1121 perfectam
491 1042 527 1101 de
556 1061 589 1100 re
622 1060 696 1120 qnae
730 1042 828 1117 agitur
856 1040 1142 1117 pronuntiationem,
1177 1042 1285 1099 merito
1313 1042 1444 1118 primum
1479 1038 1595 1099 obtinet

298 1145 437 1222 gradum:
462 1163 528 1204 nam
551 1145 602 1223 qui
626 1143 700 1202 dicit
720 1144 825 1220 pingo,
856 1144 950 1220 ipsam
978 1144 1125 1220 picturam
1153 1160 1169 1200 a
1195 1138 1199 1218 l
1223 1159 1255 1200 se
1283 1143 1342 1201 iam
1372 1142 1438 1201 sieri
1473 1140 1595 1200 demon-

297 1254 388 1316 strat;
416 1248 467 1325 qui
495 1264 566 1304 vero
595 1245 704 1304 dixerit
732 1246 832 1322 pinge,
862 1245 1043 1322 imperatui
1066 1244 1115 1302 liat
1138 1244 1265 1321 pictura,
1288 1261 1347 1303 non
1370 1244 1429 1303 iam
1453 1260 1522 1303 esse
1545 1242 1595 1301 de·

297 1350 409 1424 siguat;
434 1355 464 1406 et
485 1349 536 1425 qui
561 1347 799 1426 pronuntiaverit
820 1347 935 1405 utinam
956 1346 1121 1423 pingerem,
1145 1352 1247 1404 votum
1267 1343 1326 1404 sibi
1350 1362 1384 1403 ac
1405 1344 1594 1405 desiderium

297 1450 392 1509 arlbuc
421 1447 533 1508 iudicat
561 1464 626 1507 esse
654 1448 813 1526 pingendi;
846 1448 898 1525 qui
921 1446 994 1506 dicit
1016 1465 1084 1506 cum
1106 1448 1235 1525 pingam,
1259 1448 1383 1525 pingere
1406 1465 1439 1507 se
1463 1447 1592 1507 ostendit
1607 1462 1627 1497 ιε’·

296 1550 352 1611 sub
375 1550 559 1609 condicionis
581 1552 712 1619 incerto;
734 1551 786 1628 qui
808 1551 943 1628 pingere,
967 1547 1041 1608 nihil
1065 1548 1160 1609 adhue
1183 1550 1231 1626 agi
1253 1568 1290 1607 ex
1313 1550 1376 1627 ipsa
1399 1550 1521 1628 pictura
1544 1548 1593 1608 de-

296 1660 450 1711 monstrat.
487 1652 559 1711 illud
582 1670 699 1770 quoqpe
722 1650 883 1711 indicativo
906 1641 1013 1710 detulit
1035 1652 1246 1729 principatum,
1269 1650 1346 1729 quod
1364 1668 1400 1709 ex
1423 1650 1482 1709 hoc
1503 1650 1591 1710 verba

295 1754 353 1813 alia
382 1754 568 1823 derivantur,
596 1746 718 1812 uideni
744 1752 807 1812 τοῦ
836 1752 903 1828 lego
931 1751 1058 1811 lecturio
1084 1752 1161 1812 lecto
1189 1751 1306 1820 lectito,
1335 1744 1402 1811 ἀπὸ
1423 1752 1487 1811 τοῦ
1511 1752 1592 1811 caleo
1668 1808 1669 1851 ρ

295 1856 423 1925 calesco,
454 1874 589 1935 quaeque
612 1856 699 1915 liuius
720 1854 799 1914 modi
829 1860 915 1922 sunt;
945 1862 974 1911 et
1003 1855 1072 1971 quia
1100 1855 1219 1913 nomina
1247 1871 1365 1933 quoque
1390 1853 1533 1913 verbialia
1555 1872 1590 1913 ex
1668 1854 1669 1949 l

295 1957 350 2017 boc
366 1959 509 2027 orientur,
533 1965 566 2016 ut
587 1946 653 2016 dard
673 1955 735 2057 τρῦ
756 1962 843 2014 cauto
866 1962 978 2023 cantor,
1002 1948 1068 2014 άπὸ
1090 1954 1152 2016 τοῦ
1173 1955 1232 2031 legi
1254 1955 1312 2025 lex,
1335 1948 1402 2015 άπὸ
1423 1954 1487 2015 τοῦ
1510 1958 1622 2033 persio
1668 1952 1669 2033 l

294 2060 485 2137 parsimonia.

176 2173 278 2228 sinae
380 2160 528 2220 Personas
545 2161 672 2221 easdem
705 2178 779 2239 qvtas
807 2160 915 2219 Graeci
950 2158 1132 2238 totidemque
1154 2162 1280 2239 suscipit
1308 2160 1438 2220 naturali
1461 2162 1587 2220 rationo.
1668 2146 1669 2193 l

294 2265 391 2322 omnis
418 2264 498 2322 enirn
529 2280 627 2322 sermo
656 2260 693 2321 ab
721 2261 820 2340 aliquo
843 2260 879 2319 ad
915 2268 1102 2339 praesentem
1125 2261 1170 2321 vel
1203 2261 1239 2321 de
1261 2280 1294 2321 se
1322 2262 1451 2321 invicem
1473 2262 1520 2322 vel
1551 2262 1587 2319 de

293 2364 388 2424 altero
410 2363 545 2425 babetur.
589 2364 656 2424 ideo
678 2371 776 2423 autem
799 2364 926 2443 primam
949 2362 1077 2422 dicimus
1099 2380 1174 2442 quae
1191 2362 1331 2442 loquitur,
1355 2364 1505 2443 quoniam,
1529 2366 1585 2423 uisi

293 2467 384 2526 luerit
412 2485 428 2525 a
455 2483 514 2545 quo
543 2484 597 2526 vox
625 2466 849 2543 proficiscatur,
878 2482 937 2523 non
965 2466 1024 2525 erit
1049 2465 1101 2544 qui
1124 2464 1161 2524 de
1184 2482 1216 2524 se
1238 2464 1284 2525 vel
1312 2464 1348 2525 de
1377 2466 1471 2526 altero
1492 2468 1618 2545 possit*t

293 2568 406 2627 audire.
451 2568 488 2627 de
515 2568 649 2628 numeris
676 2586 747 2627 vero
769 2566 952 2645 superfluum
982 2566 1078 2645 loqui,
1108 2584 1176 2627 oum
1198 2564 1264 2645 plus
1286 2585 1376 2646 quarn
1398 2570 1583 2628 notissimum

291 2672 332 2729 sit
353 2670 469 2729 dualem
497 2688 533 2729 ex
560 2666 620 2729 illis
647 2687 732 2729 usum
761 2670 912 2747 respuisse
936 2686 1104 2737 romanum,
1139 2686 1194 2727 nec
1216 2670 1337 2729 omuino
1361 2688 1463 2730 vocem
1494 2670 1582 2730 ullam

291 2772 368 2852 apud
392 2772 459 2832 illos
480 2790 568 2850 posse
591 2773 728 2849 reperiri,
751 2789 827 2850 quae
850 2770 1019 2831 dualitatem
1042 2771 1191 2830 contineat
1213 2778 1333 2849 praeter
1355 2771 1414 2830 duo
1437 2779 1467 2831 et
1487 2770 1583 2831 ambo.

292 2876 424 2953 itemquo
448 2876 556 2933 rnerito
577 2872 740 2952 utrubique
762 2892 778 2932 a
802 2872 1008 2949 singularitate
1031 2872 1202 2952 incipimus.
1239 2874 1264 2931 si
1287 2874 1367 2932 enim
1390 2875 1487 2933 omnis
1509 2873 1583 2933 mul·

292 2975 387 3035 titudo
410 2994 446 3033 ex
469 2974 595 3052 siugulis
617 2983 741 3044 constat,
765 2983 846 3034 recto
864 2976 963 3035 unitas
978 2974 1140 3053 praecedit,
1164 2976 1300 3053 sequitur
1322 2974 1515 3053 populositas.
1593 2988 1615 3025 ω

173 3094 274 3152 osaea
377 3076 522 3155 Superest
549 3086 581 3137 ut
608 3076 644 3137 dc
672 3079 778 3153 figuris
804 3076 915 3155 aliquid
942 3076 1137 3143 disseramus,
1168 3094 1244 3153 quae
1271 3094 1340 3136 cum
1361 3077 1482 3137 eaedem
1505 3077 1581 3157 apud

290 3187 432 3258 utrosque
459 3180 661 3257 reperiantur,
690 3197 747 3238 non
778 3178 853 3238 nitul
881 3186 980 3238 tamen
1008 3177 1190 3257 peculiarius
1217 3175 1329 3237 habere
1357 3186 1519 3239 noscuntur
1551 3181 1580 3239 in

289 3279 555 3360 conpositionibus.
600 3280 728 3359 donique
761 3288 832 3340 sunt
858 3278 1002 3359 quaedam
1030 3297 1106 3359 quae
1134 3286 1257 3357 possunt
1292 3278 1338 3361 ad·
1361 3279 1580 3359 simplicitatem

289 3385 414 3451 reverti,
442 3392 477 3441 ut
504 3382 636 3441 ‹listrabo
663 3390 783 3461 repoto;
813 3392 883 3442 sunt
904 3399 978 3461 quae
1001 3382 1122 3440 minime
1145 3388 1275 3459 possunt,
1305 3389 1337 3441 ut
1359 3384 1491 3461 suspicio
1513 3402 1580 3443 cou-

289 3485 402 3563 plector
423 3484 594 3563 amplector.
638 3483 729 3544 multa
756 3492 823 3563 post
844 3485 1076 3562 conpositionem
1093 3482 1219 3543 admissa
1243 3490 1321 3551 suut,
1343 3501 1411 3543 cum
1434 3485 1613 3564 simpliciam

288 3604 347 3645 non
370 3594 470 3646 essent
492 3594 621 3665 recepta,
644 3594 677 3646 ut
698 3586 793 3645 lacior
814 3603 882 3646 cum
904 3588 1028 3645 minime
1050 3584 1167 3645 dicatur
1196 3582 1244 3663 (ab
1272 3604 1307 3645 co
1330 3587 1410 3645 enirn
1436 3588 1514 3665 quod
1537 3595 1580 3647 est

288 3688 365 3748 lacio
388 3691 536 3767 passivum
553 3707 610 3747 non
633 3689 728 3747 lacior
750 3689 840 3756 venit,
864 3688 917 3747 sed
939 3689 978 3749 lio
992 3687 1026 3747 sis
1042 3685 1095 3767 ut),
1119 3694 1216 3746 taruen
1240 3687 1360 3748 adlicior
1375 3688 1496 3749 reficior
1511 3708 1578 3749 con·

287 3792 371 3850 licior
398 3793 510 3869 optime
539 3790 664 3860 dicitur,
693 3798 724 3850 ct
751 3808 817 3849 cum
845 3806 937 3867 grego
966 3789 1089 3850 latinum
1121 3806 1179 3847 nori
1203 3790 1255 3857 sit,
1285 3806 1410 3867 segrego
1433 3810 1579 3869 congrego

287 3892 415 3970 adgrego
446 3893 618 3952 suavissimo
641 3892 759 3951 dicitur.
805 3891 884 3970 apud
907 3891 1036 3951 Graecos
1060 3907 1264 3969 quaecumque
1287 3908 1354 3951 cum
1385 3895 1577 3972 praepositio·
1668 3910 1669 3969 l

286 3993 375 4053 nibus
401 4002 609 4074 conponuntur
631 4012 790 4073 numquam
819 3998 1066 4071 corrumpuntur,
1096 3998 1128 4051 ut
1155 3998 1201 4050 est
1227 3988 1349 4071 γράφω
1379 3989 1611 4074 περιγράφωιι

246 4147 251 4156 ,
286 4090 502 4175 καταγράφω,
535 4092 648 4175 βάλλω
670 4092 861 4175 περιβάλλει
884 4090 1082 4173 καταβάλλω
1104 4084 1323 4171 άμφιβάλλω,
1350 4087 1421 4173 άγω
1445 4093 1578 4175 συνάγω

285 4190 403 4273 άπάγω
426 4196 430 4277 l
448 4192 553 4276 διάγω
568 4193 719 4279 προάγω,
742 4194 836 4277 φέρω
852 4190 1013 4276 προφέρω
1028 4188 1186 4274 διαφέρω
1208 4186 1380 4275 ἀναφέρω,
1409 4197 1500 4277 φιλῶ
1518 4219 1579 4258 κα-

285 4299 433 4379 ταφιλιό;
461 4301 532 4379 quin
560 4303 650 4360 immo
677 4298 949 4379 praepositionibus
976 4315 1064 4377 saepe
1086 4299 1239 4373 corruptis
1260 4298 1353 4359 nihilo
1383 4302 1482 4360 minus
1504 4303 1577 4361 inta-

285 4403 394 4461 minata
418 4401 589 4479 perdurant,
613 4397 700 4478 λέγω
717 4395 882 4479 συλλέγω,
905 4394 999 4480 φέρω
1016 4393 1190 4479 συμφέρω,
1214 4392 1303 4478 δέρω
1323 4395 1463 4481 tettae,
1486 4398 1577 4481 φέρω

351 4693 382 4739 21
400 4689 470 4755 eum]
488 4705 544 4737 eum
559 4689 583 4738 B
652 4692 685 4739 23
702 4690 850 4739 rontinatB
919 4687 1263 4753 24itemquolvtqnodell
1333 4692 1365 4741 26
1382 4692 1486 4741 eaedem
1502 4692 1578 4742 Ianus

285 4759 374 4806 eadem
392 4758 417 4807 B
486 4760 520 4808 29
537 4758 650 4822 suspicio
667 4774 725 4807 ecee.
744 4760 806 4808 Pur.
824 4758 938 4822 suscipio
956 4758 981 4807 B
1049 4762 1083 4809 33
1102 4756 1193 4822 grego]
1213 4774 1288 4821 greco
1305 4756 1331 4807 B
1400 4762 1433 4811 38
1455 4762 1578 4826 corruptis

285 4842 331 4875 οιιι.
345 4826 382 4875 Β;
396 4825 523 4891 corruptis
536 4826 719 4873 nibilomious'
713 4828 864 4875 intaminata
878 4828 955 4875 verba
967 4826 1107 4892 perdurant
1117 4829 1224 4877 coniecit
1241 4828 1327 4877 editor
1343 4828 1547 4879 l'e'aatabnmete
