3350 5442
589 353 824 416 conuuuvvn
1312 347 1377 415 265

1191 472 1213 514 p.
1225 461 1315 502 878-80
1328 459 1352 500 l..

82 540 150 601 dico
173 543 242 619 ‘ego
264 548 294 602 ιι
316 549 347 603 ιιι
369 545 495 611 eamus’‚
520 539 589 602 tolle
610 540 680 601 inde
703 547 741 610 et,
766 548 795 602 ιι
817 541 976 612 videamus,
1000 543 1025 603 si
1048 548 1107 602 stat
1126 559 1242 602 seusus.
1285 558 1375 621 quae·

81 639 175 724 citur}
210 661 269 722 quo
297 642 363 705 loco
391 641 592 705 detrahendae
621 652 691 705 sunt
718 645 953 706 coniunctiones.
996 663 1056 706 non
1084 643 1209 724 ubique,
1238 643 1291 704 sed
1324 641 1375 704 illo

81 745 150 806 loco
173 744 370 808 detrahunttu
391 747 630 816 coniunctiones
654 743 705 806 ubi
726 764 796 825 pars
818 744 932 808 sublata
954 765 1015 808 uon
1037 745 1123 808 obest
1144 745 1222 826 parti
1243 743 1374 807 relictae.

4 845 6 856 ’
81 847 140 908 hoc
162 855 264 910 autem
286 865 347 909 non
369 848 513 927 contingit
533 848 591 909 nisi
612 847 643 908 in
665 846 812 910 sensibus.
843 856 970 930 possunt
991 850 1070 911 enim
1091 853 1233 930 quattuor
1245 849 1378 929 quinque

57 964 150 1012 nesse
173 967 288 1020 seusus,
313 956 342 1010 et
364 942 561 1012 uno'remoto
582 957 709 1030 possunt
729 957 816 1012 stare.
861 950 952 1013 verba
974 959 1072 1014 autem
1094 953 1118 1012 si
1139 950 1253 1012 luerint
1267 959 1297 1012 et
1317 969 1377 1012 noo

80 1053 195 1114 luerint
216 1069 338 1123 conexa,
362 1069 422 1113 noo
445 1058 503 1114 stat
526 1051 662 1114 elocutio.
696 1053 736 1114 ita
758 1053 791 1114 fit
812 1061 846 1113 ιιι
866 1053 895 1114 iu
917 1051 1041 1133 sipgulls
1064 1051 1253 1116 sermonibus
1273 1071 1378 1116 oeces-

81 1156 160 1216 saria
182 1156 222 1216 sit
241 1154 278 1216 ad
300 1156 495 1217 concitionem
518 1155 695 1217 coniunctio.
739 1155 770 1215 in
794 1172 885 1216 sensu
912 1163 1011 1217 autem
1040 1173 1100 1217 oon
1128 1173 1247 1235 semper
1274 1173 1377 1218 ncces

81 1259 160 1320 saria
184 1263 229 1320 est
251 1257 428 1326 coniunctio,
453 1255 505 1318 sed
528 1258 553 1319 si
576 1258 633 1333 vis,
658 1262 743 1336 potes
766 1275 894 1336 ponere,
916 1259 943 1318 si
964 1258 1015 1328 vis,
1044 1275 1113 1319 oon.
1157 1264 1255 1338 potest
1273 1258 1278 1336 Ι
1298 1259 1377 1320 enim

81 1361 287 1440 pronuntiatio
309 1359 372 1438 ipsa
396 1360 459 1420 vice
479 1359 563 1438 iungi
586 1360 812 1420 coniunctionis.
855 1361 899 1420 vis
926 1361 1004 1422 scire
1025 1361 1164 1439 quonlam
1193 1377 1300 1422 sensus
1321 1359 1379 1422 hoc

47 1463 173 1524 relaciti
203 1470 341 1543 perverto
362 1462 468 1542 ipsum·
483 1478 614 1530 sensum,
637 1469 667 1522 ιι
688 1460 753 1522 ιίιιι
776 1462 845 1540 quia
866 1468 937 1532 stat,
961 1461 1050 1523 ‘lerte
1071 1461 1139 1534 tela,
1163 1460 1231 1524 date
1256 1461 1378 1532 faculas,
1442 1481 1448 1489 ·

82 1565 135 1626 citi
158 1563 285 1626 classem
307 1564 484 1625 ascendite’:
515 1580 575 1624 non
597 1565 662 1644 ipso
685 1562 790 1625 ordine
811 1562 888 1634 dixi,
915 1582 974 1644 quo
996 1563 1157 1643 Vergilius,
1182 1564 1236 1626 sed
1257 1562 1326 1636 alio,
1349 1573 1380 1626 et

82 1677 185 1728 umen
201 1673 267 1728 stat.
307 1667 473 1743 quaesitum
498 1671 544 1727 est
566 1667 644 1728 enim
666 1666 733 1736 hoo,
757 1686 815 1747 quo
839 1674 975 1747 tempore
996 1665 1196 1728 detrahendae
1217 1673 1286 1728 suot
1307 1684 1378 1729 oon·
1478 1687 1482 1693 ·

80 1770 259 1832 lunationes.
289 1767 340 1829 illo
354 1767 466 1831 scilicet
481 1775 625 1848 tempore,
649 1766 767 1850 quando
781 1787 889 1830 seusus
903 1768 1029 1850 perlecti
1044 1776 1123 1839 suot,
1146 1771 1187 1832 ita
1205 1776 1240 1831 ut
1261 1768 1378 1830 sublato

81 1889 143 1932 uuo
174 1870 249 1933 alter
277 1889 337 1932 non
364 1867 528 1932 mutiletur.
573 1873 605 1933 in
634 1870 802 1934 elocutione
830 1871 889 1934 hoc
916 1889 977 1934 noo
1005 1872 1158 1951 contingit.
1209 1872 1378 1934 coniunctio

49 1974 162 2035 edicta
186 1980 239 2050 est,
265 1972 343 2054 quod
365 1975 519 2054 coniungit
540 1981 659 2036 nostras
683 1972 876 2035 elocutiones.

170 2075 379 2138 Coniunctioni
400 2077 458 2138 tria
479 2074 626 2147 accidunt,
649 2084 781 2157 potestas
802 2077 897 2155 figora
919 2074 1003 2139 crdo.
1040 2084 1172 2156 potestas
1193 2077 1479 2154 coniunctiones

83 2195 155 2239 uum
191 2176 271 2258 apud
297 2177 417 2239 Latinos
452 2179 483 2240 in
517 2179 648 2259 quinque
680 2179 796 2259 species
828 2177 969 2240 dividitur
1013 2178 1100 2260 (apud
1136 2181 1266 2242 Graecos
1299 2181 1377 2242 enim
1391 2157 1479 2220 ΜΗ

83 2281 165 2342 varie
191 2279 357 2359 dividitur):
401 2287 471 2343 sunt
504 2281 583 2342 enim
618 2279 801 2361 copulativae
827 2279 1020 2343 disiunctivae
1052 2279 1215 2362 expletivae
1245 2281 1380 2344 causales

83 2379 256 2444 rationales.

48 2503 72 2547 o
171 2484 362 2566 Copulativae
390 2484 545 2557 dicuntur,
575 2484 653 2565 quod
681 2491 711 2547 et
738 2502 859 2547 sensum
886 2485 1028 2566 copulant
1059 2494 1089 2548 et
1110 2485 1198 2548 verba
1228 2485 1379 2567 copulant.

83 2586 159 2666 ‘ego
190 2595 220 2648 et
247 2595 281 2649 ιιι
309 2593 443 2649 eamus’:
476 2585 594 2668 quando
622 2586 689 2649 dico
712 2589 784 2666 ‘ego
814 2596 843 2650 et
864 2595 898 2650 tu
919 2594 1054 2659 eamus'‚
1087 2606 1149 2650 non
1171 2587 1267 2651 solum
1290 2589 1380 2651 verba

83 2707 200 2752 conexa
222 2697 304 2760 sunt,
340 2689 392 2752 sed
421 2691 509 2752 etiam
537 2709 644 2752 sensus
672 2708 803 2752 conexus
826 2697 881 2752 est.
925 2698 958 2752 ut
983 2692 1010 2752 si
1031 2691 1111 2752 dicas
1135 2691 1188 2752 ‘ite
1210 2692 1274 2765 citi,
1303 2693 1381 2754 ierte

83 2792 235 2865 flammas,
264 2791 332 2854 date
359 2791 416 2855 tela
444 2801 474 2854 et
502 2792 635 2854 scandite
662 2796 793 2864 muros'‚
821 2795 881 2855 iam
904 2792 1053 2855 ‘scandite
1074 2798 1193 2856 muros’
1217 2800 1247 2855 et
1275 2811 1381 2856 sensus

84 2895 265 2958 coniunctus
292 2902 337 2958 est
366 2902 396 2956 et
423 2895 521 2958 verba.
567 2892 631 2976 [hic
657 2893 748 2956 verba
775 2896 934 2958 coniuncta
956 2902 1041 2965 sunt,
1070 2897 1144 2975 ‘ego
1172 2904 1202 2958 et
1222 2907 1255 2958 tu
1277 2915 1381 2958 eamus

49 2999 120 3058 asad
142 2999 267 3067 iorum',
291 2995 351 3059 illic
373 3015 479 3060 seusus
501 2995 676 3060 coniunctus
699 3006 746 3059 est
767 3006 797 3058 ιι
818 2997 935 3080 verba]
980 3014 1051 3077 ergo
1078 2997 1240 3079 copulativa
1261 2997 1312 3060 illa
1334 3006 1383 3060 est

84 3118 162 3181 quae
190 3107 221 3161 ιι
241 3098 331 3162 verba
354 3101 507 3180 coniungit
536 3107 566 3160 et
587 3118 709 3162 sensum
731 3100 892 3179 coniungit.
936 3099 1110 3162 disiunctiva
1138 3101 1221 3163 dacto
1248 3109 1293 3163 est
1319 3117 1382 3162 uon

84 3201 120 3262 ab
145 3221 192 3272 eo,
217 3200 297 3280 quod
321 3203 478 3264 coniuncta
500 3201 657 3281 disiungat.
701 3221 770 3265 nam
792 3204 817 3265 si
840 3202 998 3283 disiungit,
1026 3204 1087 3264 iam
1112 3221 1169 3265 nec
1188 3199 1194 3286 Ι
1213 3204 1381 3266 coniunctio

85 3314 145 3366 est:
182 3303 258 3364 nihil
286 3305 366 3366 enirn
393 3313 453 3367 tam
483 3305 664 3366 contrarium
692 3305 894 3367 coniunctioni
921 3323 1008 3384 pram
1040 3306 1208 3368 disiunctio.
1259 3322 1328 3367 nam
1355 3306 1383 3368 si

5 3413 7 3440 ²
83 3407 152 3468 ideo
177 3405 254 3468 dicta
276 3414 322 3468 est
343 3407 522 3476 coniunctio,
546 3405 583 3468 ah
606 3405 742 3487 eoquod
766 3411 933 3488 coniungat,
955 3409 1012 3470 ista
1029 3416 1128 3471 auteur
1145 3408 1296 3487 disiungit,
1320 3424 1382 3468 oon

50 3519 131 3570 vest
154 3509 337 3571 coniunctio.
381 3508 516 3571 sednon
538 3509 676 3572 esthoc:
715 3528 783 3572 nam
811 3512 982 3573 coniunctio
1011 3518 1057 3572 est
1085 3518 1115 3572 et
1138 3511 1203 3572 ista.
1249 3516 1295 3572 est
1317 3509 1382 3587 qui·

84 3612 151 3672 dena
177 3611 365 3680 coniunctio,
389 3619 531 3689 quantum
554 3608 590 3672 ad
613 3610 704 3673 verba
726 3613 871 3692 pertinen
903 3621 950 3675 est
971 3621 1068 3675 autern
1092 3605 1261 3681 disiunctio,
1286 3627 1381 3690 quan·

86 3721 147 3774 tum
171 3711 209 3774 ad
232 3730 352 3775 sensum
374 3713 513 3793 pertinet.
557 3732 681 3795 possum
712 3716 789 3776 enim
817 3717 857 3777 ita
879 3714 996 3789 dicere,
1026 3718 1101 3796 ‘ego
1122 3722 1172 3778 aut
1194 3721 1228 3776 tu
1249 3717 1381 3776 eamus’‚

86 3814 205 3894 quaudo
229 3812 295 3876 dico
317 3817 389 3894 ‘ego
412 3822 463 3876 aut
484 3822 516 3877 tu
539 3817 669 3888 eamus’‚
693 3813 821 3879 elocutio
844 3817 964 3900 quidem
986 3836 1098 3880 conexa
1122 3825 1175 3888 est,
1200 3816 1254 3878 sod
1276 3834 1382 3878 sensus

86 3917 206 3978 divisus.
258 3932 327 3978 nam
357 3915 474 3995 quando
502 3917 568 3980 dico
600 3918 672 3998 ‘ego
700 3927 752 3981 aut
778 3926 811 3981 tu
840 3924 968 3997 eamus'‚
999 3939 1060 3983 uon
1086 3930 1248 4001 utrumque
1269 3921 1381 3983 iturum

54 4017 229 4089 uostendo,
252 4018 305 4080 sed
328 4017 513 4092 alterutrum,
536 4019 687 4083 velillum
709 4019 871 4084 velillum.
916 4022 976 4085 tale
998 4031 1043 4085 est
1063 4023 1095 4084 iu
1116 4022 1168 4084 illo
1190 4039 1291 4094 sensu,
1314 4024 1383 4082 ‘aut

157 4222 191 4276 16
203 4231 317 4291 potestas
330 4225 534 4276 coniunctionum
550 4226 620 4292 apud
635 4225 727 4278 latinos
740 4229 808 4294 apud
827 4242 935 4294 graecos
946 4227 1014 4278 enim
1025 4229 1113 4278 uariae
1129 4225 1257 4278 diuidetur
1270 4233 1382 4293 potestas

88 4295 295 4345 coniunctionum
320 4296 389 4360 opud
415 4296 509 4345 latinos
531 4297 557 4346 in
582 4297 694 4362 quinquo
718 4300 818 4364 speeies
840 4298 970 4348 diuidetur
991 4309 1051 4348 sunt
1068 4297 1173 4347 enlmA
1261 4296 1294 4347 17
1312 4298 1382 4362 apud

88 4378 194 4428 graecos
218 4365 287 4414 enirn
310 4367 381 4416 varie
402 4365 525 4416 dividitur
542 4367 628 4421 orno
713 4367 747 4419 23
765 4378 790 4418 ιι
815 4368 931 4420 scandite
951 4365 1048 4433 muros]
1069 4371 1147 4434 Verp.
1167 4366 1235 4418 Αιιι.
1251 4366 1320 4417 Vllll
1336 4366 1380 4422 37.

6 4459 7 4494 p
87 4449 141 4484 nora
157 4434 204 4485 ltoc
222 4438 360 4498 excerptam
381 4451 433 4486 ιιιιιι
450 4451 480 4486 eo
499 4437 569 4502 quod
584 4453 664 4502 supro
680 4440 799 4504 seriptum
817 4445 876 4489 erat
891 4437 959 4489 Aen.
974 4439 1021 4488 llll
1039 4438 1091 4490 594
1106 4439 1268 4491 meracae
1285 4435 1384 4488 ιίάιιιιν

86 4507 272 4568 praumatus.
291 4513 319 4556 ιιι
338 4507 363 4557 in
383 4507 425 4558 illo
448 4521 538 4560 sensus
559 4515 652 4559 ιιιιιιισιι
673 4510 830 4572 muneres,
853 4511 879 4559 in
901 4510 948 4559 icoc
965 4516 990 4558 ιι
1006 4523 1095 4559 em
1112 4516 1138 4559 ιι
1154 4507 1232 4558 verta
1250 4507 1383 4559 ιιιίιιιιια

89 4589 142 4624 esee
160 4575 272 4626 doceret.
308 4591 340 4626 ιιι
361 4583 441 4628 autem
459 4593 524 4644 patae
541 4585 687 4643 seponuntur,
703 4578 744 4628 laic
762 4579 841 4629 verbo
859 4579 993 4630 coniuncta
1009 4585 1069 4629 sunt
1085 4587 1143 4642 ete,
1162 4579 1199 4627 ad
1215 4577 1384 4642 differentiam

6 4649 7 4720 j
89 4647 283 4707 copulationem
296 4653 322 4696 ιι
339 4646 542 4700 malvarum
556 4649 750 4701 coniumtionum
766 4649 1026 4711 pernumerentur
1093 4649 1128 4698 24
1146 4645 1198 4714 hio]
1219 4645 1279 4697 huic
1295 4645 1322 4696 Α

6 4735 7 4752 ι
90 4714 122 4765 ao
139 4715 208 4766 dicte
227 4733 274 4768 om.
293 4715 380 4766 ABG
465 4717 497 4770 31
518 4725 640 4780 quantum
660 4718 693 4769 ad
712 4717 791 4769 uerba
808 4715 902 4770 eea*
920 4734 1009 4784 que..
1029 4717 1061 4769 ad
1074 4719 1153 4769 uerba
1169 4716 1195 4767 A
1280 4719 1382 4783 quando

6 4753 7 4830 l
92 4785 190 4847 quando
214 4787 369 4837 adsensum
387 4785 413 4836 A
499 4787 533 4841 33
555 4789 656 4853 quando
675 4789 731 4838 dieo
749 4803 798 4856 ego
819 4798 863 4840 eut
880 4797 907 4838 tu
931 4803 1019 4840 ιιιιιιιι
1037 4787 1146 4839 elocutio
1163 4787 1267 4852 quidem
1285 4802 1383 4839 conexa

92 4863 130 4903 est
146 4855 193 4905 sed
209 4870 302 4907 sensus
315 4856 415 4908 divisus
433 4873 492 4908 nem
510 4859 612 4927 quondo
630 4857 687 4915 dico
703 4873 753 4934 ego
772 4867 816 4914 aot
833 4868 862 4915 ιιι
876 4874 965 4917 earum
978 4874 1025 4919 on,
1044 4859 1106 4926 Ao,
1124 4859 1187 4914 odd.
1206 4873 1244 4909 ae
