3350 5442
309 434 372 498 626
432 436 434 439 ⁴
682 441 686 446 “
865 436 1045 499 ttauhuutt

335 558 356 598 p.
371 545 428 586 2764.
444 548 469 587 65
482 542 505 586 P.

307 644 426 703 semper
448 626 480 684 in
502 644 552 685 sco
568 626 697 705 quiescit
720 624 786 704 (nec
807 634 905 687 tamen
928 626 1027 686 omnia
1048 626 1079 685 in
1101 643 1152 686 sco
1175 625 1342 685 inchoativa
1365 624 1443 703 sunt)
1468 632 1499 685 et
1523 642 1598 684 sem-

310 746 376 807 per,
406 726 475 787 dum
498 730 539 789 sit
560 727 738 797 derivativa,
768 729 874 788 tertiae
897 728 1115 804 coniugatiouis
1143 729 1209 787 lieri
1237 729 1364 803 cogitur.
1409 726 1483 786 haec
1505 727 1599 785 forma

308 832 503 909 praeteritum
524 830 621 890 nescit
641 828 752 889 habere
775 837 892 909 tempus
914 830 1098 909 perfectum.
1143 829 1214 909 quid
1237 831 1318 889 enim
1341 827 1428 889 simul
1452 837 1482 888 et
1504 828 1598 887 adhuc

217 950 221 960 ¹
308 934 441 1011 incipere
463 939 494 992 et
513 934 573 993 iam
595 932 775 1010 praeterisse
797 931 933 992 dicatur?
955 932 1163 1011 huncquoque
1184 933 1310 992 formam
1325 938 1394 992 sunt
1409 932 1461 1009 qui
1478 930 1600 991 Graecis

308 1034 486 1095 familiarem
513 1034 628 1103 dicant,
661 1033 834 1093 adserentes
867 1034 922 1094 hoc
957 1052 1022 1094 esse
1049 1031 1248 1113 μελαίνομαι
1276 1026 1332 1092 καὶ
1359 1030 1621 1110 θερμαίνομαι,ε
1665 1052 1666 1091 l

309 1136 387 1216 quod
410 1144 454 1196 est
475 1137 612 1213 nigresco
635 1143 665 1195 ct
686 1125 811 1196 calesco.
857 1136 909 1195 scd
937 1135 1014 1215 apud
1041 1133 1108 1196 illos
1136 1134 1261 1211 quoquc
1275 1134 1372 1213 aliqua
1394 1132 1487 1194 huius
1508 1136 1598 1210 signi·

308 1239 455 1300 ficationis
482 1240 513 1296 in
536 1250 605 1297 σκω
628 1238 711 1296 exire
733 1237 931 1305 contendunt,
961 1236 1101 1297 τελίσκω
1123 1234 1275 1315 γαμίσκω
1297 1229 1473 1315 nerpoicum
1496 1228 1599 1313 yqpo'-
1665 1234 1666 1299 l

310 1352 390 1401 σκω.
429 1334 578 1400 διδάσκω
600 1345 713 1408 autem,
736 1339 807 1399 licet
829 1338 965 1399 eiusdem
988 1339 1054 1399 finis
1074 1338 1124 1408 sit,
1148 1356 1236 1401 nemo
1259 1346 1358 1399 tamen
1381 1336 1552 1416 perfectum
1574 1343 1601 1395 et
1665 1338 1666 1393 ζ

308 1460 367 1502 non
389 1441 592 1502 inchoativum
613 1459 678 1501 csse
700 1440 856 1503 dubitavit.
881 1436 885 1521 l
1665 1420 1666 1433 ¹

203 1589 251 1636 17⁶.)
263 1587 295 1635 v.
392 1576 434 1639 De
456 1579 682 1657 frequentativa.
719 1577 936 1655 frequentativa
959 1577 1054 1638 forma
1077 1575 1253 1656 compendio
1276 1574 1436 1635 latinitatis
1458 1572 1630 1652 obsequi-10
1665 1540 1666 1617 Ῐ

309 1689 371 1750 tur,
395 1699 462 1740 cum
485 1697 544 1739 uno
566 1676 657 1739 verbo
679 1680 948 1757 frequentationem
964 1678 1228 1740 administrationis
1244 1678 1384 1739 ostendit.
1415 1677 1491 1737 haec
1506 1677 1600 1735 forma
1665 1674 1666 1721 ἓ

309 1800 367 1842 non
390 1799 550 1860 numquam
573 1798 631 1840 uno
653 1780 761 1858 gradu,
784 1798 844 1840 non
860 1797 1019 1860 numquam
1036 1780 1151 1841 duobus
1167 1780 1334 1849 derivatur,
1358 1786 1393 1838 ut
1414 1796 1492 1837 cano
1514 1786 1599 1837 canto
1665 1784 1666 1827 l

308 1885 434 1953 cantito;
458 1901 513 1943 noc
535 1890 634 1942 tamen
657 1891 701 1943 est
722 1884 753 1942 in
769 1882 987 1961 posterioribus
1002 1885 1096 1943 maior
1119 1901 1205 1961 quam
1229 1884 1259 1942 in
1282 1880 1437 1961 prioribus
1459 1880 1598 1959 frequen-

309 1986 430 2046 tationis
453 1986 623 2063 expressio,
646 1986 723 2045 sicut
745 2003 800 2045 nec
822 1986 853 2045 in
870 1984 1056 2047 diminutivis
1072 1985 1220 2045 secundus
1242 1984 1353 2062 gradus
1375 1984 1475 2043 minus
1499 1984 1598 2061 priore
1665 2008 1666 2017 κ

308 2087 469 2165 significat,
498 2104 571 2147 anus
599 2086 687 2147 anula
714 2086 841 2147 anicula.
886 2092 1021 2148 sternuto
1048 2086 1299 2166 frequentativum
1328 2083 1629 2163 estaprincipali1··

308 2195 444 2250 sternito:
468 2188 642 2267 Propertius

460 2305 643 2367 candidus
665 2313 845 2385 augustae
868 2308 1035 2369 sternuit
1056 2325 1160 2368 omen
1183 2309 1298 2368 Amor.

307 2426 391 2507 pullo
418 2433 488 2487 sunt
515 2426 566 2503 qui
589 2426 736 2504 accipiant
757 2444 813 2506 pro
834 2444 870 2487 eo
892 2425 971 2505 quod
994 2433 1040 2487 cst
1062 2423 1147 2507 pulso
1175 2434 1205 2486 et
1233 2418 1431 2504 dorcucopo'v
1453 2424 1595 2503 quendam

235 2544 239 2554 '
274 2526 278 2603 j
306 2528 461 2589 latinitatis
483 2528 667 2596 existiment,
693 2535 724 2588 ut
745 2527 823 2607 apud
844 2525 912 2588 illos
932 2522 1091 2588 θάλασσα
1104 2523 1268 2605 θάλαττα,
1291 2522 1432 2586 πλάσσεν
1447 2520 1594 2585 nidero:

308 2630 360 2690 sed
387 2630 503 2709 pultare
531 2636 576 2689 est
603 2648 690 2709 saepe
717 2628 851 2709 pulsare,
880 2632 958 2690 sicut
980 2638 1107 2692 tractare
1131 2637 1177 2690 cst
1198 2648 1286 2709 saepe
1309 2628 1441 2689 trahere.
1485 2633 1624 2686 eructato

307 2734 556 2812 frequentativum
578 2737 623 2791 ost
645 2751 661 2791 a
684 2732 844 2811 principali
865 2733 964 2809 erugit
985 2751 1003 2786 n
1032 2731 1164 2811 ‘aquae
1188 2732 1272 2791 vis’.
1317 2739 1347 2791 et
1369 2737 1522 2807 grassatur
1544 2731 1593 2788 ito·

308 2835 384 2894 ratio
400 2840 446 2894 est
461 2852 477 2894 a
492 2833 641 2910 graditur:
665 2832 820 2894 Sallustius
844 2833 939 2893 ‘cum
961 2834 1239 2893 inferiorernni
1256 2834 1311 2894 via
1327 2831 1591 2911 grassaretur’.

308 2942 378 2995 sunt
399 2933 543 3015 quaedam
571 2934 661 2995 huius
688 2936 888 2996 formae-sine
912 2934 1075 2995 substantia
1103 2932 1292 3015 principalis,
1316 2932 1501 3013 cyathissare
1523 2940 1591 3011 tym-

308 3038 461 3116 panissare
489 3036 695 3098 crotalissare:
723 3047 792 3099 sunt
820 3054 896 3118 quae
924 3038 1020 3113 magis
1047 3056 1159 3099 moram
1181 3054 1269 3116 quam
1291 3038 1482 3097 iterationem
1506 3033 1591 3113 expli·

308 3148 390 3208 cant,
419 3140 654 3218 ‘hastamque
681 3147 856 3217 receptat
886 3140 1034 3201 ossibus
1057 3138 1300 3209 haerentcm’.
1345 3138 1394 3198 hic
1417 3139 1497 3197 eninr
1519 3136 1622 3195 reci-u

307 3239 411 3321 piendi
433 3240 592 3301 difficultas
614 3240 670 3301 sub
692 3243 792 3321 specie
814 3241 1063 3320 frequentationis
1086 3242 1274 3322 exprimitur.
1319 3240 1395 3301 hanc
1418 3240 1543 3299 formam
1563 3238 1591 3297 iu

307 3344 426 3420 graecis
449 3342 549 3404 verbis
571 3345 707 3403 invenire
729 3362 788 3403 non
810 3346 904 3422 potui.
999 3378 1003 3387 ι

203 3502 249 3551 lm
263 3503 294 3554 v,
393 3476 435 3539 lle
458 3481 638 3559 usurpativa.
672 3479 748 3540 hanc
770 3480 890 3559 quidam
912 3480 1039 3557 gerundi
1061 3479 1179 3539 modum
1194 3477 1240 3538 vel
1262 3475 1468 3557 participalem
1485 3482 1590 3543 vocant,

303 3563 377 3661 'quia
399 3579 489 3641 rerba
511 3583 577 3642 eius
598 3599 693 3660 paene
713 3582 812 3642 omnia
834 3581 944 3643 similia
967 3582 1133 3661 participiis
1157 3587 1224 3642 sunt
1247 3586 1277 3640 ct
1299 3579 1360 3641 sola
1382 3578 1590 3656 significatione

308 3681 458 3743 distantia.
503 3703 571 3744 nam
598 3683 688 3744 ‘vado
715 3682 891 3744 salutatum'
921 3684 976 3744 hoc
998 3691 1044 3743 est
1066 3684 1167 3743 dicere
1190 3682 1282 3743 ‘vado
1304 3680 1452 3742 salutare'
1475 3687 1525 3741 aut
1546 3680 1619 3737 ‘uta

307 3784 461 3857 salutem'.
505 3786 577 3845 item
605 3786 657 3845 ‘ad
685 3786 870 3849 salutandum
899 3790 952 3846 co'
981 3786 1171 3865 participium
1199 3802 1264 3844 csse
1292 3785 1353 3844 iam
1383 3783 1508 3851 desinit,
1537 3782 1589 3840 nisi

257 3920 261 3927 ·
308 3886 454 3947 adieceris
481 3886 527 3946 vel
554 3886 704 3947 hominem
732 3888 778 3948 vel
806 3890 948 3949 amicum:
982 3887 1037 3948 hac
1064 3887 1144 3946 enirn
1173 3885 1339 3947 adiectione
1361 3885 1514 3963 participii
1537 3884 1587 3943 vim

307 3987 437 4058 tenebit;
461 3988 620 4059 sedtum,
644 4008 711 4049 cum
734 4008 771 4050 ex
794 3989 884 4050 verbo
911 3996 957 4050 est
977 3987 1105 4049 habente
1129 3990 1274 4067 passivam
1290 3986 1540 4082 ,dcchnationcm
1562 3992 1589 4043 ut

308 4090 362 4151 ‘ad
384 4090 561 4150 videndum’
586 4091 640 4152 ‘ad
662 4089 876 4152 salutandum’.
914 4090 967 4151 ‘ad
992 4090 1232 4151 declamandum'
1256 4106 1326 4149 vero
1348 4107 1416 4149 cum
1439 4088 1515 4157 dico,
1537 4104 1587 4147 nou

306 4210 428 4270 possum
453 4191 572 4252 adicere
595 4190 691 4261 illum,
720 4196 789 4272 quia
818 4192 967 4255 declamor
988 4193 1114 4254 latinum
1136 4210 1196 4252 non
1218 4197 1272 4251 est.
1317 4192 1391 4252 hacc
1413 4190 1508 4250 forma
1528 4189 1616 4250 lau-a

374 4449 508 4509 dquoque
524 4447 615 4507 om.P‚
634 4447 695 4498 add.
713 4446 850 4499 ecccBob.
921 4444 1081 4510 iyrpuduoo
1098 4447 1122 4496 P
1188 4444 1349 4496 fidubitabit
1366 4444 1497 4495 Portunus
1561 4442 1585 4490 15

309 4510 396 4579 anule]
416 4513 530 4563 anille!>
597 4514 628 4563 16
649 4511 807 4580 Propertius]
830 4516 867 4575 11,
885 4518 913 4573 3,
931 4516 964 4565 24
1032 4517 1063 4565 21
1086 4517 1177 4565 facitne
1194 4530 1266 4579 qoam
1284 4514 1394 4563 indicaui
1410 4512 1508 4561 cncidit
1523 4510 1585 4574 pn'or

305 4598 372 4646 parc
389 4598 475 4632 uererer
493 4582 615 4642 Enniani,
633 4586 677 4648 qul
693 4592 732 4633 eet
748 4586 775 4632 in
792 4599 850 4637 exc.
867 4582 933 4633 Boo.
953 4600 982 4648 p.
1000 4584 1048 4633 173
1065 4597 1080 4632 a
1101 4584 1177 4632 verbo
1199 4582 1289 4645 erugit,
1312 4581 1408 4631 Ennius
1431 4578 1585 4641 ‘contempsit

307 4650 391 4700 fontes
404 4651 496 4713 quibus
509 4650 626 4715 exerugit
637 4666 719 4713 aquae
731 4652 791 4703 vis'.
814 4651 883 4701 unde
900 4652 982 4715 erugit
994 4652 1091 4700 Ennius
1108 4652 1205 4715 ‘erugit
1217 4664 1282 4712 aque
1294 4650 1346 4698 vis·
1359 4650 1467 4699 coniecit
1481 4648 1583 4703 Zeuxim,

308 4718 390 4779 eregit
401 4718 499 4767 Ennius
512 4718 644 4784 ‘exerugit
654 4732 736 4781 aquae
748 4720 802 4769 vis’
815 4719 897 4769 Ianua
948 4722 981 4769 22
997 4714 1066 4785 cum]
1080 4719 1140 4768 dum
1153 4734 1188 4769 en
1200 4719 1288 4768 codice
1299 4718 1402 4767 Pitheci
1413 4718 1495 4766 edidit
1505 4714 1583 4765 Gurdo

307 4784 414 4836 Sallust.
432 4787 526 4850 [rapio.
545 4804 571 4851 pf
590 4789 641 4837 204
658 4789 698 4838 ed.
719 4788 796 4839 Anto.
815 4805 840 4836 α.
865 4788 943 4847 1579,
967 4804 1038 4852 quem
1059 4788 1153 4852 reliqui
1174 4787 1287 4836 editores
1308 4784 1422 4837 Sallustii
1443 4785 1524 4834 accidi
1538 4786 1584 4831 sont

358 4855 427 4902 omni
439 4854 462 4901 vi
476 4856 583 4903 coniecit
597 4857 682 4904 Douzo
693 4856 720 4904 in
732 4856 795 4906 Sati.
807 4856 843 4918 sr.
858 4872 883 4915 p.
898 4857 944 4905 141
959 4857 999 4909 ed.
1013 4856 1125 4908 Hauerc.
1177 4856 1210 4905 23
1222 4853 1399 4919 cyatissareP
1440 4850 1583 4904 25lrastnm-

308 4918 367 4986 que]
386 4921 466 4985 Verp.
480 4922 546 4973 Aen.
559 4921 584 4970 X
595 4924 645 4973 383
714 4924 746 4973 28
758 4924 827 4973 modi
840 4924 865 4973 P
