3350 5442
504 424 706 487 sxcsnvm
726 393 902 486 vrmsvm
927 424 993 487 xrx
1332 418 1396 483 623

1190 544 1248 584 p.r
1226 532 1283 573 27.ae
1298 530 1360 571 611³.

21 588 32 610 ἵ
101 614 183 675 ηυδε
211 632 286 693 quae
316 616 347 673 in
375 632 418 693 ην
440 612 593 683 desinunt,
623 620 655 673 ut
676 612 736 691 ζῆν
757 612 879 692 πεινῆν
901 574 1015 691 διψῆν,
1043 631 1101 672 non
1125 619 1194 671 sunt
1215 613 1393 679 communia,

101 716 155 776 sed
183 716 297 785 dorica,
328 723 360 775 ut
385 708 480 795 ὁρῆν.
525 714 659 776 eiusdem
685 722 756 775 sunt
782 714 900 776 dialecti
928 722 958 774 et
984 732 1059 793 quae
1090 715 1119 772 ln
1147 732 1184 772 εν
1206 720 1328 782 exeunt,
1363 719 1395 771 ut

100 810 171 879 άπδ
192 816 254 878 τοῦ
285 824 380 877 νοεῖν
404 813 484 879 νοέν
505 826 536 877 et
556 804 623 877 άπὸ
644 816 706 876 τοῦ
728 812 960 896 δασμηφορεῖν
982 809 1214 895 δασμηφορέν;
1242 814 1313 874 licet
1334 815 1394 874 sint

103 929 136 981 et
158 921 326 981 communia
347 922 379 979 in
402 937 449 989 εν,
472 920 524 980 sed
546 921 729 996 integritatis
751 920 939 979 extremitate
955 918 1098 998 praecisa,
1122 924 1155 977 ut
1177 924 1222 975 est
1244 907 1309 975 άπδ
1332 914 1393 975 τοῦ

71 1020 218 1103 δέμεναι
239 1019 330 1100 ἔμεν,
353 1013 418 1082 άπδ
439 1019 501 1081 τοῦ
524 1016 663 1101 δόμεναι
677 1016 789 1100 δόμεν.
827 1022 953 1099 perlecti
976 1020 1120 1099 temporis
1134 1019 1288 1078 indicativi
1303 1017 1392 1077 Grae-

100 1142 205 1184 corum
227 1124 315 1183 tertia
339 1140 465 1201 persona
487 1125 538 1183 imi
560 1140 615 1181 suo
632 1122 748 1183 adiecta
769 1141 826 1181 ναι
841 1121 952 1201 syllaba
967 1123 1074 1181 transit
1095 1124 1127 1181 in
1142 1113 1392 1199 άπαρέμφατον,

100 1222 264 1304 πεποίηκε
284 1220 519 1304 πεποιηκέναι,
548 1219 660 1304 λέλεχε
682 1219 862 1303 λελεχέναι.
904 1223 1003 1283 Latini
1025 1224 1138 1302 primae
1160 1239 1303 1301 personae
1325 1239 1393 1299 per·
1408 1230 1455 1281 163
1467 1230 1498 1279 V.

100 1328 174 1387 lecti
196 1326 308 1391 addunt
328 1327 510 1404 geminatmn
531 1345 562 1385 ss
583 1333 613 1385 et
635 1346 660 1395 e,
684 1325 745 1385 dixi
773 1325 895 1385 dixisse.
941 1324 1044 1385 Graeci
1069 1322 1072 1405 l
1096 1317 1318 1403 άπαρέμφατα
1341 1342 1393 1383 sua
1471 1366 1476 1373 ·

100 1430 196 1489 activa
218 1431 250 1488 in
273 1447 307 1488 αι
329 1428 494 1489 desinentia
516 1446 571 1507 per
593 1446 697 1488 omnes
723 1426 914 1487 semivocales
943 1426 1057 1487 litteras
1089 1427 1246 1505 proferunt
1268 1432 1392 1503 excepto

59 1548 86 1585 ιο
100 1530 134 1607 ζ,
158 1529 285 1590 στεῖλαί
311 1536 423 1609 νεῖμαι
444 1530 565 1610 χρῆναι
593 1536 727 1609 σπεῖραι
752 1527 874 1606 νοῆσαι
896 1524 986 1601 λέξαι
1006 1522 1148 1607 γράψατε
1178 1532 1300 1605 excepta
1324 1533 1392 1586 sunt

101 1622 193 1691 εἶπαι
220 1626 276 1691 καὶ
305 1627 456 1710 ἐνέγκαι,
484 1650 560 1711 quae
582 1632 644 1692 sola
666 1649 724 1691 non
747 1629 940 1691 semivocales
967 1632 1071 1690 sortita
1099 1636 1181 1703 sunt,
1212 1628 1263 1689 sed
1285 1635 1390 1690 mutas,

98 1735 215 1812 passiva
238 1752 308 1793 vero
328 1751 383 1812 per
398 1752 487 1793 unam
502 1741 617 1794 tantum
631 1733 761 1793 litteram
775 1735 802 1792 θ
816 1732 1008 1811 proferuntur
1024 1734 1187 1811 praemissa
1203 1738 1254 1790 aut
1269 1729 1389 1809 liquida,

98 1830 265 1915 κεκάρθαι
286 1833 436 1895 τετίλθαι
458 1830 637 1915 έρράνθαι,
660 1842 711 1895 aut
732 1848 762 1903 ο,
786 1829 946 1913 λέγεσθαι
968 1832 1152 1913 φιλεῖσθαι,
1175 1840 1226 1893 aut
1240 1832 1332 1893 altera
1355 1851 1391 1893 cx

97 1939 190 1997 rvrutis
211 1955 287 2016 quae
309 1945 451 1997 vocantur
473 1934 613 2006 δασεῖαι,
636 1937 667 1997 id
690 1944 735 1996 est
755 1938 817 1997 sive
840 1955 869 2017 χ,
894 1944 925 1997 ut
946 1931 1120 2013 νενύχθαι,
1143 1936 1205 1995 sive
1227 1954 1262 2014 φ,
1287 1942 1320 1995 ut
1333 1952 1390 2011 γε-

57 2056 83 2095 ιε
97 2033 262 2118 γράφθαι.
307 2056 375 2099 cum
402 2040 501 2099 Latini
529 2040 642 2101 nullum
669 2040 819 2099 inlinitum
846 2036 1078 2116 monosyllabum
1106 2036 1248 2105 babeant,
1283 2037 1389 2097 Graeci

96 2141 276 2221 paucissima
299 2139 420 2209 habent,
443 2159 519 2220 quae
540 2142 714 2201 reseruntur
735 2142 772 2201 ad
794 2140 885 2201 selam
908 2140 1067 2201 secundam
1089 2138 1250 2217 συζυγίαν
1272 2150 1389 2217 περισ-
1435 2185 1438 2191 .

96 2238 280 2323 πωμένων,
303 2250 337 2302 ut
358 2237 447 2324 σπᾷν
467 2242 568 2324 θλῆν.
612 2245 723 2304 etenim
750 2248 849 2302 πνεῖν
877 2248 950 2321 χεῖν
977 2236 1050 2319 ῥεῖν
1078 2260 1136 2301 non
1165 2248 1234 2300 sunt
1260 2242 1387 2317 integra,

96 2344 150 2404 sed
179 2363 214 2409 ex
244 2344 396 2405 collisione
423 2352 588 2406 contracta:
618 2347 674 2406 luit
696 2347 775 2405 enim
797 2345 954 2423 integritas
975 2338 1092 2403 πνέειν
1114 2338 1202 2422 χέειν
1224 2337 1329 2423 ῥέειν,
1359 2350 1388 2402 et

95 2445 196 2505 medio
218 2464 234 2507 ε
255 2439 407 2507 subtracto
429 2449 461 2507 in
483 2466 572 2509 unam
585 2447 726 2527 syllabam
748 2454 818 2507 sunt
838 2444 958 2505 redacta
981 2452 1011 2505 et
1031 2464 1067 2505 ex
1083 2445 1211 2505 themate
1228 2444 1387 2506 verborum

53 2550 220 2607 adveniunt
246 2544 337 2609 πνέω
371 2543 436 2627 χέω
464 2544 539 2629 ῥέω.
584 2549 697 2611 nullum
725 2550 805 2609 enim
833 2564 973 2625 graecum
1002 2546 1124 2607 verbum
1146 2539 1387 2627 άπαρὲμφατον

94 2668 133 2710 ex
156 2648 248 2709 verbo
270 2650 302 2709 in
326 2669 351 2710 ω
374 2650 529 2711 desinente
550 2652 661 2712 lactum
683 2670 742 2711 non
765 2650 892 2710 eundem
914 2667 1071 2709 numerum
1094 2648 1272 2728 syllabarum
1295 2657 1385 2718 tenet,

93 2753 147 2831 qui
171 2753 202 2811 in
223 2752 320 2831 prima
342 2753 490 2831 positione
517 2751 601 2812 verbi
623 2753 689 2822 luit,
712 2751 780 2813 voci
803 2758 907 2822 νοεῖν,
930 2750 1013 2832 τιμῶ
1035 2748 1143 2832 τιμάν,
1167 2750 1280 2831 χρυσῶ
1303 2770 1385 2830 χρυ-

94 2852 197 2923 σοῦν,
227 2848 332 2933 τρέχω
359 2848 506 2933 τρέχειν,
535 2848 649 2915 τύπτω
676 2849 831 2915 aduno:
861 2856 905 2914 sic
926 2848 1018 2914 πνέω
1040 2848 1165 2923 πνέειν,
1200 2849 1263 2932 χέω
1285 2847 1385 2933 χέειν,

93 2952 162 3036 ῥέω
184 2950 285 3035 ῥέειν,
308 2974 344 3016 ex
366 2955 475 3036 quibus
497 2961 596 3016 πνεῖν
618 2962 689 3034 χεῖν
711 2952 785 3035 ῥεῖν
799 2964 869 3017 sunt
891 2957 977 3017 lacta.
1010 2947 1233 3035 άπαρέμφατα
1255 2958 1385 3034 quaein

53 3077 116 3117 vav
143 3057 302 3127 desinunt,
330 3060 356 3118 si
379 3057 415 3117 de
443 3056 534 3117 verbo
555 3065 625 3117 sunt
645 3060 869 3137 perispomeno‚
898 3059 1007 3117 amisso
1029 3076 1051 3117 ν
1079 3066 1108 3117 et
1130 3064 1251 3135 accepta
1274 3057 1383 3136 syllaba

92 3159 177 3218 σθαι
198 3160 313 3220 iaciunt
334 3178 370 3218 ex
393 3178 424 3218 se
447 3161 571 3238 passiva,
595 3166 705 3220 ποιεῖν
726 3161 912 3229 ποιεῖσθαι,
935 3156 1035 3239 τιμάν
1056 3152 1225 3239 τιμᾶσθαι,
1256 3155 1384 3237 δηλοῦν

92 3256 294 3338 δηλοῦσθαι.
325 3261 430 3339 quodsi
453 3263 513 3322 sint
534 3261 570 3321 de
593 3261 746 3341 barytono,
771 3263 860 3323 etiam
883 3281 895 3321 ι
914 3262 1062 3331 amittunt,
1087 3254 1198 3338 λέγειν
1213 3254 1381 3338 λέγεσθαι,

90 3356 240 3441 γράφειν
259 3357 463 3441 γράφεσθαι.
508 3365 583 3423 liunt
604 3371 634 3423 et
655 3363 692 3423 de
714 3364 875 3424 indicativo
896 3364 1026 3443 passivo:
1050 3370 1144 3422 mutat
1166 3364 1245 3422 enlm
1267 3382 1285 3421 τ
1308 3366 1338 3423 in
1361 3375 1382 3422 σ

90 3460 149 3522 καὶ
170 3465 248 3524 θοι
269 3464 341 3524 lacit
361 3456 615 3545 άπαρέμφατον.
658 3483 714 3525 nec
737 3465 831 3525 solum
854 3464 909 3524 boc
932 3465 1134 3543 inpraesenti
1157 3470 1299 3542 tempore,
1329 3466 1380 3525 sed
1404 3468 1406 3475 ⁴

50 3588 77 3627 so
90 3572 120 3623 et
140 3566 172 3624 in
194 3568 356 3643 praeterito
378 3574 409 3626 et
430 3567 546 3635 loturo,
575 3566 721 3646 φιλεῖται
743 3566 932 3646 φιλεῖσθαι,
960 3564 1140 3645 πεφίληται
1162 3565 1379 3644 πεφιλῆσθαι,

89 3662 321 3776 φιληθῆσεται
351 3663 615 3748 φιληθῆσεσθαι.
666 3677 712 3729 est
744 3677 775 3727 et
807 3668 864 3728 alia
898 3668 1070 3745 diligentior
1097 3666 1266 3729 observatio
1300 3671 1379 3729 circa

89 3744 349 3848 παρακείμενάν.
394 3788 463 3829 nam
484 3772 621 3849 quotiens
643 3772 675 3830 in
695 3769 877 3849 paenultima
906 3769 995 3831 hahet
1017 3790 1046 3839 κ
1077 3777 1146 3830 tunc
1169 3772 1275 3831 amissa
1298 3779 1377 3831 utra·

88 3886 148 3947 que
169 3868 287 3948 syllaba
308 3880 338 3931 et
360 3880 482 3951 accepta
509 3873 626 3933 σθαι
619 3891 650 3933 m
671 3874 820 3951 passivum
844 3876 960 3942 transit,
983 3866 1208 3952 πεπατηκέναι
1231 3873 1378 3953 πεπατῆ-

88 3970 180 4041 σθαι,
202 3966 420 4051 γεγελακέναι
447 3968 664 4052 γεγελάσθαι,
688 3969 896 4035 πεπλακέναι
918 3969 1125 4035 πεπλάσθαιε
1157 3982 1208 4034 aut
1229 3975 1378 4036 interdum

48 4074 151 4139 mdccc
172 4072 264 4134 solam
286 4075 396 4153 accipit
417 4078 482 4135 sine
505 4088 541 4145 σ,
565 4076 617 4136 sed
639 4084 709 4137 tunc
731 4079 870 4157 quotiens
893 4086 960 4138 ante
982 4097 1002 4137 κ
1025 4077 1136 4156 liquida
1164 4079 1322 4155 reperitur,
1346 4086 1379 4137 ut

88 4170 275 4236 τετιλκέναι
289 4174 449 4247 τετίλθαι,
465 4173 666 4257 κεκαρκέναι
681 4174 855 4259 κεκάρθαι,
879 4174 1080 4259 έρραγκέυαι
1096 4174 1275 4257 έρράνθαι;
1299 4181 1377 4253 upde

86 4277 272 4355 intellegitur
294 4280 325 4339 in
341 4279 432 4340 verbo
453 4298 484 4358 γ,
508 4281 587 4359 quod
608 4282 666 4341 luit
687 4289 755 4341 ante
777 4300 807 4351 κ,
830 4275 974 4361 δυνάμει
996 4301 1017 4341 ν
1037 4282 1143 4342 luisse.
1185 4282 1290 4360 quodsi
1312 4299 1376 4342 πα-

88 4378 286 4460 ρακείμενος
312 4384 426 4442 activus
453 4381 559 4442 babuit
586 4384 618 4442 in
639 4384 821 4462 paenultima
843 4393 894 4443 aut
915 4403 941 4463 φ
965 4391 1015 4445 aut
1037 4401 1065 4461 χ,
1089 4376 1188 4459 tunel
1212 4402 1329 4463 quoque
1350 4386 1377 4445 θ

86 4482 205 4561 accipit,
227 4477 435 4562 γεγραφέναι
455 4478 658 4564 γεγράφθαι,
681 4479 859 4565 νενυχέναι
880 4480 1056 4564 νευύχθαι.
1094 4484 1192 4545 Latini
1214 4486 1307 4547 luturi
1329 4488 1374 4546 in·

153 4702 279 4769 λλελεχε
297 4718 344 4754 om
356 4705 388 4764 P,
406 4704 496 4768 add.p
565 4706 598 4755 10
613 4701 728 4771 χρῆναι]
747 4707 859 4771 χρεῖναι
876 4706 900 4753 Ρ
968 4707 998 4754 11
1017 4706 1105 4755 sortita
1122 4704 1309 4755 scdmultasP

84 4774 117 4822 13
134 4770 298 4834 καικαρθαι
313 4772 339 4821 Ρ
405 4771 544 4836 φιλεσθαι
561 4773 586 4823 Ρ
653 4773 842 4822 inveterantur
860 4775 884 4822 Ρ
950 4776 982 4823 29
999 4774 1089 4823 sedin
1102 4774 1275 4839 praeteritoP
1341 4778 1375 4827 30

82 4840 225 4903 πεφιλητε
241 4840 423 4905 πεφιλῆσθαι
443 4840 675 4907 πεφιληθησεται
691 4841 948 4920 πεφιληθησεσθαι
965 4842 990 4890 Ρ
1056 4843 1090 4893 36
1107 4858 1294 4907 καικαρκεναι
1311 4860 1373 4895 και-

81 4906 196 4972 καρθαι
210 4908 234 4957 Ρ
299 4910 332 4959 37
344 4918 403 4957 ante
415 4924 432 4958 κ
444 4926 462 4973 p
474 4920 534 4958 ante
546 4926 563 4973 χ
574 4910 600 4958 Ρ
665 4912 698 4961 39
710 4904 861 4975 νεννχέναι
872 4928 890 4975 p
903 4924 1018 4975 νεχεναι
1032 4910 1055 4959 Ρ
