3350 5442
291 1465 465 1567 (w
521 1409 872 1561 corsuum

637 1633 757 1713 ARS

392 1819 463 1902 oa
495 1819 701 1903 nonina
732 1819 797 1900 nr
829 1799 1013 1904 ranno

215 2005 287 2088 oa
319 2002 680 2090 nlnnnnrsurs
711 2004 777 2086 nr
808 1965 1177 2094 Mararmanis
1253 2093 1270 2166 ρ

142 2390 177 2454 In
204 2388 332 2457 dnobus
363 2391 531 2456 Consentii
559 2389 651 2455 libris
679 2400 745 2454 tres
780 2389 920 2456 adhibiti
954 2404 1031 2458 sunt
1057 2394 1187 2460 codices
1215 2393 1344 2461 saeculo

78 2489 180 2555 decimo
202 2493 333 2578 scripti,
356 2491 562 2556 Monacensis
587 2491 700 2572 14666,
723 2493 778 2576 qui
801 2492 865 2556 suit
887 2492 964 2558 olim
985 2495 1238 2561 Ratisbonensis
1261 2499 1347 2561 Em—

77 2611 215 2656 neramus
244 2594 276 2657 G
298 2593 356 2672 50,
384 2594 510 2658 formae
540 2593 719 2678 quadratae
748 2595 880 2658 minoris
911 2595 991 2677 (M);
1020 2595 1195 2661 Bernensis
1217 2599 1281 2662 432
1304 2623 1347 2663 ex

77 2689 241 2758 llioiacensi
267 2697 465 2759 monasterio
494 2717 595 2781 prope
625 2693 842 2760 Aurelianum
870 2695 933 2760 sito
962 2696 1038 2760 olim
1067 2697 1231 2780 sublatus,
1261 2701 1346 2763 siout

77 2795 197 2875 probant
224 2797 306 2860 haec
333 2817 416 2882 quae
444 2797 478 2859 in
506 2795 570 2858 fine
597 2795 719 2859 codicis
748 2796 882 2882 antiqua
909 2819 1008 2861 manu
1036 2800 1159 2884 scripta
1181 2811 1273 2884 sunt,
1296 2806 1347 2865 hic

78 2907 110 2966 est
131 2903 202 2960 iiber
227 2905 326 2962 sancti
351 2903 514 2962 maximini
539 2903 734 2960 miciacensis
761 2905 939 2961 monasterii
965 2921 1052 2978 pacm
1079 2909 1107 2964 si
1132 2908 1199 2980 qais
1225 2907 1264 2965 cie
1290 2909 1347 2967 isto

77 2999 127 3059 loco
146 3047 153 3061 .
170 3046 177 3062 .
194 3047 201 3061 .
219 3047 242 3071 .,
274 3008 390 3084 postea
418 2997 524 3062 sactus
553 2997 745 3081 Bongarsii,
775 3000 868 3062 cuius
897 3022 1013 3065 nomen
1036 3003 1069 3064 in
1098 3003 1204 3088 prima
1225 3005 1347 3089 pagina

78 3099 210 3182 seriptum
232 3110 297 3180 cst,
320 3101 446 3164 formae
468 3097 649 3185 quadratae
668 3097 742 3192 (B)3
768 3099 942 3180 Leidensis
958 3103 1014 3187 qui
1036 3112 1086 3166 est
1107 3105 1193 3168 inter
1214 3105 1344 3169 codices

78 3194 234 3268 l'ossianos
256 3202 381 3264 formae
403 3199 537 3265 minoris
560 3225 590 3263 n.
606 3200 646 3264 37
665 3199 732 3284 (L).
763 3223 805 3265 ex
819 3203 870 3266 his
887 3225 971 3266 unus
986 3203 1194 3269 Monacensis
1216 3216 1348 3270 utrum—

79 3319 125 3381 qne
144 3301 306 3366 Consentii
328 3301 448 3366 librum
471 3303 629 3382 continet,
652 3300 676 3364 1.
702 3302 718 3364 1
742 3310 853 3382 incipit
874 3325 927 3367 ars
948 3313 1167 3370 consentiiac.
1192 3312 1230 3372 de
1247 3314 1347 3388 parti·

79 3402 119 3462 ias
137 3411 277 3470 orationis
300 3403 306 3489 Ι
330 3409 438 3468 Partes
467 3409 613 3468 orationis
634 3437 677 3450 —-
699 3402 721 3466 1.
743 3404 808 3468 39*
827 3408 940 3480 sontes.
964 3413 1091 3486 explicit
1111 3409 1233 3472 maiore
1254 3420 1348 3495 parte

79 3505 195 3585 paginae
215 3526 321 3571 vacua
342 3503 465 3568 relicta.
510 3503 533 3566 1.
557 3504 599 3567 40
626 3511 732 3584 incipit
754 3526 806 3569 ars
828 3514 975 3570 consentii
996 3530 1065 3572 .a.c.
1095 3515 1133 3572 de
1154 3515 1349 3574 barbarismis

80 3615 100 3663 et
117 3605 333 3693 metaplasmisl
357 3611 551 3670 Barbarismi
570 3643 611 3652 —-
634 3605 657 3668 1.
680 3605 746 3670 55*
769 3611 957 3671 intuebimur.
985 3616 1120 3688 explicit.
1142 3612 1250 3697 prima
1270 3634 1348 3697 pars

80 3705 179 3770 codicis
199 3730 303 3793 usque
326 3707 368 3771 ad
391 3730 423 3794 p.
439 3707 525 3771 2030
546 3712 601 3770 hoc
616 3713 714 3770 torale
736 3712 793 3772 hoc
815 3719 933 3772 soracte
954 3707 1020 3772 alia
1041 3733 1139 3775 manu
1162 3733 1201 3775 ac
1223 3711 1350 3797 reliqua

79 3806 183 3894 peripta
214 3818 274 3872 est.
319 3830 377 3894 per
410 3818 513 3874 totum
546 3808 692 3873 codicem
727 3817 835 3872 autem
863 3809 1021 3895 quaedam
1050 3833 1114 3874 non
1143 3811 1244 3877 multo
1274 3823 1350 3899 post

82 3916 202 3973 veterem
223 3909 438 3996 scripturam,
461 3919 498 3974 ut
519 3909 665 3991 videtur,
690 3908 804 3974 addita
825 3909 878 3976 vel
900 3920 1045 3977 correcta
1067 3922 1157 3995 sunt,
1186 3935 1271 3998 quae
1291 3914 1350 3978 ubi

83 4011 337 4075 commemoranda
358 4034 431 4075 csse
452 4011 651 4076 videbantur
672 4032 700 4074 m
723 4009 834 4076 littera
857 4013 1023 4099 adscripta
1043 4014 1196 4079 indicavi.
1244 4015 1350 4079 codex

84 4105 231 4176 Bernmsis
254 4111 374 4176 librum
397 4111 438 4176 de
465 4113 597 4178 nomine
624 4124 657 4176 et
679 4114 781 4177 verbo
804 4115 967 4195 eontinet,
989 4116 1013 4178 f.
1039 4119 1054 4178 1
1079 4123 1187 4197 incipit
1207 4138 1259 4180 ars
1280 4137 1348 4179 con·

84 4219 151 4274 rmiii
167 4221 227 4278 uiri
247 4221 329 4278 clari
349 4212 355 4300 Ι
375 4219 417 4276 aa
439 4220 539 4292 qrcinti
557 4219 687 4278 consutis
712 4215 832 4295 [painqt
858 4217 1002 4298 ciuitati]
1024 4223 1029 4292 1
1053 4222 1091 4279 de
1112 4223 1208 4282 dano:
1227 4222 1348 4298 partib3

85 4320 299 4380 marimanam
322 4327 351 4379 et
372 4319 463 4380 aerio
487 4314 492 4401 Ι
512 4320 619 4378 Partes
641 4321 787 4379 orationis
811 4353 846 4361 -
871 4317 894 4380 1.
918 4317 961 4380 30
978 4320 1089 4391 sontes.
1114 4341 1219 4403 pauca
1239 4319 1274 4381 in
1295 4340 1349 4382 ve-

86 4422 136 4477 tere
160 4417 318 4504 scriptura
344 4427 490 4481 correcta
517 4427 610 4495 sunt,
638 4416 673 4478 in
701 4415 820 4502 quibus
848 4415 1039 4503 plerumque
1065 4440 1131 4483 non
1158 4419 1239 4484 satis
1262 4425 1350 4483 certo

86 4520 249 4584 correctoris
273 4539 390 4582 manus
414 4517 549 4602 abipso
572 4515 707 4582 librario
730 4517 873 4582 discerni
894 4529 1012 4605 potest.
1042 4529 1118 4605 post
1140 4521 1293 4585 Consent'
1271 4529 1351 4584 trum

88 4616 185 4702 scripta
199 4629 274 4683 sunt
288 4620 380 4699 haec,
402 4620 427 4682 f.
443 4617 608 4684 30*-35*
623 4618 775 4701 Agroecii
798 4641 851 4683 ars
873 4621 915 4684 de
935 4619 1183 4707 orthographia,
1206 4621 1352 4686 135*-

87 4713 284 4784 thrisciani
308 4720 471 4784 institutio
496 4685 536 4784 de
558 4719 687 4784 nomine
710 4729 743 4784 et
764 4721 955 4806 pronomine
977 4732 1010 4787 et
1031 4723 1143 4802 verbo,
1165 4721 1188 4784 1.
1205 4723 1287 4786 46-
1291 4720 1354 4785 49*

89 4812 172 4884 Servii
193 4821 232 4884 de
253 4820 375 4885 ultimis
398 4819 535 4906 syllabis
558 4819 696 4904 liberp.
721 4823 847 4887 1809-
854 4823 935 4886 1816
956 4823 983 4886 Ρ
1006 4824 1060 4907 (cl
1086 4824 1152 4890 vol.
1175 4823 1225 4886 lv
1248 4824 1351 4909 praef.

126 4925 289 4971 omnnium
307 4929 397 4970 ternu
411 4929 440 4974 v.
1109 4925 1151 4988 22
