3350 5442
600 345 840 410 COMMENTVM
1308 345 1371 411 257
1455 340 1456 345 ’

1185 467 1206 509 p.
1220 457 1310 497 aco-co
1323 455 1347 495 ι.

77 531 218 594 discretio
244 533 399 622 praeteriti
425 533 574 614 participii
602 541 632 595 et
660 536 803 605 nominis,
832 542 865 595 ut
894 542 938 595 εει
965 536 1045 595 risus
1072 516 1179 597 cultus.
1223 536 1305 596 visus
1327 533 1373 615 [ει

76 631 185 714 cultus]
211 641 241 696 et
262 652 372 696 nomen
393 641 493 714 potest
514 638 593 706 osse',
617 645 647 698 ει
661 637 849 717 participium
864 643 964 716 potest
978 653 1056 704 εεεε;
1081 632 1187 719 εεΙΙιεε
1209 644 1240 697 ει
1260 654 1372 697 nomen

75 745 174 816 potest
202 755 280 808 esse,
309 744 338 798 et
365 737 554 817 participium
582 744 680 817 potest
707 755 780 800 csse.
827 737 881 800 sed
908 744 953 798 εει
981 736 1122 798 discretio
1155 738 1245 799 huius
1282 737 1372 805 modi,

76 838 171 916 quod,
194 837 314 919 quaudo
336 839 526 920 participium
549 847 607 910 cst,
631 839 779 902 secundae
802 849 848 900 est
870 838 1089 909 declinationis;
1119 839 1239 917 quando
1261 858 1372 902 nomen

53 949 137 1010 εεει,
162 948 285 1020 quartae
308 947 353 1003 est
373 939 589 1002 declinationis.
635 943 660 1002 si
683 940 762 1002 dicas
785 945 866 1003 visus
887 942 959 1011 risi,
982 941 1173 1021 participium
1195 949 1256 1012 est;
1279 945 1305 1004 si
1327 943 1372 1003 di-

75 1060 124 1104 cas
147 1043 197 1104 hic
218 1045 297 1106 risus
320 1042 408 1105 huius
431 1044 524 1113 visus,
548 1043 606 1104 erit
628 1060 746 1106 nornen.
778 1061 849 1105 ecce
871 1042 963 1105 hahes
986 1042 1197 1105 discretionem
1220 1046 1372 1124 praeteriti

75 1145 224 1226 participii
247 1155 276 1207 et
299 1147 442 1214 nominis,
466 1144 560 1223 quod,
585 1145 702 1225 quando
725 1155 777 1206 est·
791 1145 997 1226 participium,
1027 1145 1177 1207 secundae
1199 1145 1372 1207 declinatio·

75 1248 120 1307 nis
150 1241 209 1316 εει;
237 1247 354 1328 quando
382 1256 481 1310 autem
514 1253 560 1310 εει
591 1265 715 1317 nomen,
750 1254 873 1327 quartae
901 1244 1107 1309 declinationis
1135 1254 1190 1309 εει.
1235 1245 1374 1308 similiter

76 1355 227 1428 sumptus:
256 1351 280 1410 si
308 1348 344 1410 ah
375 1368 411 1410 eo
440 1349 518 1430 quod
548 1357 594 1411 εει
620 1369 723 1412 sumor
751 1357 887 1429 sumptus
914 1350 969 1420 sit,
993 1346 1198 1430 [participium
1220 1351 1373 1430 praeteriti

45 1473 66 1512 ro
76 1446 223 1536 sumptus]
248 1451 438 1532 participium
461 1457 522 1520 εει;
546 1453 572 1513 si
594 1450 631 1513 ab
654 1471 690 1513 eo
712 1450 791 1531 quod
815 1460 860 1513 εει
881 1457 1017 1531 sumptus
1038 1450 1128 1513 huius
1149 1459 1295 1532 sumptus,
1319 1452 1376 1512 cn't

75 1571 185 1614 nomen
214 1560 338 1634 quartae
365 1552 587 1624 declinationis,
616 1554 734 1634 quarmo
761 1554 955 1633 inpensiunes
977 1554 1187 1631 significamus.
1234 1561 1281 1614 εει
1301 1553 1374 1614 item
1384 1565 1445 1624 441,
1460 1565 1492 1614 18

76 1656 264 1736 participium
287 1655 380 1717 iutnri
401 1656 545 1736 temporis
574 1661 603 1716 ot
624 1655 694 1717 iacit
716 1655 802 1716 nohis
825 1654 1024 1725 dubietatem,
1046 1664 1079 1716 ut
1099 1663 1143 1716 εει
1164 1653 1373 1725 moribundus.

76 1757 126 1818 sed
148 1763 250 1819 utrum
273 1759 328 1820 ista
350 1759 504 1838 participia
528 1759 603 1827 sint,
627 1774 664 1817 an
688 1757 823 1828 nomina,
852 1757 911 1817 iam
934 1774 971 1817 ex
992 1759 1108 1818 ratione
1131 1757 1260 1836 colligis,
1284 1757 1372 1836 quod,

76 1860 100 1920 si
120 1859 276 1940 participia
299 1868 383 1930 sunt,
406 1858 586 1921 redeuntia
608 1876 752 1938 praeseus
774 1858 980 1938 participium
1008 1859 1035 1918 si
1056 1859 1175 1920 nomina
1199 1868 1283 1930 sunt,
1314 1877 1374 1920 non

44 1984 65 2024 ιε
75 1961 203 2023 redeunt
229 1963 260 2022 in
290 1980 432 2042 praeseus
459 1961 659 2041 participium.
703 1959 848 2038 legendus
876 1959 1054 2021 scribendus
1076 1979 1136 2022 oon
1159 1960 1299 2026 ridentur
1320 1960 1374 2022 tibi

76 2063 142 2124 talia
172 2081 256 2134 esse,
285 2059 372 2144 quale
400 2070 445 2124 εει
471 2062 684 2124 moribundus?
722 2062 775 2123 sed
803 2061 947 2140 legendus
974 2062 1154 2125 scribendus
1187 2062 1315 2125 redeunt
1341 2063 1373 2123 in

75 2184 219 2246 praesens
254 2166 457 2246 participium,
496 2163 692 2226 moribundus
728 2182 789 2226 non
822 2164 902 2227 redit
933 2166 965 2226 in
998 2183 1141 2244 praeseus
1173 2167 1371 2245 participium.

75 2267 233 2346 legendus,
256 2267 326 2329 tolle
347 2267 418 2328 inde
440 2266 495 2328 dus
518 2273 548 2327 ει
569 2266 644 2328 adde
665 2284 694 2334 ε,
724 2273 754 2326 ει
780 2266 851 2328 lacit
872 2285 1014 2347 praesens
1035 2265 1156 2347 legens;
1187 2266 1372 2338 scribendus,

76 2369 237 2442 tolledus‚
261 2369 385 2439 addes,
409 2368 555 2433 scribens.
600 2369 789 2429 econtrario
812 2367 1022 2431 moribundus:
1054 2369 1100 2432 iac
1123 2387 1278 2451 praescus;
1312 2387 1373 2430 non

42 2479 176 2552 mpotes,
200 2473 268 2552 quia
291 2489 351 2532 non
373 2472 525 2549 sequitur:
549 2468 760 2541 moribundus,
785 2468 856 2531 tolie
872 2468 941 2540 dus,
964 2478 1100 2532 remanet
1121 2470 1275 2542 moribun,
1299 2470 1374 2532 adde

74 2593 104 2646 s,
129 2582 160 2636 et
182 2591 270 2636 nemo
294 2573 366 2634 dicit
387 2571 558 2642 moribuns;
582 2573 712 2634 moriens
735 2574 814 2634 enim
837 2571 972 2634 dicimus.
1002 2572 1199 2643 furibundus,
1221 2571 1293 2636 tolle
1307 2573 1372 2643 dus,

74 2682 211 2737 remanet
232 2675 368 2744 iuribun,
391 2673 466 2735 adde
494 2693 524 2744 s;
551 2674 688 2736 iuribuns
718 2691 778 2735 nou
801 2680 847 2734 εει
868 2672 1005 2749 latinum,
1035 2675 1088 2736 sod
1109 2675 1213 2736 iurene
1235 2675 1370 2737 dicimus.
1460 2711 1465 2717 ε

75 2777 79 2859 Ι
103 2795 178 2857 ergo
200 2777 270 2840 hinc
293 2782 415 2858 apparot
436 2778 575 2857 quoniam
591 2795 652 2838 non
669 2783 715 2838 εει
735 2765 939 2857 participium,
961 2778 987 2837 si
1009 2795 1070 2838 non
1092 2776 1216 2838 redierit
1234 2779 1264 2838 in
1287 2795 1373 2858 prae·

72 2899 144 2942 sens
167 2880 372 2961 participium
401 2879 426 2939 si
449 2886 547 2941 autom
570 2879 707 2949 redierit,
731 2887 801 2940 tunc
823 2878 1013 2958 participium
1036 2887 1091 2940 εει.
1134 2878 1191 2940 hae
1212 2886 1284 2940 sunt
1302 2899 1372 2960 pro·

39 2984 162 3062 aspriae
183 2981 370 3044 diilereutiae
391 2979 576 3059 singulorum
598 2981 837 3062 participiorum.
860 2984 894 3040 ut
912 2997 1054 3060 praesens
1075 2981 1264 3060 participium
1286 3000 1373 3061 regu·

72 3083 116 3145 las
140 3083 252 3146 habeat
273 3101 327 3164 per
349 3083 549 3144 accusativum
572 3092 603 3144 ει
623 3085 806 3162 genetivum,
829 3083 1026 3162 praeteritum
1049 3084 1237 3162 participium
1261 3084 1374 3146 discer-

72 3204 126 3248 nas
150 3204 208 3267 per
231 3192 366 3266 quartam
389 3183 617 3246 declinationem
641 3191 671 3246 ει
692 3183 871 3254 secundam,
894 3184 1029 3245 luturum
1051 3186 1240 3265 participium
1261 3185 1373 3248 discer-

70 3307 125 3350 nas
155 3305 212 3368 per
239 3285 369 3347 reditum
396 3287 428 3347 in
454 3304 595 3367 praesens
622 3287 830 3366 participium,
859 3285 905 3347 rel
932 3287 958 3346 si
986 3303 1046 3347 nou
1073 3287 1259 3348 remeaverit
1305 3295 1375 3350 sunt

71 3397 177 3452 tamon
200 3389 277 3452 duae
301 3387 495 3450 discretiones
523 3386 702 3467 generaliter
722 3407 777 3470 per
799 3389 856 3450 tria
876 3389 933 3448 ista
954 3388 1124 3469 participia,
1149 3390 1321 3470 conparatio
1346 3399 1376 3449 et

38 3503 205 3572 solempne.
249 3491 276 3552 si
302 3491 545 3571 conparationem
574 3489 725 3562 habuerit,
758 3508 868 3551 nomen
897 3499 956 3559 εει;
991 3491 1053 3552 sire
1080 3491 1286 3570 conparativns
1320 3499 1373 3561 est,

70 3596 134 3655 sire
159 3592 357 3674 superlativus
380 3597 438 3663 εει,
462 3609 572 3652 nomen
594 3599 649 3653 εει.
674 3593 720 3652 ἐἰ
742 3600 860 3671 tempus
881 3589 1037 3663 habuerit,
1061 3594 1123 3653 sire
1145 3610 1289 3672 praesens
1311 3594 1374 3652 sire

70 3697 271 3776 praeteritum
293 3695 355 3756 sire
376 3694 524 3763 futurum,
549 3694 737 3774 participium
760 3703 812 3754 est.
846 3700 915 3774 puta
943 3693 1064 3774 qrrando
1078 3694 1145 3756 dico
1174 3699 1296 3756 ‘amans
1316 3694 1374 3755 hoc

70 3799 159 3870 ioci',
184 3796 263 3876 quid
292 3803 338 3858 εει
364 3798 486 3858 ‘amaus
507 3795 565 3856 hoc
587 3795 684 3856 ieci'i
711 3795 741 3856 id
764 3803 810 3856 est
832 3795 920 3856 ‘dum
942 3813 1074 3858 amarem
1096 3795 1153 3857 hoc
1175 3795 1260 3860 ieoi’,
1304 3814 1374 3858 ecce

69 3900 164 3962 habet
188 3907 320 3979 tempus,
344 3899 532 3979 participium
549 3905 601 3959 est.
632 3914 702 3958 ecce
724 3913 796 3976 ergo
818 3916 923 3959 amans
944 3899 1134 3979 participium
1156 3905 1202 3958 εει
1221 3917 1374 3978 praesens.

40 4002 142 4063 eitem
173 4001 207 4062 in
233 4001 396 4080 praeterito
422 4002 516 4072 risus,
546 4001 624 4060 visus
651 4007 770 4080 tempus
797 3999 903 4071 habet;
931 4002 1003 4062 item
1032 4000 1063 4060 in
1093 4001 1193 4061 loturo
1220 3999 1374 4080 legendus,

72 4122 141 4166 ecco
166 4103 240 4164 hinc
262 4101 379 4163 ridetur
401 4103 607 4183 participium,
632 4103 771 4180 qnoniam
800 4100 892 4163 habet
912 4109 1038 4182 tempus.
1083 4119 1156 4180 crgo
1177 4103 1202 4163 si
1223 4104 1375 4164 inventum

71 4206 165 4269 luerit
189 4211 324 4286 tempus,
356 4213 443 4265 erunt
470 4205 524 4265 ista
554 4205 653 4266 omnia
682 4203 852 4283 participia;
883 4206 909 4265 si
931 4223 992 4265 non
1013 4205 1166 4265 inventum
1187 4205 1279 4266 fuerit
1299 4214 1375 4267 tem·

71 4327 142 4388 pus,
176 4312 268 4368 eruut
297 4307 427 4368 nomina.
472 4313 517 4367 est
543 4323 659 4368 amans:
688 4306 713 4365 si
740 4304 778 4367 ab
808 4325 844 4368 eo
867 4307 945 4385 quod
969 4312 1014 4367 εει
1035 4324 1102 4367 amo
1123 4305 1182 4367 ieci
1204 4324 1322 4377 amaus,
1344 4306 1376 4366 id

72 4416 118 4471 εει
146 4407 222 4470 dum
250 4426 395 4479 amarem,
423 4409 450 4469 si
476 4407 546 4469 inde
573 4407 704 4470 volueris
730 4407 831 4470 dicere
861 4427 980 4478 amane,
1011 4406 1015 4490 l
1045 4407 1232 4487 participium
1261 4415 1320 4478 εει;
1350 4408 1375 4468 si

40 4519 173 4574 cautem
200 4509 310 4572 dixeris
332 4528 433 4571 amans
456 4509 602 4572 amantior
625 4509 860 4582 amantissimus,
885 4512 942 4572 crit
964 4527 1083 4571 nomen.
1109 4496 1252 4571 'similiter
1273 4511 1376 4572 incen-

73 4772 158 4890 ΑΒΞ
179 4769 265 4819 cultus
284 4777 309 4818 ει
326 4783 418 4820 nornen
434 4773 518 4834 potest
535 4781 592 4817 εεεε
609 4773 635 4816 ει
653 4767 812 4833 participium
828 4774 914 4832 potest
930 4781 989 4820 esse
1003 4766 1086 4817 oar-G
1170 4766 1204 4819 lo
1222 4782 1272 4817 uon
1291 4775 1376 4834 potest

122 4927 305 4972 enamuurur
320 4927 410 4970 tantu
425 4928 452 4970 v.
1131 4920 1168 4985 17
