3350 5442
315 344 376 410 174
885 346 1038 409 rouruu

338 468 360 509 p.
374 455 462 497 are-ra
476 453 497 495 u

313 537 362 596 ‘in
390 534 497 615 quibus
524 552 633 613 genera
661 533 856 595 discernenda
884 543 968 606 suut,
997 534 1083 596 aliter
1109 534 1318 615 proterenda'.
1364 544 1395 597 et
1421 534 1491 616 quid
1514 537 1599 613 ergol

311 636 480 698 laciendum
505 643 548 697 est
568 643 603 697 ut
623 638 698 698 scias
725 654 819 717 pauca
849 654 914 698 esse
941 654 1018 715 quae
1040 637 1203 699 differenda
1224 646 1308 708 sunt,
1334 644 1363 699 et
1385 638 1457 699 dicit
1478 637 1600 717 ‘absque

311 740 375 800 istis
398 740 497 799 omnia
518 739 550 799 in
571 740 596 799 is
618 739 798 818 proferenda
820 742 918 799 sunt'.
964 741 1010 799 vix
1032 740 1164 818 quinque
1191 747 1241 800 aut
1262 759 1314 801 sex
1335 741 1527 801 inveniuntur
1550 758 1599 800 no·

311 843 390 902 mina
414 858 489 919 qnae
511 842 552 901 ita
574 842 780 920 prolerantur,
805 840 884 903 mula
907 840 1053 901 mularum
1075 840 1227 911 mulabus,
1251 861 1326 921 equa
1349 858 1492 920 equarum
1516 859 1600 919 equa-

309 943 382 1015 bus,
406 943 464 1004 lilia
486 942 612 1004 filiarum
634 942 762 1014 filiabus,
786 943 842 1004 dea
865 942 986 1004 dearum
1011 942 1137 1014 deabus,
1161 942 1324 1028 etreliqua
1347 962 1439 1005 uuum
1461 951 1513 1005 aut
1534 943 1623 1005 duos

310 1048 368 1107 iam
397 1047 461 1123 ipse
490 1044 577 1116 dixit,
607 1062 681 1124 quae
710 1052 778 1105 sunt
806 1053 928 1126 excepta
958 1045 1146 1107 discretionis
1173 1064 1269 1107 causa.
1314 1048 1384 1107 item
1419 1064 1436 1106 e
1467 1053 1602 1124 correpta

311 1148 409 1209 littera
437 1148 612 1209 terminatus
639 1144 783 1208 ablativus
810 1149 979 1226 genetivum
1002 1145 1147 1226 pluralem
1171 1148 1201 1208 in
1225 1167 1274 1209 um
1295 1150 1398 1219 mittit,
1422 1148 1553 1209 dativum
1576 1155 1604 1207 el

311 1248 468 1311 ablativum
491 1251 521 1310 in
545 1248 608 1323 bus,
633 1257 666 1310 ut
687 1248 724 1319 ab
748 1249 805 1310 boc
826 1251 940 1329 pariete
962 1248 1069 1310 borum
1092 1251 1238 1329 parietum
1261 1249 1307 1311 bis
1330 1256 1359 1310 et
1380 1249 1417 1311 ab
1439 1249 1486 1311 bis
1509 1252 1602 1330 parie-

310 1351 400 1413 tibus.
432 1350 436 1432 Ι
464 1351 516 1412 sed
543 1353 598 1413 ista
626 1372 642 1413 e
670 1350 829 1430 aliquando
857 1354 889 1413 in
916 1353 927 1411 i
955 1352 1079 1411 vertitur
1107 1359 1137 1411 et
1163 1352 1207 1411 sic
1228 1352 1336 1432 accipit
1358 1341 1422 1421 um,
1446 1351 1603 1429 aliquando

310 1456 390 1535 perit
412 1454 505 1515 etsie
527 1454 635 1532 accipit
657 1472 721 1515 um:
744 1455 823 1533 perit
846 1472 877 1523 e,
900 1451 930 1512 id
954 1462 998 1513 est
1020 1452 1057 1513 ab
1079 1451 1137 1513 hoe
1158 1463 1282 1534 parente
1303 1453 1411 1515 borum
1430 1462 1635 1534 parentum310

310 1563 405 1619 mutat
428 1574 444 1617 e
465 1557 495 1616 in
517 1557 543 1625 i,
567 1563 601 1619 ut
621 1554 658 1615 ab
681 1554 737 1615 bac
760 1554 844 1615 elada
866 1553 1003 1616 cladium.
1100 1552 1104 1561 '

639 1739 687 1786 nn
709 1738 862 1788 uvuarus
885 1738 988 1800 ovasr
1010 1738 1268 1789 nurnacrauno
1368 1705 1374 1718 ’

396 1846 509 1908 Accidit
536 1846 625 1907 etiam
656 1848 769 1906 nomini
797 1864 948 1907 numerus.
992 1845 1045 1907 sed
1073 1846 1149 1925 apud
1173 1846 1293 1907 Latinos
1315 1845 1374 1907 duo
1397 1853 1467 1907 sunt
1487 1853 1604 1907 tantum

222 2008 225 2017 ,
311 1947 399 2010 modo
422 1949 554 2018 numeri,
576 1946 735 2027 singularis
758 1955 787 2009 et
808 1948 946 2027 pluralis;
970 1948 1049 2027 apud
1072 1948 1202 2010 Graecos
1224 1955 1269 2009 est
1291 1950 1379 2008 etiam
1402 1946 1506 2009 dualis.
1545 1950 1603 2009 siu-

310 2051 420 2129 gularis
446 2059 491 2112 est
517 2068 674 2122 uumerus,
705 2051 755 2131 qui
783 2068 873 2113 unum
901 2050 1060 2129 significat,
1089 2060 1121 2112 ut
1149 2059 1218 2131 puta
1246 2050 1294 2111 bic
1320 2050 1427 2119 bomo;
1455 2070 1534 2111 unus
1562 2058 1638 2110 estc

310 2160 424 2215 tanturn
452 2151 550 2213 modo.
594 2152 717 2233 pluralis
745 2158 790 2213 est
817 2170 975 2223 uumerus,
1004 2155 1055 2234 qui
1083 2152 1192 2214 multos
1214 2154 1373 2231 signifieat,
1398 2151 1429 2212 bi
1450 2151 1603 2219 bomines;

309 2262 380 2336 puta
402 2262 535 2324 centum,
564 2253 684 2316 ducenti
711 2255 735 2315 si
763 2256 831 2315 siut.
877 2253 974 2316 dualis
996 2263 1055 2325 est,
1085 2257 1137 2335 qui
1157 2254 1231 2316 duos
1253 2262 1367 2316 tantum
1389 2255 1551 2332 significat,
1575 2263 1606 2314 ut

309 2359 335 2419 si
357 2358 438 2419 dicas
460 2357 527 2418 duo.
554 2355 611 2417 lroe
633 2358 729 2435 ipsum
752 2356 871 2435 quaudo
894 2355 960 2417 dieo
983 2356 1057 2436 duo,
1081 2374 1179 2436 neque
1203 2374 1296 2417 uuum
1317 2364 1416 2435 potest
1436 2356 1606 2435 siguificare

310 2477 406 2540 neque
428 2458 552 2528 multos,
576 2457 737 2519 etidcirco
761 2456 869 2519 dieitur
891 2457 994 2520 dualis.
1026 2465 1056 2519 et
1076 2467 1146 2519 suut
1166 2458 1226 2520 duo
1248 2460 1368 2519 nomina
1390 2457 1467 2538 apud
1483 2458 1605 2520 Latinos

309 2562 428 2623 numeri
451 2559 546 2621 dualis
569 2558 808 2629 tantummodo,
832 2566 866 2621 ut
887 2558 945 2620 diro
968 2569 997 2621 et
1019 2559 1120 2631 ambo,
1144 2578 1200 2621 nec
1221 2559 1348 2640 amplius
1370 2561 1515 2621 invenies.
1547 2561 1639 2623 duom

310 2671 339 2724 et
366 2662 454 2723 ambo
482 2681 541 2723 uon
570 2663 734 2740 significant
762 2679 859 2741 neque
889 2680 980 2723 uuum
1008 2680 1106 2743 ireque
1132 2661 1251 2722 multos.
1297 2669 1518 2741 temptaverunt
1546 2681 1606 2723 non

308 2763 383 2825 nulli
405 2765 479 2825 baec
502 2766 565 2844 ipsa
588 2765 704 2825 numeri
727 2762 848 2844 pluralis
871 2762 969 2825 dicere
992 2763 1047 2825 bac
1070 2762 1259 2844 deufniuone.
1305 2764 1356 2843 qui
1377 2772 1423 2825 est
1445 2763 1606 2843 singularis

309 2868 469 2929 numerusl
493 2868 544 2946 qui
566 2885 657 2927 riuum
680 2866 833 2945 significat.
869 2864 1008 2945 quicquid
1031 2884 1089 2926 uon
1113 2884 1204 2926 unum
1228 2866 1381 2944 signifieat,
1403 2868 1463 2928 iam
1485 2866 1607 2927 videtur

309 2969 424 3029 numeri
449 2986 512 3029 esse
534 2967 665 3047 pluralis.
711 2967 763 3028 sed
785 2966 843 3027 boc
864 2966 971 3028 falsum
994 2973 1047 3029 est.
1090 2967 1160 3047 quid
1183 2969 1261 3029 enim
1284 2986 1408 3029 necesse
1431 2975 1532 3030 estut
1556 2970 1607 3048 qui

232 3135 234 3140 ,
311 3090 386 3155 unus
401 3089 462 3131 non
477 3077 521 3131 est
537 3070 639 3130 decem
656 3070 733 3129 sinti
756 3077 806 3131 aut
822 3070 873 3149 qui
888 3069 991 3130 decem
1007 3086 1065 3130 non
1081 3077 1150 3132 suut
1166 3080 1284 3132 centum
1300 3072 1379 3132 sint?
1402 3088 1463 3130 nou
1484 3078 1531 3131 est
1548 3070 1606 3130 boe
1619 3094 1641 3132 u

308 3191 427 3243 verum,
451 3170 526 3233 mala
550 3171 682 3233 delinitio
705 3178 757 3231 est.
803 3171 891 3251 plane
914 3190 968 3232 nos
995 3173 1075 3233 scire
1096 3170 1245 3261 debemus·
1263 3172 1342 3250 quod
1365 3171 1423 3232 duo
1445 3181 1518 3233 sunt
1539 3180 1606 3233 tan·

309 3282 371 3337 tum
394 3274 482 3335 modo
506 3292 659 3335 sermones
682 3273 759 3353 apud
781 3274 916 3345 Latinos,
947 3276 996 3351 qui
1019 3274 1186 3351 significant
1207 3292 1364 3336 numerum
1387 3272 1519 3345 dualem,
1545 3274 1606 3335 duo

308 3386 337 3438 et
360 3376 456 3437 ambo.
488 3375 611 3437 ethaeo
634 3377 698 3455 ipsa
714 3378 834 3436 nomina
850 3374 985 3437 anomala
1008 3383 1090 3437 sunt:
1114 3376 1242 3437 diximus
1264 3375 1321 3436 hoc
1343 3377 1401 3437 iam
1423 3378 1455 3436 iu
1478 3378 1605 3455 regulis.

309 3497 380 3557 ergo
408 3475 566 3557 singularis
594 3486 665 3558 puta
693 3496 834 3540 numerus
862 3484 907 3538 est
934 3476 984 3537 liic
1006 3480 1159 3557 magister,
1187 3476 1311 3559 pluralis
1340 3487 1385 3538 est
1405 3477 1436 3537 bi
1458 3480 1606 3557 magistri.

308 3588 354 3641 est
382 3582 470 3642 etiam
499 3598 641 3641 numerus
670 3580 845 3641 communis.
890 3581 1057 3641 communis
1085 3580 1195 3641 dieitur
1227 3598 1385 3650 numerus,
1420 3579 1542 3659 quando
1578 3588 1643 3642 etat

308 3683 464 3761 singularis
485 3700 629 3745 numerus
651 3680 729 3743 idem
753 3689 797 3743 est
820 3689 850 3743 et
870 3681 994 3762 pluralis
1016 3682 1109 3758 idem,
1134 3681 1186 3743 sed
1209 3690 1323 3744 tantum
1346 3681 1435 3744 modo
1458 3685 1607 3763 tempori-

308 3783 362 3846 bus
384 3798 586 3864 segregantur,
610 3792 642 3845 ut
663 3783 712 3845 bic
733 3783 842 3846 lluctus
864 3792 894 3845 et
916 3783 947 3844 bi
968 3784 1086 3845 lluctus.
1117 3792 1233 3863 tempus
1255 3791 1370 3845 tautum
1392 3784 1480 3847 modo
1504 3785 1606 3869 distat.

308 3895 441 3956 cetarum
465 3889 560 3949 exitus
582 3884 758 3967 syllabarum
782 3887 887 3947 similis
910 3894 968 3956 est;
993 3885 1045 3947 sed
1067 3886 1176 3947 linctus
1197 3887 1228 3947 in
1251 3905 1378 3949 numero
1400 3885 1508 3965 plurali
1531 3906 1607 3967 pro·

307 3991 439 4060 ducitur,
469 3992 501 4051 in
528 3988 669 4068 singulari
697 3990 869 4069 corripitur.
913 3988 970 4049 hoc
994 3988 1112 4069 quidem
1135 3990 1168 4049 in
1190 3999 1296 4065 quarta
1319 3988 1527 4051 declinatione.
1575 3993 1609 4051 in

307 4096 409 4174 quinta
433 4091 630 4154 declinatione
652 4110 758 4153 sensus
780 4098 894 4152 tantum
916 4088 1004 4151 modo
1027 4091 1098 4152 lacit
1119 4090 1331 4161 differentiam,
1361 4090 1410 4151 bic
1433 4090 1497 4152 dies
1521 4100 1554 4153 et
1575 4092 1608 4153 hi
1621 4116 1646 4155 aa

307 4195 385 4257 dies:
410 4202 440 4255 et
461 4193 509 4255 illa
525 4194 612 4274 longa
629 4202 673 4255 est
690 4201 718 4254 et
740 4192 790 4253 illa
812 4191 916 4270 longa3
941 4192 1014 4253 nibil
1029 4200 1181 4273 praestant
1202 4200 1349 4273 tempora,
1366 4191 1418 4255 sed
1434 4193 1608 4256 differentia

305 4298 337 4358 iu
360 4315 450 4359 sensu
473 4304 526 4360 ast.
563 4299 639 4358 scire
660 4302 757 4359 autem
781 4305 813 4355 tu
835 4293 927 4355 debes
948 4296 1088 4374 quoniam
1110 4297 1227 4357 numeri
1248 4295 1407 4375 singularis
1428 4296 1553 4359 nomina
1578 4306 1610 4359 et

308 4402 426 4461 numeri
449 4398 572 4479 pluralis
594 4400 623 4460 iu
646 4399 742 4479 prima
766 4396 964 4459 declinatione
979 4404 1030 4458 aut
1043 4398 1075 4459 in
1089 4397 1219 4459 secunda
1242 4404 1326 4467 sunt;
1350 4398 1380 4459 iu
1402 4404 1508 4478 quarta
1531 4418 1608 4461 vero

376 4640 392 4689 2
417 4654 482 4702 quae
501 4638 641 4689 deferenda
661 4639 699 4691 A:
719 4639 833 4701 sortasse
850 4652 914 4701 quae
933 4638 1093 4689 discretionis
1116 4652 1192 4689 cause
1211 4636 1285 4688 aliter
1301 4636 1453 4704 proferenda
1470 4648 1533 4689 snut

308 4707 340 4759 17
360 4720 460 4760 eentum
480 4710 581 4759 ducenti
606 4711 629 4758 si
649 4711 761 4763 sintom,
782 4710 822 4771 Α,
843 4708 903 4761 add.
924 4726 941 4758 a
1011 4710 1045 4759 25
1060 4718 1103 4759 arat
1125 4709 1169 4773 qui
1187 4710 1274 4759 decem
1294 4719 1353 4758 saint
1370 4709 1454 4758 ABG
1524 4710 1560 4761 28
1580 4712 1607 4760 iu

307 4777 415 4845 regulis]
437 4796 465 4843 p.
485 4778 535 4830 158
555 4782 594 4831 ed.
609 4780 685 4830 Lind.
757 4778 790 4830 37
810 4780 928 4842 quoniam
948 4780 1046 4829 numeri
1063 4779 1203 4846 singularis
1217 4779 1319 4830 nomine
1334 4787 1359 4829 et
1376 4780 1473 4828 numeri
1494 4781 1609 4847 pluralis

307 4848 380 4901 Boa
404 4850 523 4913 qnoniam
546 4850 650 4900 nomine
672 4850 769 4901 numeri
788 4850 926 4916 singularis
940 4858 965 4900 et
980 4850 1086 4916 pluralis
1104 4849 1129 4897 Α

887 4922 901 4953 0
