3350 5442
293 288 355 353 182
867 288 1019 351 ronrnn

318 414 338 455 p.
355 400 443 441 lul-tto
458 398 479 439 L.

292 498 431 558 quaeras,
455 498 514 539 non
538 488 636 559 potest
658 480 856 541 nominativus
878 497 963 539 casus
985 478 1052 539 dici.
1093 497 1161 540 nam
1184 496 1269 539 casus
1291 479 1389 540 dictus
1412 486 1459 540 εει
1480 478 1517 539 ab
1539 500 1579 549 eo,

292 580 369 659 quovl
397 580 485 650 sociat
511 600 619 642 nomen
648 581 770 651 cadere,
799 581 828 641 id
860 588 904 642 est
930 582 1073 642 declinari
1096 589 1125 642 et
1145 580 1233 642 llecti.
1278 581 1396 661 quando
1417 583 1498 641 enim
1520 581 1581 643 dico

291 684 410 751 doctus,
438 685 587 761 integrum
612 683 617 760 Ι
642 691 700 753 εει;
733 684 811 745 cadit
839 684 960 746 etfacit
982 684 1076 752 docti;
1107 685 1216 744 iterum
1238 683 1317 744 cadit
1339 689 1369 743 et
1390 684 1461 744 lecit
1483 683 1581 754 clocto;

292 789 361 848 item
390 786 468 847 cadit
495 794 525 847 et
551 787 622 847 lacit
655 786 782 847 eloctum.
829 804 917 847 casus
950 786 1088 847 dicuntur
1120 786 1295 847 influxiones
1326 787 1418 866 ipsae.
1463 804 1534 864 ergo
1561 790 1585 847 si

292 907 378 951 casus
401 888 468 949 ideo
492 888 564 950 dicti
585 896 668 959 sunt,
692 887 771 968 qnod
794 870 904 951 lactant
926 908 1035 949 nomen
1058 887 1165 948 cadere
1189 895 1218 947 et
1238 888 1365 957 inllccti,
1395 896 1512 949 constat
1533 908 1606 948 nox

259 1048 260 1051 ,
291 993 463 1053 minativum
488 1010 587 1052 casnm
611 1009 672 1051 non
695 1009 769 1051 csse.
812 1010 871 1051 non
895 993 973 1051 enim
995 992 1172 1060 inflectitur,
1196 990 1249 1051 scel
1271 991 1330 1060 sic,
1353 1008 1442 1070 quem
1465 990 1502 1051 ad
1524 1010 1586 1051 mo-

292 1094 362 1155 dum
389 1095 554 1163 invenitur,
583 1094 625 1154 sic
653 1100 777 1153 constat.
823 1100 857 1153 nt
882 1103 952 1173 puta
979 1095 1005 1153 si
1033 1094 1113 1153 dicas
1135 1093 1254 1162 doctus,
1285 1096 1429 1171 qnae'est
1448 1093 1586 1154 inilexio‘?

292 1196 370 1259 nulla
401 1205 461 1279 est,
491 1196 596 1274 incipit
625 1214 640 1255 a
669 1198 804 1273 genetivo
833 1196 959 1265 inllecti;
987 1197 1059 1255 item
1086 1196 1118 1255 in
1141 1194 1253 1263 dativo,
1276 1196 1348 1254 item
1370 1196 1401 1254 in
1424 1198 1587 1257 accusativo

293 1308 322 1358 ει
344 1296 476 1377 reliquis.
521 1298 545 1357 si
575 1314 647 1376 ergo
676 1316 735 1358 non
764 1306 809 1359 εει
830 1296 950 1359 inflexio
972 1299 1003 1358 in
1026 1298 1220 1371 nominativo,
1245 1316 1304 1358 non
1328 1304 1374 1356 est
1395 1315 1491 1357 casus.
1537 1298 1587 1357 sed

293 1408 391 1461 tamen
421 1406 466 1461 εει
492 1401 582 1470 ratio,
611 1419 668 1480 qua
697 1398 807 1461 dicitur
835 1419 936 1470 casus,
964 1400 1035 1460 licet
1063 1417 1123 1459 non
1150 1387 1282 1460 inllccta't
1303 1401 1382 1479 ipse;
1413 1399 1465 1459 sed
1488 1407 1620 1461 tamenn

293 1520 347 1582 per
369 1504 466 1582 ipsum
489 1504 612 1571 scimus,
637 1500 707 1582 quid
730 1505 769 1561 sit
790 1502 910 1563 inllccti.
954 1505 1015 1562 non
1038 1503 1117 1563 enim
1139 1509 1224 1582 potes
1245 1500 1428 1579 intellegere,
1453 1502 1524 1582 quivi
1546 1512 1589 1563 est

292 1604 447 1674 inflexum,
478 1606 535 1665 nisi
561 1612 630 1665 ante
652 1602 851 1671 intellexeris,
880 1603 950 1683 quid
974 1610 1019 1664 εει
1039 1605 1199 1681 integrum.
1244 1602 1325 1665 uncle
1345 1604 1425 1664 scisti
1448 1601 1588 1683 quoniam
1624 1618 1630 1627 ·

293 1704 380 1767 liuius
408 1706 488 1766 docti
515 1706 641 1767 iullexus
670 1713 714 1766 εει
741 1724 842 1775 εεειιε,
873 1707 930 1768 nisi
958 1706 1098 1786 quoniam
1126 1706 1207 1766 scisti
1235 1714 1304 1765 ante
1333 1705 1381 1767 hic
1403 1705 1509 1767 doctus
1530 1725 1589 1767 non

295 1826 360 1869 osse
382 1808 526 1869 inflexum
549 1810 670 1870 cesum?
692 1807 771 1870 unde
793 1810 903 1869 scimus
925 1810 1064 1888 quoniam
1088 1810 1211 1868 mutatio
1234 1808 1310 1869 tacta
1332 1814 1378 1869 est
1398 1810 1431 1868 in
1452 1812 1589 1886 genetivo

295 1910 453 1989 singulari,
477 1912 533 1971 nisi
556 1912 660 1971 scieris
681 1912 820 1992 quoniam
845 1909 1008 1990 principale
1031 1907 1101 1969 illud
1124 1911 1165 1969 ita
1187 1908 1261 1970 luit?
1297 1908 1387 1969 habet
1415 1909 1472 1971 hoc
1500 1914 1622 1971 etiamn

295 2013 464 2094 exemplum
487 2013 523 2074 de
546 2011 699 2091 gradibus.
738 2013 849 2091 gradus
870 2014 977 2074 dicitur
999 2030 1139 2073 ascensos
1162 2011 1290 2089 quidam.
1328 2014 1353 2072 si
1375 2012 1432 2073 hoc
1455 2021 1514 2083 est,
1537 2034 1589 2093 po·

294 2117 395 2177 sitinus
419 2134 478 2177 non
501 2114 590 2177 debet
612 2116 671 2176 dici
693 2115 816 2194 gradus:
846 2134 916 2175 nam
938 2116 1081 2195 positivus
1102 2113 1200 2175 nullus
1223 2133 1366 2175 ascensus
1388 2124 1443 2177 est.
1486 2116 1591 2195 incipit

296 2238 360 2279 osse
383 2236 522 2280 ascensus
545 2237 560 2279 a
584 2220 773 2299 conparativo
798 2226 827 2278 et
850 2215 1038 2297 superlativo.
1071 2216 1123 2277 sed
1148 2223 1244 2277 unveri
1268 2216 1339 2277 licet
1360 2218 1425 2296 ipsc
1447 2219 1590 2297 positivus

295 2328 422 2382 nonest
450 2339 604 2392 ascensus,
633 2328 748 2391 tamen,
779 2321 920 2397 quoniam
948 2336 1003 2398 per
1028 2320 1124 2398 ipsum
1147 2319 1305 2397 positivum
1321 2317 1361 2380 'fit
1382 2327 1415 2380 ut
1435 2319 1588 2398 intellega-

295 2442 360 2483 mus
383 2428 500 2502 postca,
525 2424 594 2501 quid
618 2430 662 2484 est
683 2423 846 2484 ascendere
867 2424 899 2483 in
921 2420 1151 2500 cooperativum
1175 2428 1204 2481 et
1224 2421 1451 2500 superlativum,
1475 2422 1624 2483 idcircoec

294 2523 459 2604 appellatur
488 2534 517 2586 ει
544 2527 608 2605 ipse
636 2525 755 2604 gradus
798 2524 866 2585 ideo
894 2542 966 2601 ergo
994 2525 1205 2592 nominativus,
1235 2523 1304 2583 licet
1331 2540 1392 2583 non
1420 2534 1467 2586 est
1494 2544 1588 2595 casus,

294 2634 409 2697 tamen,
434 2628 575 2711 quonism
597 2628 667 2689 lacit
690 2646 799 2688 novuen
822 2636 902 2688 stare
925 2636 955 2686 et
976 2626 1047 2686 lacit
1068 2632 1169 2705 postea
1193 2625 1314 2696 cadere,
1337 2626 1405 2687 ideo
1428 2625 1590 2706 appellatus

295 2734 339 2789 εει
361 2748 453 2789 casus.

377 2864 537 2926 Genetivus
569 2864 666 2925 dictus
699 2872 744 2925 est
770 2864 807 2927 ab
837 2885 887 2936 eo,
917 2865 996 2942 quod
1024 2882 1078 2944 per
1106 2867 1201 2944 ipsum
1230 2866 1431 2945 exprimamus
1463 2882 1588 2943 genera;

296 2964 362 3025 ideo
392 2964 488 3027 dictus
517 2976 560 3028 est
583 2968 745 3046 genetivus.
791 2976 860 3046 puto
885 2968 986 3027 ‘cuins
1008 2966 1084 3026 filius
1107 2974 1151 3025 est
1172 2965 1257 3025 illel’
1280 2968 1422 3036 oratoris;
1447 2986 1518 3029 ecce
1540 2987 1627 3047 ge-as

294 3070 410 3129 notivus
439 3075 498 3139 cst,
530 3078 559 3129 ει
587 3062 691 3148 genus
709 3068 777 3129 inde
804 3066 1012 3146 intellegimus.
1058 3076 1128 3147 puta
1157 3046 1256 3128 ‘cuins
1278 3070 1376 3146 gentis
1397 3069 1488 3131 homo
1512 3075 1591 3133 est?'

295 3170 465 3239 Africanam
490 3190 559 3231 ecce
582 3174 735 3249 genetivus
759 3178 816 3239 cst,
842 3179 870 3230 et
892 3189 986 3247 genus
1009 3170 1079 3231 inde
1102 3171 1304 3249 exprimimus.
1347 3174 1426 3232 scire
1448 3172 1592 3233 debemus

295 3271 373 3350 qnod
400 3274 457 3332 iste
490 3291 575 3333 casus
608 3272 685 3352 apud
718 3271 838 3333 Latinos
865 3272 1030 3351 simplicem
1058 3272 1148 3333 habet
1181 3290 1314 3344 sensum,
1348 3274 1426 3352 apud
1460 3276 1592 3337 Graecos

295 3372 452 3451 duplicem.
499 3373 656 3454 aliquando
686 3375 730 3434 sic
758 3373 861 3441 hebet,
893 3376 977 3450 qnasi
1003 3374 1074 3434 inde
1102 3381 1197 3442 creet;
1233 3373 1391 3452 aliqnando
1419 3379 1462 3437 sic
1490 3378 1590 3448 habet,

295 3477 378 3555 quasi
401 3494 460 3537 non
484 3476 552 3537 inde
575 3483 672 3546 creet,
702 3476 755 3537 sed
778 3476 902 3536 auferat.
947 3475 1005 3536 hoc
1027 3494 1096 3536 vero
1119 3495 1259 3554 graecum
1282 3486 1335 3537 est.
1381 3476 1474 3538 habes
1496 3497 1629 3540 unumoo

296 3575 406 3637 lilvrum
429 3577 519 3639 Probi
542 3578 578 3638 de
601 3580 656 3639 isto
680 3579 815 3656 genetivo
839 3578 999 3657 scriptum:
1022 3585 1136 3638 tantum
1160 3578 1248 3639 modo
1276 3579 1333 3639 hoc
1360 3578 1456 3640 solum
1485 3587 1593 3641 tractat

296 3680 324 3740 in
353 3677 405 3738 illo
432 3679 524 3751 libro,
555 3679 592 3740 de
619 3681 676 3741 hoc
704 3698 783 3741 casu.
829 3699 923 3760 qvvare
950 3681 1006 3741 loc
1034 3680 1119 3741 dico?
1140 3682 1276 3761 plerique
1299 3689 1368 3743 sunt
1391 3682 1497 3743 Graeci
1521 3685 1593 3743 satis

297 3787 325 3841 et
353 3780 511 3843 trahuntur
545 3781 581 3843 ad
614 3780 694 3842 illam
728 3781 858 3860 linguam
892 3782 1114 3844 consuetudinis
1143 3801 1223 3843 suae.
1268 3782 1346 3863 apud
1378 3784 1523 3853 Graecos,
1561 3794 1594 3846 ut

296 3882 439 3954 diximus,
473 3882 617 3946 ablativus
650 3903 710 3945 non
737 3886 901 3955 invenitur,
932 3884 984 3944 sed
1015 3886 1114 3945 omnia
1147 3904 1202 3964 per
1229 3887 1397 3963 genetivum
1425 3888 1592 3965 proferunt.

366 4160 382 4209 2
401 4158 524 4209 declinari
544 4157 585 4208 Gn
604 4156 732 4207 declinare
749 4157 805 4209 AB
875 4157 892 4207 5
911 4157 1012 4207 nomina
1030 4158 1121 4207 cadere
1139 4157 1190 4209 Bc
1258 4157 1276 4209 6
1292 4159 1339 4208 sed
1357 4158 1395 4208 sic
1411 4186 1442 4195 -
1459 4162 1474 4210 7
1494 4170 1595 4212 constat

296 4245 341 4281 om.
351 4227 391 4294 Ἀ,
408 4230 469 4283 add.
486 4245 502 4278 a
586 4228 740 4279 7eonstitit
767 4244 784 4277 a
871 4225 905 4277 10
932 4229 994 4278 ratio
1021 4242 1066 4279 om.
1085 4229 1124 4285 A,
1143 4227 1204 4280 add.
1224 4242 1241 4276 a
1333 4229 1425 4279 dicitnr
1446 4245 1522 4280 casus
1542 4233 1596 4282 Ac

297 4300 395 4349 dicutur
417 4314 492 4351 casus
511 4316 528 4349 a
548 4299 641 4348 dicitur
657 4298 682 4348 B
764 4294 820 4364 sed]
842 4314 872 4347 se
885 4297 909 4345 Α
999 4298 1029 4348 11
1050 4299 1145 4350 ἰειιεειί
1162 4297 1231 4347 Act
1249 4298 1377 4349 inlleetere
1391 4298 1417 4347 B
1434 4300 1544 4352 inllectio
1563 4304 1594 4352 a*

366 4368 678 4436 poteanpotestAC
747 4368 779 4419 16
797 4368 819 4417 si
837 4367 887 4417 hoc
910 4367 992 4418 estA
1011 4370 1033 4419 εἰ
1052 4370 1100 4419 hoc
1124 4383 1174 4418 non
1197 4375 1268 4418 esta
1288 4370 1333 4418 sed
1348 4369 1396 4419 hoc
1415 4383 1466 4419 non
1485 4382 1524 4421 est
1542 4374 1597 4425 BG

368 4439 401 4491 18
419 4440 464 4490 sed
483 4450 566 4491 tomen
585 4438 642 4489 licet
664 4439 719 4503 ipse
740 4438 796 4489 AB
814 4438 860 4487 sed
885 4438 942 4487 licet
966 4439 1022 4503 ipse
1045 4439 1077 4490 a*
1104 4440 1150 4491 sed
1168 4450 1252 4491 tomen
1273 4440 1328 4502 ipse
1348 4440 1387 4491 Ob
1458 4442 1491 4491 21
1512 4446 1595 4494 nonvi-

297 4510 398 4560 natiuns
417 4509 510 4560 dicitnr
524 4508 631 4575 (dicitur
649 4524 695 4561 om.
715 4508 748 4569 B,
762 4509 822 4561 odd.
840 4506 868 4571 b)
888 4509 1007 4571 quoniam
1024 4525 1074 4560 non
1093 4518 1131 4560 est
1149 4525 1224 4560 cusos
1238 4509 1322 4561 ABG
1390 4508 1424 4559 30
1440 4511 1515 4575 qnasi
1534 4513 1596 4563 inde

297 4588 363 4629 creet
388 4580 524 4643 aliquando
547 4581 584 4629 sic
608 4577 684 4629 habet
708 4579 780 4642 quasi
804 4592 854 4628 non
876 4578 936 4627 inde
954 4587 1021 4630 creet
1039 4581 1112 4631 noa
1130 4579 1204 4645 quusi
1219 4580 1278 4630 inde
1295 4621 1379 4635 ,,,,,
1398 4582 1539 4645 aliquando
1558 4585 1595 4633 sic

297 4649 372 4699 habet
396 4650 469 4712 quasi
497 4664 547 4701 non
575 4650 700 4715 indegerit
723 4649 747 4698 Α
836 4662 895 4699 nere
913 4648 995 4701 Ano
1078 4649 1109 4701 31
1130 4658 1227 4701 tanturn
1248 4651 1323 4701 modo
1341 4652 1425 4700 -de
1453 4651 1505 4702 hoe
1532 4669 1595 4703 casu

298 4719 509 4793 om.B,Kadd.b
580 4718 613 4770 32
632 4720 664 4769 de
688 4734 735 4773 cro.
755 4718 793 4779 Α,
810 4719 905 4771 addc
974 4736 1053 4783 qoore
1071 4722 1129 4771 dico
1149 4720 1233 4770 ABG
1300 4719 1466 4784 33fortnsse
1485 4737 1596 4775 eonsue-

297 4789 385 4841 tudine
404 4804 451 4840 sue
