3350 5442
588 366 825 430 quantumst
1296 364 1356 429 143

1172 486 1194 527 p.
1207 474 1295 515 tut-oe
1308 472 1331 513 li.

71 554 209 615 nomeni'
243 552 333 613 debet
361 550 366 634 Ι
395 551 445 613 ille
472 553 655 633 respondere
682 555 852 633 ‘proprium
862 558 880 612 ’.
927 551 1020 613 debeo
1049 555 1235 630 interrogare
1265 558 1356 632 ‘quae

70 673 131 735 pars
153 657 305 735 propriil’
334 665 364 717 ei
391 655 481 716 dehet
510 655 560 715 ille
589 656 689 715 dicere
711 658 903 732 ‘agnomen'.
949 656 1013 734 ipse
1037 663 1081 715 est
1104 654 1177 715 ordo
1199 672 1286 715 verus
1309 673 1355 715 se·
1394 734 1396 739 ,

69 756 193 819 cundum
214 758 487 835 interrogationem.
532 760 618 837 prius
647 765 692 819 est
720 760 799 818 enim
822 764 855 817 ut
876 755 957 816 dicas
979 756 1057 835 quod
1081 764 1125 817 est
1146 755 1303 834 gencrale,
1328 764 1358 817 et

68 868 179 939 postea,
207 867 241 921 ut
262 859 343 920 dicas
370 859 449 939 quod
478 869 523 919 est
544 858 682 940 speciale.
729 867 877 928 ceterum,
901 860 926 918 si
948 866 977 918 te
998 860 1163 937 interroget
1184 858 1356 919 ‘Africanus

46 976 136 1041 aquae
157 980 227 1041 pars
249 963 428 1023 orationisl'
452 969 482 1023 et
504 970 536 1022 tu
558 961 638 1021 dicas
660 965 859 1040 ‘agnomen',
887 959 925 1021 ab
947 962 1015 1021 imis
1037 962 1170 1039 coepisti,
1200 980 1260 1021 non
1282 960 1356 1021 mihi

67 1064 159 1125 dixisti
183 1066 250 1144 quia
274 1084 382 1125 nomen
405 1072 466 1134 est,
490 1063 680 1136 deiudenon
703 1063 775 1123 mihi
799 1062 913 1132 dixisti,
943 1069 1043 1123 utrum
1064 1064 1219 1142 proprium
1241 1066 1294 1132 sit,
1317 1081 1355 1123 au

65 1164 283 1245 appellativum,
305 1166 358 1227 sed
380 1166 479 1226 dixisti
501 1165 581 1246 quod
604 1173 668 1243 erat
689 1167 791 1226 imum.
826 1182 898 1243 ergo
920 1166 963 1224 sio
985 1162 1076 1225 debes
1099 1164 1209 1233 dicere,
1234 1168 1355 1226 ‘nomeu

66 1276 120 1337 est,
143 1276 190 1329 est
211 1276 310 1329 autem
332 1270 502 1349 proprium,
525 1286 596 1348 pars
618 1276 717 1328 autem
739 1268 855 1347 proprii
878 1268 1006 1327 nominis
1030 1274 1075 1328 est
1097 1284 1245 1345 agnomen
1253 1272 1274 1327 '.
1312 1269 1355 1328 sic

65 1369 199 1431 similiter
221 1377 251 1431 et
272 1367 394 1450 reliqua.

37 1522 55 1558 10
143 1506 278 1566 Diximus
300 1505 337 1566 de
357 1506 488 1585 propriis
509 1504 690 1566 nominibus.
721 1524 799 1566 nunc
822 1514 921 1566 autem
943 1504 1093 1565 videamus
1115 1506 1232 1584 species
1254 1502 1353 1584 appel·
1367 1520 1427 1581 429,
1444 1521 1473 1570 15

65 1606 232 1677 lativorum,
255 1626 326 1687 quas
349 1607 476 1667 diximus
498 1626 562 1667 esse
584 1608 687 1687 viginti
710 1617 740 1668 et
765 1615 889 1687 septem.
936 1615 1005 1667 sunt
1027 1608 1147 1667 nomina
1170 1603 1355 1685 appellativa,
1420 1601 1424 1611 '

65 1728 133 1788 quae
167 1708 356 1789 appellantur
388 1707 570 1789 corporalia:
602 1707 756 1788 corporale
789 1710 866 1789 quod
896 1708 1021 1769 dicimus
1049 1710 1092 1768 sic
1120 1708 1273 1768 definitum
1302 1716 1355 1776 est,

66 1810 216 1891 corporale
239 1811 384 1891 estquod
406 1811 524 1871 videtur
547 1817 576 1870 et
597 1812 738 1889 tangitur,
762 1820 793 1872 ut
814 1818 893 1872 terra
917 1810 1024 1870 humus
1047 1811 1135 1870 cusis.
1166 1820 1236 1872 sunt
1257 1812 1355 1871 incor-

66 1914 188 1992 poralia,-
211 1932 287 1993 quae
310 1932 366 1974 nec
387 1913 481 1975 videri
503 1932 559 1973 uec
581 1916 661 1991 tangi
684 1919 822 1991 possunt,
847 1922 879 1973 ut
900 1891 995 1993 pletas
1016 1912 1125 1971 iustitia
1149 1910 1287 1991 dignitas.

37 2064 56 2102 ιε
143 2050 220 2111 Sunt
246 2052 361 2131 primae
388 2051 563 2129 positionisz,
593 2051 707 2130 primae
729 2051 884 2129 positionis
907 2050 1045 2110 dicuutur
1068 2050 1189 2110 nomina
1212 2067 1287 2127 quae
1310 2066 1325 2107 a
1352 2048 1401 2131 lla

66 2157 161 2212 natura
190 2153 234 2213 sio
261 2159 332 2213 sunt
357 2152 451 2222 laeta,
466 2158 512 2227 ¹ut
538 2158 609 2232 puta
631 2170 732 2223 mono,
756 2170 772 2211 a
794 2160 899 2213 natura
922 2154 964 2212 sic
987 2160 1045 2221 ost;
1073 2150 1188 2219 schola,
1212 2170 1228 2211 a
1251 2158 1355 2211 natura

64 2255 101 2313 sie
122 2260 177 2314 est.
221 2256 277 2313 ista
304 2254 481 2334 principalia
510 2254 659 2314 dicuntur.
705 2254 812 2315 exinde
834 2255 910 2314 siunt
932 2254 1090 2313 derivativa
1114 2259 1144 2312 et
1166 2252 1355 2312 diminutiva:

64 2355 234 2428 derivativa,
264 2374 281 2416 a
309 2365 410 2417 monte
443 2363 615 2427 montanus,
649 2374 665 2416 a
698 2357 780 2417 toute
809 2356 962 2423 lontenus;
998 2354 1184 2423 diminutiva,
1209 2372 1225 2413 a
1254 2361 1355 2414 monte

65 2458 253 2527 monticulus,
277 2476 294 2517 a
316 2459 397 2519 lonie
419 2458 589 2519 fonticulus.
635 2458 686 2519 sed
715 2458 857 2518 derivatio
887 2458 1014 2519 nominis
1036 2456 1243 2517 deductionem
1266 2454 1356 2515 habet

33 2562 121 2620 asine
148 2579 253 2629 sensu,
283 2559 439 2621 diminutio
466 2579 586 2621 sensum
613 2560 759 2621 diminuit.
804 2559 861 2620 hoo
889 2560 1013 2620 interest
1039 2560 1116 2647 inter
1144 2557 1354 2618 derivationem

64 2671 90 2721 et
109 2663 354 2731 diminutionem,
383 2660 463 2739 quod
487 2661 629 2722 derivatio
656 2681 765 2723 nomen
788 2662 875 2730 lacit,
904 2680 964 2722 non
987 2668 1037 2721 aut
1059 2661 1152 2720 maius
1175 2660 1354 2731 autminus,

62 2765 108 2823 sed
131 2783 243 2826 nomen
265 2765 344 2827 lacit.
376 2781 476 2835 mous,
500 2773 659 2824 montanus
682 2764 778 2824 dictus
801 2768 856 2824 est.
895 2761 1039 2843 numquid
1061 2769 1218 2822 montanus
1241 2768 1285 2821 est
1307 2768 1357 2821 aut

61 2869 106 2945 qui
134 2868 232 2927 maior
261 2873 307 2927 est
333 2875 384 2926 aut
411 2867 461 2946 qui
488 2868 587 2927 minor
614 2868 677 2926 est?
707 2885 781 2935 non,
810 2865 863 2926 sed
891 2883 999 2925 nomen
1023 2862 1120 2924 habet.
1167 2864 1355 2924 econtrario

62 2968 215 3030 diminutio
239 2988 299 3029 non
322 2968 416 3028 solum
439 2988 549 3029 nomen
571 2970 656 3040 lacit,
685 2968 737 3031 sed
762 2977 791 3028 ei
812 2985 932 3029 sensum
956 2966 1106 3036 diminuit,
1133 2973 1164 3025 ut
1185 2974 1256 3043 puta
1279 2964 1353 3034 tons,
1418 2960 1422 2967 ’

32 3086 52 3122 ε’»
63 3070 217 3132 fonticulus
241 3078 271 3131 et
293 3088 402 3131 nomen
426 3078 470 3131 est
492 3079 522 3131 et
542 3088 647 3131 sensus
662 3071 833 3131 diminutus
866 3069 940 3129 haec
960 3070 1025 3148 ipsa
1048 3068 1203 3128 diminutio
1222 3067 1356 3151 plerum-

62 3191 114 3252 que
137 3174 263 3242 crescit;
287 3192 347 3233 non
370 3192 502 3253 semper,
526 3172 778 3253 sedplerumque
800 3173 918 3232 erescit.
949 3170 1124 3248 aliquotiens
1147 3187 1204 3229 una
1228 3170 1356 3230 diutinu-

61 3276 97 3334 tio
124 3282 186 3345 est,
218 3274 395 3353 aliquotiens
422 3275 512 3345 duae,
542 3274 719 3355 aliquotiens
741 3283 817 3343 tres,
842 3272 989 3354 quemad
1014 3272 1133 3333 modum
1155 3273 1289 3352 potueris
1311 3274 1356 3332 in·

62 3376 166 3437 venire.
212 3385 247 3435 ut
274 3384 347 3455 puta
374 3395 468 3454 agnus
495 3376 660 3457 principale
688 3385 744 3438 est:
775 3378 821 3437 lac
845 3376 1067 3441 diminutivum.
1091 3373 1241 3452 agnellum
1265 3373 1354 3445 aliud,

61 3477 236 3555 agnicellus;
256 3477 336 3539 aliud
360 3478 580 3548 diminutivum,
605 3478 809 3558 agnicellulus.
843 3485 928 3558 potes
950 3478 1082 3537 iuvenire
1105 3478 1134 3535 in
1157 3476 1304 3536 inlinitum
1328 3484 1357 3535 et

36 3580 162 3641 amultas
185 3580 427 3663 diminultionoS,
450 3600 524 3661 quae
546 3584 706 3661 praecipue
728 3590 814 3660 aptae
835 3589 905 3641 sunt
925 3580 1033 3659 lyricis.
1079 3578 1130 3639 sed
1153 3579 1230 3638 scire
1253 3577 1355 3647 debes

63 3684 108 3753 ait,
131 3684 279 3763 qnoniam
301 3682 375 3745 haee
395 3685 459 3764 ipsa
483 3683 640 3744 diminutio
663 3683 717 3743 hac
740 3692 805 3743 arte
827 3682 963 3743 iacienda
986 3690 1045 3751 est,
1076 3687 1123 3749 ut,
1148 3679 1265 3759 quaudo
1288 3699 1355 3740 seu-

64 3803 107 3845 sus
131 3788 294 3853 minuitur,
324 3792 439 3846 crescat
465 3803 608 3846 numerus
637 3784 824 3865 syllabarum,
870 3798 939 3863 puta
969 3802 1054 3844 mons
1082 3802 1139 3844 una
1161 3780 1271 3861 syllaba
1296 3788 1354 3842 est:

64 3886 245 3949 monticellus
267 3890 370 3958 crevit,
393 3894 531 3968 quattuor
553 3894 623 3948 suut
644 3885 788 3966 syllabae:
812 3885 1032 3947 monticellulus
1055 3887 1184 3965 quinque
1206 3893 1276 3946 sunt
1297 3883 1353 3964 syl·

64 3986 146 4050 labae.
195 3988 250 4050 sed
278 3991 418 4069 quoniam
446 3992 556 4052 seimus
582 3992 654 4049 istas
682 4008 731 4050 res
758 4006 819 4049 noo
842 4007 927 4069 posse
955 4006 1074 4068 semper
1097 3990 1285 4067 contingere,
1309 3987 1352 4048 id·

124 4214 214 4280 lipse
233 4221 273 4263 eat
292 4213 354 4262 ordo
372 4211 463 4263 nea.-
480 4221 519 4261 eet
535 4227 582 4263 om.
597 4211 622 4260 A
693 4210 710 4261 3
729 4213 796 4274 quod
811 4218 851 4261 eat
874 4211 985 4277 speciale
1002 4208 1085 4261 Rea*
1105 4226 1170 4274 quae
1189 4218 1226 4259 est
1244 4209 1354 4275 speciale

66 4282 85 4330 A
130 4288 146 4334 4
166 4291 298 4333 caeterum
317 4286 339 4332 si
359 4292 383 4333 te
402 4284 542 4348 interrogat
560 4281 690 4332 africanus
708 4298 773 4345 quae
787 4297 847 4347 pars
862 4282 984 4331 orationis
1003 4290 1041 4331 est
1057 4286 1081 4329 et
1097 4296 1163 4345 puer
1180 4281 1247 4329 dicat
1264 4293 1354 4329 nomen

66 4381 93 4390 -
109 4363 147 4403 est
165 4354 281 4419 speciale
298 4361 424 4403 caeterum
445 4353 466 4404 si
491 4362 515 4403 te
536 4354 674 4417 interroget
692 4353 820 4401 aldoenus
840 4366 905 4415 quae
924 4366 983 4416 pars
1002 4351 1122 4402 orationis
1140 4359 1220 4400 estet
1240 4359 1267 4399 tu
1286 4350 1355 4399 dicas

66 4426 170 4485 repetitis
187 4427 394 4490 itaquaeontea
414 4424 511 4487 scripto
528 4421 642 4473 nauiA
697 4422 729 4472 17
749 4423 796 4471 ista
817 4422 859 4473 Oa
878 4423 913 4470 lin
929 4421 968 4486 B,
985 4438 1030 4472 ovo.
1047 4422 1072 4470 A
1125 4422 1157 4471 18
1172 4419 1356 4471 diminutione

66 4504 140 4545 nante
154 4495 312 4545 monticulus
331 4493 427 4543 alonte
446 4492 583 4542 fonticulus
595 4490 685 4543 nea*
700 4492 854 4541 diminution
870 4507 885 4541 a
901 4491 971 4541 fonte
990 4490 1128 4541 fonticulus
1146 4506 1161 4538 a
1179 4498 1264 4540 monte
1283 4504 1355 4541 mon-

66 4564 148 4615 ticulus
168 4566 194 4614 A
265 4564 299 4615 23
318 4564 401 4614 minor
415 4572 453 4613 est
470 4563 538 4613 BG.-
556 4572 595 4612 est
613 4578 660 4615 om,
679 4563 704 4611 A
773 4563 806 4613 27
826 4572 879 4613 tres
898 4562 1110 4626 quemadmodum
1129 4562 1243 4626 potueris
1260 4562 1284 4667 A
1300 4570 1355 4637 'tres

1289 4640 1338 4668 l'lClS

66 4694 86 4731 et
101 4686 316 4749 quemadmodum
335 4686 450 4753 potueris
467 4685 556 4735 nea:
575 4685 671 4749 poteris
685 4687 789 4737 coniecit
801 4685 987 4735 Lindemanaue
1047 4680 1081 4732 30
1095 4691 1169 4747 eptae
1185 4693 1244 4732 sunt
1262 4640 1356 4747 aliquis

66 4756 86 4801 A
102 4757 204 4821 (lyricis
222 4759 308 4807 eodem
327 4772 409 4820 manu,
431 4763 458 4805 ut
474 4756 583 4817 videtur,
601 4754 791 4820 superscripto)
809 4762 960 4820 aptne‘sunt
979 4752 1063 4817 lyricis
1082 4753 1144 4814 (nou
1163 4753 1225 4807 odd.
1239 4752 1266 4815 d)
1279 4754 1355 4803 nullis

67 4877 175 4945 Baptae
197 4888 256 4929 aunt
270 4836 455 4943 tyrtctlmluttts
469 4878 490 4928 G
506 4885 590 4943 potest
603 4878 629 4926 in
643 4877 749 4941 reliquis
767 4878 791 4927 L
861 4876 891 4928 31
913 4875 1014 4938 quaodo
1033 4875 1057 4923 A
1077 4882 1170 4939 quanto
1186 4875 1257 4925 Rea
