3350 5442
300 344 343 414 62
861 345 1037 414 utnuontl

326 471 348 514 p.
361 461 462 501 leta-20
476 457 499 500 P.

301 538 389 600 irinc
402 541 595 601 lacessat’.
613 557 650 598 ex
664 555 769 598 eorum
784 539 916 598 omnium
932 535 1126 599 similitudine
1141 537 1267 598 aliorum
1282 537 1495 599 delectivorum
1508 555 1607 615 regu·

300 640 359 702 lanr
373 643 518 721 requires.
531 674 573 685 -
584 640 762 710 Notandum,
774 657 843 700 cum
857 641 1048 719 imperativus
1064 639 1168 700 modus
1184 658 1202 701 o
1216 639 1313 702 littera
1328 641 1481 722 linituslsit
1501 642 1506 714 1
1528 641 1606 700 iacit

149 738 151 741 ’
200 753 259 815 385,
272 755 288 804 o
301 752 400 805 tamen
422 741 567 823 pluralem
590 751 677 804 cette.
701 779 744 789 -
766 743 809 804 Vt
830 741 969 803 adsum:
998 743 1100 804 adsum
1122 743 1330 822 inconposito
1352 750 1434 803 caret
1455 744 1605 820 coniuga-

271 847 396 915 ntione;
426 847 458 906 in
480 845 608 926 simplici
629 845 761 907 secunda
784 843 979 924 intellegitur,
1010 845 1077 924 quia
1106 861 1171 904 sum
1200 863 1231 906 es
1260 853 1304 904 ost
1324 844 1402 905 lacit.
1429 877 1467 888 -
1491 841 1606 924 Liquet

300 947 388 1018 mibi,
412 947 442 1008 id
465 955 511 1008 est
532 949 720 1010 manifestum
743 955 789 1008 est
801 947 890 1018 mibi,
914 946 1106 1008 defectivum:
1131 946 1200 1006 iacit
1215 945 1351 1025 equidem
1366 943 1498 1025 liquebat
1512 945 1633 1014 mihis

203 1061 207 1068 '
273 1058 438 1130 ttempore
461 1057 559 1111 tamen
588 1051 722 1131 perlecto
750 1057 847 1121 caret,
882 1067 941 1110 non
970 1049 1049 1109 enlm
1082 1048 1153 1107 iacit
1180 1045 1273 1127 liquit.
1300 1083 1342 1094 -
1372 1046 1481 1108 Soleo
1512 1049 1605 1108 laxo

300 1150 442 1231 inpleo:
466 1151 563 1222 soleo,
584 1151 686 1233 perdit
707 1153 786 1214 enim
808 1159 934 1232 tempus.
966 1152 997 1210 in
1020 1151 1181 1230 praeterito
1204 1150 1282 1210 enim
1306 1156 1441 1228 tempore
1456 1150 1514 1209 erit
1528 1169 1604 1229 pas·

265 1267 287 1332 ,8
299 1255 409 1324 sivum,
432 1254 514 1315 soleo
528 1254 633 1316 solitus
647 1273 729 1328 sum,
753 1273 820 1316 cum
835 1256 866 1313 in
882 1253 1032 1333 praesenti
1047 1253 1172 1314 iormam
1187 1250 1295 1312 babeat
1308 1251 1403 1312 activi.
1420 1285 1462 1296 -
1478 1251 1603 1312 Verba

301 1375 449 1436 quoquc
472 1356 734 1437 inpersonalia
757 1375 836 1416 cum
860 1375 925 1436 per
940 1351 1411 1415 omnesmodosdeclinari
1432 1356 1602 1433 possint,

301 1459 549 1520 inveniuntur
577 1459 754 1539 quaedam
783 1458 985 1528 defectiva,
1020 1463 1058 1516 ut
1086 1453 1205 1537 liquot
1233 1458 1403 1517 miseret:
1435 1455 1603 1517 miserebat
1618 1469 1642 1504 1⁰

301 1568 398 1639 potest
420 1561 533 1632 iacere,
556 1579 616 1640 quo
631 1560 720 1621 modo
735 1558 827 1640 liquet
842 1559 982 1640 liquebat.
1021 1576 1089 1618 nam
1105 1559 1239 1619 miseruit
1254 1577 1313 1618 non
1328 1558 1410 1628 lacit,
1434 1577 1492 1638 quo
1507 1559 1602 1619 modo

301 1681 357 1723 nec
378 1662 473 1742 liquit.
512 1661 601 1723 verba
622 1661 822 1742 inpersonalia
838 1669 977 1743 corrupta
992 1678 1047 1742 per
1062 1677 1166 1722 onmes
1180 1658 1284 1721 modos
1299 1659 1494 1721 declinantur.
1527 1680 1600 1722 nam

302 1764 368 1835 alii,
392 1767 444 1846 qui
465 1764 607 1826 adserunt
628 1783 720 1846 usque
743 1765 779 1824 ad
802 1766 1000 1846 inperativum
1023 1761 1179 1834 declinari,
1208 1763 1405 1858 {auctoritate
1427 1763 1598 1824 vincuntur.

816 1935 865 1996 DE
886 1933 1073 1996 dlivllllBlO

257 2063 286 2111 11
385 2053 608 2116 Adverbium
632 2062 687 2115 est
709 2072 798 2134 pars
819 2055 1022 2122 orationis,
1052 2071 1148 2130 quae
1176 2052 1321 2116 adiecta
1343 2053 1455 2116 verbo
1477 2054 1598 2132 signi·
1615 2069 1640 2108 ιι

301 2156 523 2217 ficationem
540 2155 676 2238 (adicitur
691 2157 782 2218 verbo
797 2175 916 2236 semper
932 2155 1120 2226 adverbium,
1144 2155 1222 2216 unde
1238 2164 1267 2216 et
1281 2155 1454 2217 adverbium
1471 2155 1596 2233 dictum)

301 2258 380 2320 eius
408 2267 472 2320 aut
498 2257 662 2335 complet
681 2266 744 2320 aut
766 2259 899 2319 minuit
927 2256 970 2334 (ut
991 2256 1135 2320 estbene
1164 2256 1245 2336 lego,
1275 2258 1351 2320 male
1374 2257 1531 2338 describo),
1556 2265 1600 2320 ut

301 2363 414 2421 etiam
445 2360 579 2421 inciam
601 2359 658 2420 vel
686 2380 758 2421 non
787 2361 931 2421 iaciam.
974 2359 1150 2421 adverbia
1180 2368 1240 2420 aut
1267 2380 1285 2422 a
1312 2379 1350 2422 sc
1373 2369 1596 2422 nascuntur:

301 2465 548 2542 significationem
570 2471 641 2524 tunc
668 2461 812 2542 complet,
843 2460 904 2542 [ut]
929 2481 996 2524 eum
1018 2461 1143 2524 dicimus
1166 2463 1312 2541 ‘pessime
1335 2464 1444 2523 recito’
1468 2464 1598 2543 ‘optime

302 2568 441 2645 peroro'.
473 2585 493 2620 ιι
520 2567 669 2645 integrum
693 2575 746 2626 est.
775 2569 801 2626 si
816 2565 882 2625 dico
906 2565 982 2625 ‘iam
1003 2564 1137 2633 iaciam',
1161 2565 1273 2626 firmavi
1295 2565 1374 2646 quod
1398 2565 1543 2646 disposui;
1570 2568 1596 2626 si
1611 2589 1637 2628 eo

301 2667 367 2730 dico
390 2669 471 2728 ‘non
493 2669 598 2730 faciam
607 2670 627 2738 ⁹,
654 2669 813 2737 infirmavi,
837 2665 917 2745 quod
941 2685 1000 2726 non
1023 2666 1094 2729 diri.
1130 2685 1146 2728 a
1168 2687 1201 2728 se
1223 2669 1367 2747 originem
1391 2667 1512 2741 ducunt,
1536 2687 1595 2728 non

257 2772 380 2836 tarnim
409 2769 521 2831 liabent
550 2772 711 2848 originem,
746 2767 826 2830 unde
854 2777 1022 2831 nascantur.
1054 2803 1089 2812 -
1124 2771 1146 2829 Α
1176 2769 1369 2841 vocabulo,
1393 2780 1431 2832 ut
1458 2771 1594 2832 ostium

301 2874 484 2940 ostiatim;
514 2890 530 2932 a
561 2873 795 2950 pronomine,
825 2877 865 2930 ut
898 2872 1045 2932 meatim
1072 2873 1223 2932 tuatim:
1251 2875 1381 2934 ostiatim
1402 2891 1457 2952 per
1480 2873 1594 2951 singula

260 2992 289 3040 16
303 2975 394 3044 ostia,
417 2975 537 3033 meatim
561 2991 628 3034 meo
650 2991 749 3046 more,
774 2975 877 3032 tuatim
899 2979 949 3032 tuo
972 2991 1066 3033 more.
1091 3007 1128 3018 -
1151 2973 1437 3054 Pedetemptim:
1460 2973 1509 3058 bic
1532 2994 1594 3056 pes,

302 3076 435 3154 temptim
456 3083 558 3146 teneo:
582 3092 653 3152 ergo
669 3076 754 3152 quasi
769 3073 850 3134 dicas
865 3073 971 3153 pedem
988 3082 1083 3136 teneo.
1109 3109 1146 3118 --
1170 3073 1313 3136 Adverbin
1330 3075 1367 3136 ab
1382 3076 1565 3157 appellativis
1589 3084 1592 3158 l
1609 3101 1635 3140 sc

303 3177 347 3236 rel
370 3177 500 3256 propriis
522 3175 691 3236 nominibus
713 3194 789 3255 quae
811 3167 933 3236 veniunt
954 3195 1073 3256 semper
1096 3178 1127 3237 in
1150 3197 1166 3236 e
1189 3178 1364 3257 productam
1387 3186 1508 3248 exeunt,
1539 3179 1593 3239 ista

303 3287 401 3339 tamen
424 3295 499 3358 quae
521 3297 537 3338 a
559 3286 640 3338 reeta
662 3278 878 3356 significatione
906 3277 1101 3340 descendunt.
1147 3297 1214 3340 nam
1243 3279 1320 3340 bene
1343 3288 1373 3341 et
1394 3279 1470 3341 male
1493 3279 1593 3340 brevia

258 3401 289 3448 m
300 3388 385 3450 sunt,
409 3389 439 3442 et
460 3379 509 3440 illa
532 3381 621 3440 etiam
643 3398 719 3460 quae
741 3380 887 3457 originem
910 3398 969 3440 non
990 3379 1116 3450 babent,
1140 3389 1173 3442 ut
1187 3383 1243 3442 rite
1258 3401 1357 3463 saepe.
1377 3417 1411 3426 -
1429 3386 1452 3444 ll
1467 3380 1593 3449 verbo.

301 3492 339 3544 ut
360 3485 500 3544 cursim
524 3483 707 3544 strictim:
730 3482 871 3542 adverbia
894 3500 970 3564 quae
992 3481 1029 3543 ab
1053 3482 1117 3544 aliis
1140 3484 1262 3544 veniunt
1283 3501 1318 3544 ex
1342 3485 1388 3545 his
1411 3483 1504 3546 tribus
1526 3503 1594 3564 par-

257 3585 378 3652 mribus
401 3586 476 3646 liunt
496 3591 625 3654 tantum,
650 3603 686 3644 ex
708 3585 830 3646 nomine
851 3586 1028 3664 pronomine
1046 3585 1145 3646 verbo.
1173 3619 1206 3629 -
1232 3586 1457 3666 Participio,
1480 3595 1517 3647 ut
1538 3589 1632 3646 iri-ao

301 3685 457 3764 dulgcns
479 3685 733 3764 indulgenter.
758 3705 773 3746 a
797 3689 946 3748 nornine
969 3688 1161 3748 venientia
1183 3689 1300 3749 autin
1324 3707 1339 3748 a
1364 3696 1533 3750 exeuntia
1556 3692 1592 3749 in

299 3796 475 3867 correpta
503 3798 541 3848 ut
567 3789 653 3849 rite:
683 3787 732 3849 bic
754 3791 864 3850 erravit
884 3790 1025 3850 Donatus.
1068 3808 1137 3850 nam
1160 3788 1238 3850 nulla
1261 3788 1433 3873 particillpia
1454 3791 1594 3854 adverbia

300 3909 337 3950 ex
364 3909 397 3950 se
424 3891 544 3952 iaciunt.
589 3909 657 3950 nam
684 3892 716 3950 in
743 3899 858 3952 mutum
880 3891 1038 3970 indrdgens
1061 3910 1169 3953 nomen
1192 3900 1250 3962 est,
1274 3901 1307 3954 ut
1329 3894 1453 3972 recipiat
1474 3911 1592 3974 compa·

300 3994 461 4062 rationem,
484 3991 643 4071 indulgens
664 3990 865 4072 indulgentior
887 3995 1176 4072 indulgentissimus,
1200 3993 1279 4055 unde
1301 3997 1333 4056 lit
1354 4003 1385 4056 ut
1407 4014 1466 4057 non
1489 3997 1593 4059 creda-

300 4243 304 4249 *
370 4183 431 4235 Cod.
451 4181 531 4231 Bene.
553 4181 575 4230 Χ
594 4179 693 4230 8-111
712 4179 753 4232 1*.
824 4181 1023 4233 lsimitimdina
1075 4181 1241 4232 delectiorum
1302 4181 1459 4252 2requires]
1481 4187 1594 4248 sequerit

368 4253 384 4303 3
404 4261 431 4300 ut
448 4257 474 4312 [e
494 4267 551 4300 sum
568 4251 630 4303 odd.
650 4253 684 4301 ol.
703 4252 782 4314 rnen.)
798 4254 889 4300 adsum
909 4253 988 4302 edunt
1007 4254 1031 4300 in
1052 4253 1185 4317 conposito
1251 4253 1394 4304 bdelectio
1469 4255 1500 4305 11
1521 4265 1593 4320 potes

371 4322 403 4372 12
421 4336 467 4370 nee
486 4321 556 4370 licuit
627 4331 742 4385 correpta
814 4321 846 4371 13
865 4323 914 4371 alia
934 4323 976 4384 qui
997 4323 1150 4372 adseruntur
1220 4323 1352 4372 autoritate
1369 4325 1483 4373 uincetur
1502 4326 1593 4376 aduer-

300 4391 370 4441 bium
391 4401 430 4441 est
449 4391 598 4440 aduerbium
616 4399 654 4440 est
673 4405 733 4454 pars
806 4392 837 4442 15
863 4407 996 4455 quaeum.
1068 4393 1146 4441 uerba
1168 4393 1355 4458 significatione
1426 4394 1459 4445 ld
1477 4395 1590 4461 semper]¹

300 4476 355 4510 sem
426 4460 458 4512 17
477 4461 588 4512 discribo
660 4461 693 4510 lu
712 4461 835 4510 discimus
848 4465 931 4527 (corr.
953 4463 1074 4520 dicimus)
1094 4463 1192 4527 primae
1209 4464 1286 4513 recito
1302 4464 1412 4528 optimae
1431 4479 1523 4530 peroro

300 4532 331 4581 21
353 4533 520 4584 dicunteorr.
540 4534 575 4581 al.
593 4547 657 4581 man.
675 4531 771 4581 ducunt
841 4535 874 4582 ⁶22
893 4527 972 4595 enim]
994 4541 1078 4580 tamen
1153 4533 1186 4581 25
1203 4549 1264 4598 crgo
1282 4535 1373 4599 pedem
1391 4544 1463 4584 terreo
1482 4535 1505 4584 si
1521 4537 1592 4586 dicas

368 4600 402 4651 26
419 4602 543 4666 producta
613 4603 647 4653 28
658 4599 748 4666 saepe]
767 4617 869 4666 semper
939 4603 973 4654 33
989 4617 1020 4651 ex
1036 4617 1063 4651 se
1081 4601 1186 4666 iaciunt]
1207 4611 1301 4652 exeunt
1370 4604 1404 4656 34
1423 4615 1523 4656 creatur

299 4705 418 4714 ——.—
434 4709 510 4714 -.....
546 4709 563 4714 ..
577 4709 601 4714 .-

370 4773 405 4823 20
425 4773 551 4839 integrum
573 4782 613 4823 est
630 4775 666 4823 ud
682 4774 844 4836 definitionem
863 4773 977 4826 adverbii
994 4775 1127 4839 pertinere
1143 4775 1254 4843 vitietur,
1274 4780 1388 4842 paeoniam
1404 4779 1502 4831 uerbena
1520 4783 1592 4830 otium

301 4857 352 4893 non
369 4843 456 4893 addito
469 4845 588 4896 adverbio
605 4846 726 4908 integrum
743 4854 790 4895 eat.
808 4845 893 4909 itaque
911 4849 1028 4898 lacunam
1040 4846 1151 4896 indicaui
