3350 5442
529 355 579 416 EX
603 353 717 416 COMM.
743 354 781 416 lN
805 354 891 416 DON.
1290 351 1361 417 ¹327

338 559 392 633 Ex
419 561 540 635 codice
566 558 775 633 Monacensi
802 533 922 632 dmm.
950 559 991 632 G.
1023 529 1092 631 121

154 694 358 756 barbarismus
387 703 432 758 est
462 714 518 757 una
548 715 617 776 pars
640 695 781 756 orationis
803 697 906 756 vitiosa
928 697 958 756 in
981 695 1132 755 communi
1154 713 1304 765 sermone,
1329 697 1360 756 in

58 804 206 874 poemate
229 797 451 878 metaplasmus:
482 797 700 859 adtendendum
729 797 808 877 quod
832 797 962 858 Donatus
984 798 1187 857 strenuissime
1217 799 1361 877 peritissi-

58 917 177 977 meque
205 919 290 962 suam
318 900 410 961 edidit
438 907 543 961 artem.
588 901 716 980 primum
751 899 829 959 enim
863 916 1045 977 componens
1077 900 1222 959 minorem
1250 898 1286 959 ad
1315 901 1360 972 in·

32 999 228 1063 astruendus
250 1021 360 1082 pueros
383 1021 446 1063 carn
470 1003 499 1064 in
524 1000 645 1062 exordio
667 1002 713 1061 sui
736 999 893 1060 voluminis
914 1000 1062 1079 imposuit.
1108 1000 1265 1061 secundam
1289 1019 1360 1061 vero

59 1103 229 1164 editionem
257 1123 272 1164 a
301 1103 398 1166 littera
426 1105 592 1183 ceterisque
620 1100 772 1182 particulis
800 1101 835 1162 ad
865 1103 1051 1181 superficiem
1074 1101 1292 1181 pertinentibus
1316 1104 1360 1163 in·

59 1205 200 1274 clroavit,
230 1215 259 1267 ει
286 1214 389 1287 postea
419 1214 485 1267 octo
507 1214 621 1286 partes;
650 1204 816 1265 bisantem
839 1205 944 1283 positis
966 1204 1001 1264 ad
1026 1203 1233 1283 complendam
1255 1223 1360 1265 secun·

59 1307 131 1367 darn
160 1305 321 1368 editionem
344 1307 561 1370 barbarismum
585 1315 615 1366 ει
637 1314 735 1368 cetera
758 1307 824 1365 vitia
847 1307 960 1384 posuit,
985 1314 1014 1365 et
1036 1307 1113 1366 sicut
1134 1308 1272 1386 primitus
1293 1325 1360 1387 par-

60 1418 123 1480 tes,
150 1409 182 1470 id
205 1418 249 1470 est
270 1429 373 1471 vocem
395 1410 524 1472 litteram
547 1407 687 1489 syllabam
711 1416 900 1486 ceterasque,
924 1425 999 1485 quae
1021 1407 1056 1468 ad
1080 1408 1268 1489 superficiem
1291 1427 1361 1488 per-

25 1513 178 1583 retinent,
207 1521 361 1592 posuerat,
394 1513 433 1573 ita
461 1511 497 1572 de
526 1513 602 1572 vitiis
633 1511 787 1592 disputans
815 1509 1032 1572 barbarismum
1061 1510 1091 1570 in
1120 1512 1216 1590 capite
1248 1529 1361 1590 ponere

63 1613 198 1684 studuit,
229 1616 279 1691 qui
308 1615 472 1693 corrumpit
499 1614 702 1692 superficiem,
733 1614 762 1673 in
786 1611 918 1673 secundo
939 1610 1006 1672 loco
1034 1612 1260 1683 soloecismum,
1284 1613 1361 1693 quod

64 1717 169 1776 vitium
193 1717 358 1796 corrumpit
380 1733 499 1777 sensum
523 1723 750 1794 contextumque
773 1715 911 1794 partium.
949 1715 1015 1775 exin
1039 1715 1137 1793 posuit
1158 1713 1308 1776 schemata
1332 1723 1362 1775 ει

63 1828 179 1897 tropos,
204 1819 254 1896 qui
276 1823 412 1878 ornatum
436 1815 571 1878 tribuunt
593 1815 841 1898 praecedentibus
863 1815 1006 1896 partibus.

625 1915 643 1954 *
707 1914 725 1953 *
790 1918 808 1957 *

151 2004 364 2092 Quaerendum
387 2013 444 2075 est,
473 2023 532 2085 quo
555 2005 642 2066 modo
665 2005 798 2066 Donatus
828 2003 906 2064 dicat
928 2004 1143 2067 barbarismum
1167 2023 1244 2073 esse,
1268 2006 1362 2086 siquis

33 2106 144 2168 odicat
168 2106 345 2168 salmentum
368 2125 423 2186 pro
445 2106 671 2176 salsamentum,
696 2125 762 2167 cum
786 2107 880 2185 Caper
908 2109 1130 2187 antiquissimus
1158 2107 1261 2169 doctor
1284 2108 1363 2169 dicat

66 2208 230 2270 εειιιιιιειιιε
265 2227 302 2269 ne
338 2209 441 2270 timeas
475 2209 627 2287 prolerre,
658 2209 725 2288 quia
762 2207 885 2269 latinum
914 2213 986 2269 est'.
1032 2209 1067 2270 ad
1096 2209 1175 2290 quod
1203 2208 1361 2270 dicendum

67 2312 132 2388 quia
158 2317 191 2371 et
210 2310 386 2372 salmentum
410 2319 439 2371 ει
461 2309 669 2372 salsamentum
692 2309 751 2369 dici
772 2317 878 2390 potest.
902 2309 1086 2378 ,salmentum
1109 2318 1206 2373 autem
1223 2319 1268 2372 εει
1289 2331 1359 2392 pur·

67 2419 240 2490 gamentum
262 2414 368 2483 marie,
393 2411 601 2474 salsamentum
625 2431 696 2472 vero
718 2410 836 2492 salsugo
860 2412 985 2483 dicitur,
1015 2414 1045 2472 in
1068 2432 1127 2493 qua
1149 2412 1288 2490 liquescit
1309 2411 1361 2481 sal,

69 2524 98 2575 ut
120 2532 228 2575 carnes
249 2513 436 2576 condiantur.
481 2516 572 2596 siquis
595 2515 684 2592 igitur
707 2516 819 2584 sciens,
849 2513 918 2594 quid
940 2515 978 2574 sit
1000 2513 1208 2575 salsamentum
1232 2523 1261 2574 et
1290 2513 1361 2592 quid

35 2614 264 2685 nsalmenrum,
294 2615 402 2677 dixerit
431 2616 606 2678 salmentum
634 2635 690 2696 pro
720 2635 755 2678 co
784 2616 864 2697 quod
893 2622 938 2676 εει
964 2614 1190 2686 salsamentum,
1224 2635 1279 2696 per
1309 2616 1361 2677 de·

70 2721 243 2780 tractionem
265 2716 394 2798 syllabae
417 2718 633 2782 barbarismum
655 2718 734 2779 lacit.

626 2821 643 2860 ε
707 2820 725 2859 ε
788 2819 806 2859 ε

151 2905 211 2966 Ρει
232 2907 466 2967 immutationem
490 2906 628 2987 syllabae,
652 2913 684 2967 ut
705 2907 849 2986 pernities
870 2924 927 2986 pro
950 2906 1112 2985 pernicies:
1137 2924 1206 2976 oon,
1224 2915 1256 2967 ut
1271 2906 1361 2986 pleri·

70 3025 123 3085 que
145 3015 268 3087 putant,
299 3011 328 3068 ni
353 3015 483 3070 mutatur
503 3010 533 3070 in
556 3010 613 3078 mi,
644 3007 695 3070 sed
725 3009 824 3087 potius
852 3009 874 3068 ti
900 3009 932 3068 in
958 3006 1056 3068 locum
1079 3009 1115 3067 ci.
1159 3007 1361 3089 quaerendum

72 3116 251 3179 astantem,
276 3128 367 3189 quare
391 3110 498 3172 dixerit
520 3111 653 3172 Donatus
675 3110 911 3170 immutationem
939 3127 1005 3171 esse
1027 3108 1156 3188 syllabae
1178 3113 1208 3171 in
1232 3110 1287 3170 boc
1310 3127 1362 3169 no·

39 3212 165 3282 romine,
197 3229 265 3272 cum
293 3229 353 3272 non
381 3219 441 3272 tota
469 3209 594 3291 syllaba,
624 3211 674 3272 sed
703 3229 761 3272 una
784 3209 902 3272 'tantum
931 3211 1020 3272 modo
1042 3211 1155 3282 littera,
1179 3212 1208 3272 id
1232 3221 1277 3272 εει
1298 3221 1310 3272 ι
1332 3215 1361 3272 ιιι

72 3309 164 3372 ιοειιιιι
193 3331 211 3372 c
240 3320 382 3374 mutetur.
427 3332 495 3375 narn
524 3323 589 3394 post
613 3333 629 3374 c
651 3313 696 3374 vel
724 3320 826 3393 posit
848 3332 967 3395 semper
994 3316 1004 3374 i
1027 3313 1177 3375 scribitur.
1224 3313 1260 3375 ad
1283 3312 1361 3392 quod

73 3413 312 3492 respondendum
340 3417 573 3478 immutationem
603 3435 668 3476 esse
696 3415 824 3495 syllabae
858 3418 1016 3487 veraciter,
1051 3419 1119 3497 quia
1153 3418 1324 3476 immutatur
1352 3423 1363 3474 t

73 3533 136 3575 com
167 3535 224 3577 suo
251 3518 260 3575 i
288 3518 318 3577 in
346 3516 445 3580 locum
474 3537 490 3578 c
518 3525 548 3578 et
576 3519 595 3577 i.
641 3515 765 3578 alterum
789 3535 917 3596 namque
940 3537 1044 3579 sonum
1068 3517 1157 3578 babet
1178 3519 1186 3576 i
1210 3525 1278 3597 post
1300 3525 1312 3576 t
1333 3525 1363 3577 et

74 3615 194 3692 alterum
228 3625 295 3697 post
327 3635 352 3678 c.
397 3637 465 3680 nam
493 3626 560 3700 post
588 3637 604 3680 c
632 3618 723 3680 babet
750 3621 891 3699 pinguem
919 3639 1041 3691 sonum,
1074 3629 1142 3699 post
1171 3626 1183 3679 ι
1210 3618 1361 3698 gracilem.

44 3721 220 3796 operatores
241 3727 340 3782 antem
361 3739 479 3802 semper
501 3739 518 3782 c
540 3719 652 3782 babere
675 3719 772 3782 debet.

475 3977 530 4050 Ex
556 3977 677 4051 codiee
705 3977 881 4052 Vossiano
909 3983 955 4051 37

154 4110 354 4175 soloecismus
381 4112 451 4192 quid
486 4114 549 4175 esti
587 4115 680 4176 oratio
712 4113 810 4175 latinis
837 4114 955 4192 quidem
982 4114 1094 4188 verbis,
1129 4133 1231 4175 verum
1258 4115 1362 4174 vitiosa

80 4230 373 4241 *a*

141 4285 153 4335 1
172 4285 262 4336 Codex
280 4285 442 4335 Monacensis
459 4285 536 4334 Eum.
559 4285 590 4335 G.
611 4286 658 4336 121
677 4284 734 4352 (M)
752 4300 821 4336 aare.
841 4285 905 4350 ils.
925 4287 958 4338 92
980 4301 1072 4336 ruererr
1090 4301 1123 4335 oa
1141 4300 1214 4335 voca.
1250 4284 1307 4333 Vox
1325 4292 1363 4333 est

79 4364 117 4399 aer
129 4354 191 4406 ictus
211 4355 340 4405 sensibilis
359 4355 455 4418 auditu,
476 4365 597 4419 quantum
617 4355 713 4421 inipso
732 4363 780 4409 ert.
799 4355 861 4404 baec
880 4355 996 4406 dilllnltio
1014 4355 1063 4405 boc
1081 4357 1155 4406 modo
1174 4356 1303 4422 iungitur,
1324 4364 1363 4404 est

81 4433 123 4470 vox
138 4439 180 4474 aer
198 4425 277 4488 ictus,
300 4423 349 4474 boc
370 4433 408 4475 ert
426 4440 470 4474 aer
488 4439 634 4491 percussus.
671 4426 717 4475 sed
735 4427 865 4488 quaeritur
882 4440 898 4474 ιι
917 4441 967 4489 quo
986 4427 1126 4491 percutitur
1143 4425 1216 4486 -ι,
1239 4423 1300 4474 lto*
1318 4425 1364 4487 (de

81 4497 163 4553 tropo}
182 4497 216 4544 ita
236 4504 262 4544 et
278 4494 510 4544 benens'l'acturua
529 4493 608 4556 leret,
628 4495 650 4544 εἰ
669 4496 692 4543 ei
711 4497 814 4544 daretur
832 4496 951 4545 abatino
969 4497 1076 4545 Lavinia
1093 4497 1213 4544 coniunx.
1246 4510 1363 4544 conmen-

81 4565 154 4612 tnn'ua
168 4569 192 4615 r'n
210 4575 290 4615 artem
307 4567 424 4615 martirem
439 4565 537 4617 Donati
606 4566 638 4616 la
657 4573 768 4614 scemata
785 4576 873 4630 tropos
890 4565 921 4614 M
979 4568 1010 4616 15
1027 4581 1074 4631 pro
1095 4566 1261 4614 calamentum
1280 4564 1313 4612 M

82 4629 164 4699 Caper]
180 4650 210 4698 p.
227 4637 297 4687 2244
369 4635 401 4686 17
420 4631 613 4701 salsamentum]
636 4635 803 4685 calamentum
820 4636 852 4685 M
903 4636 938 4686 20
955 4636 1107 4686 salmentum
1127 4645 1152 4684 ct
1169 4635 1261 4685 dixerit
1281 4634 1313 4683 M

82 4699 110 4746 ²2
124 4701 254 4770 pernicies]
272 4705 395 4771 pernities
416 4705 447 4754 M
515 4703 550 4756 30
566 4705 686 4770 pernities
703 4715 786 4754 ιιιιιειιι
807 4705 841 4755 Μ

142 4771 172 4823 al
192 4775 281 4826 Codex
296 4775 429 4826 Leidencia
451 4778 527 4826 Voss.
546 4775 590 4826 37.
610 4775 627 4825 8
646 4775 704 4838 (V)
720 4791 788 4828 enee.
808 4773 850 4824 X:
873 4776 909 4838 cs.
926 4775 1015 4838 praef.
1038 4790 1142 4840 prorum.
1163 4791 1187 4827 o.
1209 4775 1261 4838 lp.
1280 4772 1363 4824 XXlll

81 4835 157 4896 dur*
176 4859 208 4892 ιιι
226 4860 389 4895 εειοεειιιιο.
410 4844 584 4897 soloecismus
602 4846 663 4908 quid
683 4854 722 4906 est
741 4875 772 4881 -
789 4846 812 4909 s.
827 4845 862 4896 os
880 4839 1065 4895 immutatione.
1085 4846 1227 4894 adiectione
1245 4846 1363 4908 quatinus
