3350 5442
321 352 383 415 aaa
656 324 663 333 '
889 353 1042 417 rouruu

345 461 503 517 pua-511„

319 541 433 625 syllaba
455 541 588 603 dedicata
611 548 657 603 est
678 543 782 622 generi
804 548 928 613 neutro,
948 561 1099 604 scamnum
1123 548 1251 611 tectum;
1282 550 1311 603 et
1340 543 1489 603 invenitur
1512 548 1601 603 umen

318 664 378 706 non
401 662 562 722 numquam
585 643 706 708 alterius
727 647 847 721 generis
868 646 899 705 in
923 644 1025 707 eadem
1042 644 1152 725 syllaba
1167 646 1358 705 terminatum
1375 662 1493 705 nomen.
1514 645 1602 705 sciens

319 766 390 827 ergo
413 746 526 825 aliquas
549 746 666 825 regulas
688 746 819 807 addictas
843 764 907 808 esse
930 747 1088 826 generibus
1110 754 1216 809 tractat
1238 749 1396 808 contraria.
1432 747 1514 816 dicit,
1537 746 1602 807 haec

318 870 367 912 res
393 869 455 911 non
482 858 512 911 te
540 848 682 929 decipiat:
714 866 781 910 raam
809 850 1000 912 inveniuntur
1028 850 1113 911 aliter
1135 850 1326 930 personantia
1349 857 1379 911 et
1400 847 1522 909 alterius
1542 856 1603 909 sunt

318 954 447 1032 generis.
492 971 531 1013 ne
552 952 633 1013 dieas
654 950 729 1013 mibi
750 953 839 1013 ‘ecee
862 971 972 1014 nomen
993 954 1025 1014 in
1047 972 1063 1013 a
1087 954 1159 1023 exit,
1184 952 1274 1015 debet
1295 953 1414 1031 generis
1436 970 1503 1012 csse
1526 950 1623 1011 lomi-a

318 1058 408 1117 nini’.
452 1072 520 1116 nam
549 1062 645 1134 potest
671 1053 735 1114 lieri
768 1060 801 1113 ut
826 1062 912 1115 sonet
938 1056 1112 1116 femininum
1141 1062 1170 1117 et
1197 1056 1235 1115 sit
1263 1054 1470 1123 masculinum,
1501 1059 1534 1114 ut
1564 1060 1604 1114 est

319 1157 442 1220 Catilina
469 1157 598 1236 Agrippa
626 1155 757 1218 llessala.
803 1157 859 1217 ista
887 1160 1007 1219 nomina
1031 1159 1232 1220 enuntiatione
1255 1164 1325 1219 sunt
1345 1158 1502 1225 feminina,
1525 1154 1604 1217 intel-

317 1259 397 1321 lectu
424 1267 493 1320 sunt
522 1258 692 1319 masculina.
738 1266 787 1319 aut
815 1278 832 1319 e
861 1263 1010 1321 contrario
1034 1261 1237 1321 enuntiatione
1259 1259 1435 1329 masculina,
1459 1256 1603 1319 intellectu

319 1362 476 1431 feminina,
501 1370 534 1423 ut
556 1361 717 1423 Eunuchus
740 1361 904 1431 comoedia,
928 1362 1000 1423 bace
1022 1362 1184 1425 Eunuchus
1206 1362 1367 1424 comoedia.
1411 1364 1476 1441 ipsa
1499 1362 1538 1421 ita
1560 1380 1605 1439 ap·

319 1462 461 1545 pellatur:
490 1481 560 1524 nam
586 1465 627 1524 ita
655 1463 779 1541 legimus
800 1464 831 1523 in
854 1465 919 1544 ipso
942 1464 1098 1533 Terentio,
1123 1466 1243 1541 ‘quam
1265 1462 1463 1525 transtulit
1484 1464 1521 1524 in
1543 1463 1635 1523 liu-¹⁰

318 1565 477 1627 nuchum
511 1569 640 1627 suam'.
684 1546 804 1627 (irestes
830 1566 996 1644 tragoedia,
1031 1566 1103 1627 baec
1136 1572 1262 1647 mprtuaa,
1291 1565 1365 1628 haec
1392 1565 1510 1627 laurus:
1538 1564 1606 1625 haee

319 1668 522 1729 enuntiatione
544 1675 615 1730 sunt
636 1666 813 1739 masculina,
836 1668 992 1730 intellectu
1014 1669 1165 1729 feminina.
1210 1670 1280 1729 item
1305 1669 1507 1729 enuntiatione
1529 1667 1606 1728 lemi-

317 1774 403 1842 nina,
433 1770 585 1832 intellectu
607 1777 728 1840 neutra,
752 1779 785 1830 ut
806 1789 913 1850 poema
927 1762 1082 1831 emblema
1106 1773 1304 1851 epigramma:
1339 1770 1410 1832 baec
1434 1771 1605 1831 enuntiatio·

245 1892 251 1902 ’
319 1891 386 1935 nem
415 1874 527 1935 babent
554 1873 703 1943 feminini,
730 1880 831 1934 umen
853 1881 958 1934 neutra
981 1880 1058 1934 sunt.
1105 1874 1293 1935 econtrario
1315 1874 1386 1933 item
1409 1874 1606 1933 enuntiatione

318 1982 437 2046 neutra,
467 1973 618 2036 intellectu
646 1974 801 2045 feminina,
830 1982 865 2035 ut
891 1974 1088 2037 Phronesium
1116 1975 1224 2036 mulier
1251 1973 1296 2035 vel
1318 1973 1489 2053 Glycerium
1513 1983 1542 2036 et
1562 1972 1606 2033 illa
1618 1988 1637 2025 1⁵

200 2086 395 2157 4³1‚aoquae
414 2079 447 2139 in
469 2076 630 2139 comoediis
652 2075 786 2155 legimus.
812 2076 817 2161 Ι
841 2079 913 2139 item
936 2078 1139 2140 enuntiatione
1162 2075 1339 2147 masculina,
1363 2076 1518 2138 intellectu
1541 2094 1606 2137 neu·

317 2190 378 2241 tra:
407 2182 432 2241 si
461 2178 541 2240 dieas
568 2178 691 2258 pelagus
720 2177 835 2257 vulgus,
861 2182 942 2258 quasi
965 2179 1163 2241 masculinum
1187 2187 1245 2249 ast,
1277 2186 1306 2240 et
1333 2187 1430 2241 tamen
1459 2178 1607 2241 intellectu

317 2288 468 2367 neuuum·
482 2289 535 2341 est
567 2288 597 2341 et
617 2281 726 2342 adiecit
739 2280 859 2359 vulgus,
883 2280 935 2341 sed
959 2280 1016 2341 hoc
1038 2300 1098 2342 non
1121 2289 1165 2342 est
1187 2290 1315 2343 certum:
1338 2300 1406 2343 nam
1428 2288 1608 2361 potestesse

318 2392 349 2446 et
368 2383 564 2445 masculinum
587 2391 617 2444 et
638 2391 788 2445 neutrum.
816 2383 898 2444 vides
921 2402 992 2461 ergo
1015 2384 1155 2463 qrroniam
1177 2401 1287 2463 genera
1310 2393 1382 2445 sunt
1404 2400 1480 2461 quae
1504 2383 1609 2444 discre-

317 2494 391 2567 pant
412 2484 571 2564 aliquando
594 2504 611 2546 a
633 2485 753 2565 'regulis
1620 2496 1640 2534 tt

199 2601 259 2662 431,
273 2600 306 2649 29
330 2665 334 2672 ι
402 2589 498 2668 Saepe
520 2589 665 2666 contingit
687 2594 719 2648 ut
741 2590 771 2647 in
795 2585 939 2665 singulari
962 2605 1088 2649 numero
1104 2588 1224 2650 alterius
1246 2590 1364 2667 generis
1386 2588 1423 2648 sit
1445 2587 1529 2647 etin
1550 2584 1610 2665 plu·

318 2690 375 2753 rali
397 2689 526 2752 alterius.
554 2692 722 2752 invenimus
744 2690 823 2751 enim
846 2690 875 2748 iu
899 2688 1039 2767 singulari
1063 2709 1188 2752 numero
1211 2688 1289 2752 aliud
1313 2707 1408 2767 genus
1430 2697 1460 2749 et
1483 2688 1563 2749 aliud
1584 2691 1611 2749 in

318 2792 439 2873 plurali,
469 2800 502 2853 ut
529 2801 573 2855 est
600 2792 749 2855 balneum.
795 2792 852 2852 hoc
880 2789 1018 2853 balneum
1047 2792 1175 2855 dicimus
1203 2794 1233 2853 in
1256 2810 1383 2853 numero
1405 2789 1563 2869 singulari,
1586 2797 1612 2849 et

317 2897 349 2955 in
376 2893 485 2973 plurali
513 2893 636 2955 dicimus
663 2893 720 2954 bae
743 2892 867 2955 balneae
896 2893 949 2954 has
971 2892 1104 2955 balneas:
1145 2896 1313 2955 ‘occisus
1343 2901 1398 2955 est
1425 2912 1442 2954 a
1471 2892 1612 2955 balneis

320 2995 510 3057 Pallaeeni
542 3015 558 3056 a
591 3015 682 3057 cena
715 2996 868 3057 rediens
900 2996 1034 3056 Romae
1067 2996 1202 3057 Sextus
1236 2996 1419 3057 Roscius'.
1465 2997 1539 3055 item
1572 3002 1642 3054 esta

319 3098 492 3159 femininum
521 3100 552 3158 in
574 3097 720 3177 singulari
743 3105 772 3158 et
798 3099 829 3157 in
852 3096 959 3177 plurali
982 3107 1135 3168 neutrum,
1158 3106 1192 3158 ut
1213 3097 1286 3159 haee
1310 3096 1464 3166 carbasus,
1492 3096 1613 3158 ethaeo

320 3198 442 3260 carbasa
470 3199 597 3261 dicimus
624 3202 656 3260 in
683 3196 801 3279 plurali.
846 3200 917 3259 item
940 3200 971 3259 in
995 3199 1137 3278 singulari
1159 3218 1285 3263 numero
1306 3202 1456 3261 invenitur
1480 3198 1613 3261 masculi·

320 3320 407 3373 num,
437 3304 467 3363 in
496 3300 602 3383 plurali
631 3309 784 3370 neutrum,
813 3301 862 3361 bic
884 3302 1025 3363 Tartarus
1053 3302 1177 3363 ethaeo
1200 3303 1331 3365 Tartara.
1377 3301 1525 3363 debemus
1547 3319 1613 3378 ergo

319 3413 438 3473 notare,
463 3404 580 3485 quando
596 3410 667 3465 sunt
680 3405 800 3466 nomina
816 3406 848 3464 in
863 3400 997 3485 nulmero
1012 3402 1155 3483 singulari
1170 3402 1291 3467 alterius
1307 3405 1427 3482 generis
1443 3413 1475 3464 et
1497 3404 1613 3465 alterins

317 3508 351 3566 in
373 3505 496 3587 plurali,
525 3513 558 3568 ut
584 3508 627 3567 sic
654 3506 795 3568 dieamus.
840 3506 891 3566 sed
915 3506 992 3567 sciro
1014 3504 1106 3567 debes
1129 3507 1207 3584 quod
1231 3528 1250 3563 s
1266 3506 1351 3567 baec
1373 3504 1496 3576 balnea,
1522 3515 1554 3567 ut
1574 3514 1645 3565 esta

320 3613 487 3669 ‘secreta
509 3609 603 3687 lugit
625 3608 722 3679 loca,
746 3606 881 3668 balnea
904 3610 1024 3669 vitat'.
1054 3608 1169 3670 caelum
1185 3626 1310 3669 numero
1331 3607 1477 3687 singulari
1499 3609 1613 3687 generis

320 3712 419 3773 neutri
441 3718 499 3781 est,
528 3712 558 3771 in
586 3708 695 3790 plurali
723 3709 893 3773 masculini:
929 3711 986 3771 hoc
1008 3710 1123 3773 caelum
1146 3710 1271 3772 dicimus
1294 3710 1376 3771 ethi
1399 3708 1489 3779 caeli:
1520 3712 1614 3789 ‘quis

389 3953 470 4000 2non
491 3964 628 4014 numquam
650 3948 706 4000 AB
723 3964 769 3999 nec
786 3964 922 4012 numquam
942 3947 997 3999 Oa*
1068 3951 1094 3998 in
1115 3950 1202 3999 eadem
1223 3948 1297 4000 Boe
1313 3949 1337 3997 in
1358 3948 1464 3999 alterius
1485 3949 1615 3998 eademA

319 4022 584 4074 ermensendam
603 4021 676 4070 BGa
694 4028 774 4069 tracta
790 4022 914 4070 contrario
933 4020 957 4068 A
1028 4022 1045 4071 4
1064 4020 1228 4070 inueniuntur
1246 4020 1318 4071 aliter
1331 4018 1407 4069 nea
1426 4020 1502 4069 aliter
1519 4020 1615 4071 inueni-

320 4103 361 4143 tur
377 4091 402 4140 A
473 4090 531 4142 dut
548 4091 622 4153 quasi
642 4101 714 4140 sonet
728 4090 917 4140 Lindenmamsa
930 4091 1002 4154 quasi
1017 4098 1089 4139 sonet
1109 4091 1190 4141 ABG
1258 4087 1274 4138 8
1293 4088 1420 4139 intellectu
1438 4100 1501 4139 sunt
1520 4106 1615 4140 mascu-

320 4163 370 4212 lina
386 4160 431 4212 Aa
449 4161 577 4211 intellectu
596 4160 737 4210 masculina
754 4159 780 4209 B
799 4161 927 4210 intellectu
946 4169 1029 4210 autem
1048 4160 1189 4210 masculina
1209 4160 1230 4211 0
1297 4160 1330 4210 10
1348 4158 1478 4226 Terentio]
1501 4160 1614 4211 Euaucd.

317 4236 388 4296 prot.
406 4230 441 4283 32
496 4230 529 4283 19
544 4227 674 4297 quoniam]
695 4240 788 4293 quanta
803 4230 885 4281 ABG
941 4233 974 4281 24
993 4231 1039 4281 bas
1056 4230 1183 4281 balnasA
1236 4230 1334 4281 occisus
1352 4226 1400 4296 eat]
1421 4231 1474 4285 Cic.
1494 4248 1523 4297 p.
1543 4232 1615 4283 Roas.

321 4304 378 4358 Am,
393 4302 418 4363 7,
434 4301 467 4353 18
518 4315 533 4350 a
552 4300 648 4351 balneis
662 4300 786 4366 pellaeenl
800 4297 892 4351 Bea*
907 4300 982 4353 abalu
997 4342 1003 4354 .
1019 4343 1044 4355 ,,
1061 4300 1109 4364 (ad
1126 4300 1231 4351 balneas
1245 4310 1270 4350 ut
1286 4301 1384 4350 uidetur
1401 4298 1431 4365 a)
1447 4301 1580 4369 pallageui
1594 4305 1616 4349 A

389 4372 423 4423 25
442 4372 541 4422 rediens
560 4370 636 4421 BCa
653 4370 769 4421 redicens
788 4372 814 4420 A
870 4379 958 4421 sextus
976 4369 1066 4422 nea*
1086 4370 1200 4423 scensA
1262 4372 1356 4420 rostius
1374 4371 1399 4419 A
1453 4371 1489 4423 ‘26
1511 4382 1538 4421 ut
1557 4370 1617 4420 haee

321 4443 450 4494 carbasius
462 4440 544 4505 (corr.
559 4441 629 4504 aas)
646 4452 670 4491 et
683 4440 747 4490 haee
759 4441 867 4490 carbasa
881 4443 904 4489 A
918 4450 945 4491 ut
961 4440 1012 4506 (est
1025 4442 1086 4495 add.
1099 4441 1136 4504 B)
1150 4441 1213 4491 llaec
1233 4441 1367 4491 carbaseus
1381 4450 1405 4491 et
1417 4440 1484 4491 haec
1499 4444 1616 4492 carbassa

320 4512 367 4564 BG
418 4511 452 4563 30
469 4513 506 4563 sie
521 4512 636 4562 dicamus
649 4511 723 4561 Bca
739 4512 762 4561 si
774 4512 890 4561 dieamus
909 4511 933 4560 A
986 4512 1031 4561 sed
1051 4514 1115 4561 scire
1135 4512 1214 4561 debes
1232 4512 1301 4573 quod
1317 4511 1399 4575 (coar.
1420 4512 1490 4575 quod
1510 4512 1573 4563 baec
1590 4512 1616 4574 u)

322 4584 411 4632 balnea
428 4592 454 4633 ut
473 4591 513 4633 est
530 4584 622 4632 seerita
638 4581 717 4646 (corr.
731 4583 841 4643 secreta)
856 4617 883 4634 ..
900 4581 994 4632 edebas
1010 4583 1077 4644 qirod
1094 4582 1157 4631 haec
1170 4582 1261 4631 balnea
1280 4590 1307 4630 ut
1324 4590 1363 4631 est
1376 4582 1442 4647 legit
1456 4582 1515 4632 loca
1528 4584 1617 4633 balnea
1658 4634 1659 4637 ,

321 4655 415 4707 uitat..
438 4653 536 4702 eaelum
555 4653 588 4705 A.
608 4655 700 4703 taenara
717 4668 792 4718 quam
809 4652 919 4702 iudicavi
935 4653 971 4701 ita
988 4654 1103 4718 suppleri
1118 4660 1210 4715 potest,
1229 4654 1275 4702 sed
1293 4653 1357 4701 seire
1375 4652 1452 4703 debes
1473 4654 1620 4715 quodsum

321 4723 408 4787 aliqua
428 4724 530 4773 nomina
549 4738 614 4785 quae
627 4723 729 4775 diverso
743 4737 838 4789 genere
857 4722 977 4788 leguntur
995 4724 1019 4771 iu
1040 4738 1145 4773 numero
1158 4722 1264 4789 plurali:
1283 4736 1342 4771 nam
1360 4722 1508 4773 invenimus
1528 4732 1552 4773 et
1571 4723 1617 4771 liae

321 4793 426 4843 balneae
445 4792 547 4841 ethaeo
563 4792 661 4852 balnea,
680 4795 720 4843 aet
734 4793 834 4843 breuius
846 4796 890 4855 ita,
909 4794 955 4845 sed
971 4795 1038 4843 seire
1055 4794 1178 4843 debemus
1197 4794 1265 4855 quod
1279 4793 1387 4843 dicimus
1405 4801 1429 4842 et
1446 4791 1512 4842 haee
1530 4792 1617 4843 balnea

390 4862 422 4914 31
436 4859 543 4927 secuto]
569 4863 633 4913 Hor.
651 4864 683 4914 de
701 4870 751 4914 art.
767 4872 835 4926 poet.
854 4862 905 4915 ’298
977 4863 1010 4915 32
1027 4862 1095 4929 quia]
1116 4864 1255 4916 Lucretii
1275 4862 1343 4915 1097
