3350 5442
577 306 814 369 COMMENTVM
1269 303 1330 369 301

1150 415 1270 468 psal-ar
1284 412 1307 455 L.

121 494 303 573 Prolempsis
331 501 376 554 est
401 497 644 574 praeoccupatio:
678 497 721 555 sic
749 503 848 575 potest
874 493 964 555 latine
992 494 1064 564 dici,
1087 489 1265 575 prolempsis
1288 502 1333 556 est

30 597 268 675 praeoccupatio
297 597 342 656 rei
364 597 493 657 luturae.
536 597 677 677 pleraque
700 613 775 674 quae
798 604 901 674 postea
923 597 997 657 hunt
1022 597 1065 657 sie
1088 596 1212 657 dicimus
1237 593 1242 676 Ι
1268 615 1331 665 nos,

32 699 118 774 quasi
152 706 221 758 ante
251 699 327 758 lacta
355 700 429 767 sint,
459 706 489 760 et
516 699 619 779 incipit
646 717 711 759 esse
744 698 792 759 bic
815 707 931 778 tropus,
966 696 1192 779 ‘Lavinaque
1225 699 1333 760 venit

32 798 181 860 litora'.
226 797 277 859 illo
305 807 452 879 tempore,
482 817 541 877 quo
569 801 648 860 venit
674 801 787 861 Aeneas
815 798 851 861 ad
880 798 1007 869 ltaliam,
1036 799 1132 862 adbuc
1154 819 1214 861 non
1236 797 1333 861 luerat

34 899 182 961 larinum
211 900 352 982 oppidum
381 919 435 961 nec
463 900 572 962 Lauina
600 900 695 962 litora.
741 919 812 980 ergo
841 900 891 963 illo
918 900 984 962 loco
1007 904 1065 963 erit
1085 901 1279 983 prolempsis,
1302 901 1331 962 id

33 1012 78 1061 εει
100 1005 349 1082 praeoccupatio,
373 1021 460 1082 quem
484 1003 520 1064 ad
543 1003 664 1065 modum
685 1005 758 1064 item
780 1003 840 1064 alio
861 1001 942 1074 loeo,

192 1114 279 1166 tunc
301 1123 340 1166 se
364 1104 404 1164 ad
427 1103 580 1166 Caietae
602 1113 707 1166 recto
730 1107 805 1166 ieri
827 1104 938 1166 litore
961 1115 1117 1185 portum.

35 1207 154 1268 Caietae
177 1215 282 1287 portus
303 1206 353 1267 illo
376 1214 510 1288 tempore
533 1225 592 1267 non
615 1206 726 1278 luerat,
755 1206 807 1267 sed
830 1216 934 1287 postea
956 1217 1073 1270 mortua
1095 1208 1194 1270 Caieta
1216 1209 1260 1269 sic
1281 1227 1332 1289 ap·

35 1308 167 1388 peilatus
191 1318 244 1371 εει.
289 1327 362 1387 ergo
384 1308 563 1390 prolempsis
585 1309 693 1370 dicitur·
715 1311 944 1389 praeoccupatio
967 1312 1011 1372 rei
1033 1311 1158 1372 luturae.

24 1451 25 1464 ι
120 1411 289 1492 Pleraeque
312 1414 401 1472 etiam
423 1412 535 1489 figurae
557 1413 725 1473 contrariae
747 1419 826 1480 suni,
844 1429 902 1491 quo
925 1408 1013 1473 modo
1036 1421 1107 1474 sunt
1129 1415 1217 1475 eliam
1240 1422 1333 1474 meta·

38 1515 152 1594 plasmi.
187 1531 308 1592 zeugma
332 1521 361 1574 et
383 1513 571 1592 hypozeuxis,
596 1515 740 1574 eccelsia
764 1512 822 1574 duo
846 1516 993 1576 contraria
1016 1523 1095 1576 sunt.
1126 1533 1194 1576 uam
1210 1533 1331 1594 zeugma

37 1617 156 1688 dicitur,
181 1617 320 1697 quotiens
342 1633 402 1677 uno
424 1613 515 1676 verbo
530 1615 639 1678 multas
660 1635 709 1678 res
724 1614 902 1684 claudimus;
921 1615 1103 1695 hypozeuxis
1118 1625 1172 1687 εει,
1196 1618 1334 1699 quotiens

38 1719 170 1798 singulas
198 1737 248 1779 res
274 1715 397 1796 singulis
424 1716 588 1778 claudimus
616 1716 722 1779 verbis.
769 1735 892 1796 zeugma
922 1724 981 1786 εει,
1012 1718 1129 1796 quando
1156 1717 1206 1780 illa
1234 1720 1333 1780 omnia

39 1839 112 1899 quae
136 1821 301 1900 praemissa
324 1827 395 1880 sunt
416 1819 595 1881 clauduntur
619 1819 724 1890 rerbo,
753 1818 841 1897 quale
869 1827 914 1881 est
940 1817 1013 1878 illud
1041 1820 1121 1897 quod
1150 1820 1210 1881 dixi
1232 1819 1331 1890 modo,

24 1927 100 2005 t‘qui
123 1925 246 1986 numina
262 1920 384 1991 Phoebi,
408 1924 457 2002 qui
478 1922 620 2001 tripodas,
638 1921 716 1984 Clari
730 1920 841 1991 laurrrs,
866 1922 915 2000 qui
938 1919 1035 1982 sidera
1051 1925 1143 1985 sentis
1151 1928 1170 1983 ².
1201 1923 1330 1992 interim,

39 2028 179 2106 quoniam
206 2025 288 2085 venit
309 2025 366 2085 iste
387 2043 491 2084 versus
519 2023 555 2084 ad
578 2027 724 2095 animum,
755 2043 816 2084 non
838 2033 966 2085 stantem
988 2022 1072 2085 illum
1094 2023 1198 2101 legunt
1219 2042 1331 2095 omnes,

39 2130 105 2207 ‘qui
126 2129 252 2188 numina
272 2124 386 2186 Phoebi
408 2128 459 2204 qui
482 2126 614 2206 tripodas
636 2125 746 2188 Clari’:
776 2145 836 2187 non
860 2134 918 2187 stat
938 2144 1052 2188 versus.
1095 2129 1153 2187 iam
1175 2127 1201 2186 si
1222 2129 1265 2187 sic
1288 2125 1332 2186 di·

41 2233 94 2300 cis,
123 2247 185 2290 non
208 2237 267 2290 stat
288 2247 407 2298 versus;
440 2227 492 2289 sed
515 2227 647 2290 dicemus
675 2230 743 2309 ‘qui
764 2229 897 2309 tripodas
919 2227 1041 2300 Clarii',
1070 2231 1138 2309 quia
1166 2227 1210 2290 ela
1233 2227 1332 2291 brevis

42 2341 95 2392 est:
120 2333 192 2412 ‘qui
214 2330 346 2410 tripodas
369 2328 464 2391 Clari'
486 2332 511 2392 si
533 2330 622 2406 dieas,
646 2337 679 2391 ut
703 2331 741 2391 sit
762 2329 929 2410 spondeus,
953 2349 1014 2392 non
1036 2339 1102 2402 stat,
1126 2330 1179 2392 sed
1202 2332 1260 2391 erit
1281 2330 1332 2391 da·

24 2433 147 2512 rotulus,
178 2432 277 2494 brevis
300 2439 345 2494 εει
367 2435 447 2493 enim
470 2432 528 2504 cla,
555 2431 560 2516 Ι
580 2440 611 2493 ει
632 2451 736 2494 omnes
765 2440 864 2493 tamen
892 2434 935 2493 sic
964 2431 1067 2510 legunt
1088 2434 1214 2512 penitus.
1259 2450 1331 2511 ergo

43 2538 175 2613 quotiens
201 2553 262 2596 uno
290 2535 382 2596 verbo
410 2535 541 2597 diversas
569 2533 716 2596 clausulas
743 2536 956 2612 conponimus,
991 2552 1114 2612 zeugma
1140 2542 1193 2596 est.
1239 2532 1331 2615 hypo·

44 2641 139 2698 zeusis
163 2647 208 2698 εει
231 2645 338 2706 autem,
362 2639 500 2717 quotiens
522 2636 653 2715 singulas
675 2655 725 2696 res
747 2635 872 2716 singulis
894 2635 1059 2698 claudimus
1080 2635 1186 2707 verbis
1210 2644 1243 2697 ut

191 2757 317 2818 regem
341 2738 418 2800 adit
440 2749 475 2800 ct
496 2740 575 2816 regi
598 2747 776 2800 memorat
797 2755 1007 2816 nomenque
1028 2756 1231 2818 genusque:

46 2849 159 2921 ‘regem
194 2841 271 2903 adit'
299 2861 405 2903 sensus
439 2848 497 2911 εει,
533 2842 615 2919 ‘regi
648 2840 810 2902 memorat'
838 2859 941 2900 sensus
978 2849 1038 2911 εει,
1073 2839 1197 2921 ‘quidve
1234 2842 1331 2920 petat'

24 2957 145 3005 esensus
169 2951 223 3014 est,
248 2943 373 3020 ‘quidve
397 2945 558 3005 memoret’
582 2949 686 3003 sens'us
709 2949 762 3013 est,
785 2942 885 3003 ‘arma
907 2960 982 3022 quae
1004 2942 1061 3004 sibi
1084 2943 1241 3021 conponit’
1263 2961 1330 3003 sen·

24 3045 89 3106 lsus
111 3055 166 3117 est,
191 3044 346 3108 ‘humanis
369 3064 443 3125 quae
465 3047 504 3107 sit
525 3043 633 3106 rebus'
657 3063 764 3106 sensus
786 3051 844 3113 esi;
868 3043 1001 3123 singulae
1023 3063 1073 3105 res
1087 3043 1213 3122 singulis
1233 3043 1333 3105 verbis

47 3148 205 3229 completae
228 3155 306 3210 sunt.

123 3250 297 3332 Syllempsis
320 3257 365 3310 est
387 3249 573 3311 dissimilium
597 3268 698 3310 rerum
720 3267 778 3310 una
801 3248 968 3319 conclusio,
998 3259 1068 3330 puta
1094 3251 1120 3311 si
1142 3267 1236 3330 ponas
1258 3249 1333 3312 duos

48 3371 182 3414 numeros
205 3353 338 3413 diversos
361 3360 390 3411 et
411 3354 462 3412 uni
484 3351 676 3433 respondeas,
700 3351 826 3413 alterum
849 3351 1014 3432 relinquas;
1042 3353 1068 3413 si
1089 3370 1183 3431 ponas
1199 3351 1258 3413 duo
1280 3370 1332 3431 ge·

24 3445 111 3514 tenera
133 3455 252 3515 diversa
275 3463 305 3515 et
326 3473 385 3515 uno
407 3455 511 3533 generi
533 3453 725 3534 respondeas,
750 3453 878 3515 alterum
905 3453 1066 3534 relinquas.
1094 3461 1165 3533 puta
1188 3453 1264 3515 ‘bic
1285 3453 1332 3515 il·

51 3555 112 3618 lius
140 3575 260 3636 arma,
295 3557 353 3616 hic
381 3574 516 3617 currus
549 3558 655 3616 luit’:
689 3557 749 3618 ‘hie
776 3556 856 3623 illius
878 3573 985 3616 currus
1007 3555 1073 3616 iuit'
1095 3555 1173 3617 bene
1195 3554 1331 3626 dicimus,

51 3657 131 3720 ‘arma
160 3661 229 3720 luit'
259 3677 318 3720 non
346 3658 422 3719 bene
446 3659 579 3719 dicimus.
626 3676 697 3736 ergo
721 3656 888 3738 syllempsis
911 3667 969 3728 εει,
998 3659 1135 3736 quotiens
1156 3675 1217 3719 uno
1240 3656 1331 3719 verbo

52 3762 256 3840 respondemus
275 3759 391 3822 duabus
413 3760 504 3822 rebus
526 3759 727 3829 dissimilibus,
749 3763 789 3821 ita
813 3769 846 3822 ut
868 3778 926 3822 una
948 3779 1017 3840 pars
1038 3762 1188 3841 pertineat
1208 3760 1246 3821 ad
1261 3762 1331 3823 sim-

53 3862 144 3938 plicem
170 3864 378 3934 elocutionem,
402 3863 495 3924 altera
518 3862 553 3922 ad
576 3863 741 3940 figuratam.
785 3881 855 3924 nam
877 3862 995 3939 quando
1017 3862 1152 3944 dicilmus
1174 3861 1240 3923 ‘bie
1261 3882 1330 3924 cur·
1368 3846 1371 3852 ⁵

31 3974 95 4024 arus
120 3965 208 4037 luit',
239 3965 363 4045 simplex
393 3974 438 4026 εει
466 3963 608 4034 elocutio;
644 3964 760 4045 quando
794 3965 1050 4026 dicimus‘arma
1078 3966 1167 4035 luit’,
1197 3983 1258 4027 non
1286 3973 1332 4025 esi

56 4067 166 4147 simplex
190 4068 332 4138 elocutio,
362 4067 414 4128 sed
438 4069 569 4146 figurata.
616 4086 688 4146 ergo
715 4065 882 4148 syllempsis
910 4066 1019 4128 dicitur
1046 4066 1227 4146 singularum
1250 4066 1331 4128 elau·

57 4168 173 4232 solarum
195 4190 254 4232 una
277 4169 438 4239 conclusio.
483 4169 555 4231 haec
580 4179 677 4231 autern
707 4168 874 4250 syllempsis
896 4189 956 4231 non
978 4179 1093 4231 tantum
1115 4170 1145 4228 in
1168 4168 1267 4230 verbis
1288 4169 1330 4236 tit,

58 4270 97 4330 sed
124 4275 210 4335 etiarn
239 4274 271 4332 in
298 4271 444 4332 sensibus.
494 4275 759 4352 quotienscumque
789 4291 839 4332 res
865 4281 1025 4334 narrantur
1053 4269 1226 4342 dissimiles,
1256 4289 1331 4351 quae

112 4511 127 4560 3
143 4513 289 4577 laciniaque
308 4514 378 4562 uenit
392 4513 426 4561 P:
444 4513 523 4576 Verg.
539 4511 604 4561 Aen.
626 4512 634 4560 l
653 4513 669 4560 2
741 4511 756 4560 7
775 4508 847 4576 tune]
872 4513 951 4577 Verg.
971 4511 1036 4561 Aen.
1052 4511 1086 4561 Vl
1102 4511 1152 4563 901
1224 4513 1257 4564 14
1272 4527 1332 4578 pro·

60 4581 121 4630 nisse
137 4583 241 4634 BOSP
326 4584 358 4634 la
377 4583 463 4632 laurus
478 4583 504 4632 P
522 4583 606 4632 lauros
620 4579 672 4631 BS
689 4581 788 4633 lauriO
875 4583 906 4633 17
923 4581 984 4631 clari
1002 4581 1089 4631 laurus
1107 4597 1157 4631 non
1173 4589 1224 4634 stat
1239 4583 1264 4633 B

61 4647 85 4697 18
96 4652 368 4704 dioemusPdicimas
387 4651 464 4703 BOS
502 4648 679 4717 '23regem]
703 4653 782 4716 Verg.
801 4650 976 4702 Aeuxlaa
1044 4653 1099 4701 adit
1115 4661 1140 4702 et
1156 4652 1333 4719 regiPadiit

60 4723 242 4788 elregiSadit
260 4726 314 4790 regi
328 4724 381 4774 BG
447 4723 482 4772 24
500 4722 601 4771 adiitS
670 4722 894 4789 ‘lbcompouetP
961 4720 1060 4789 aonio]
1086 4722 1334 4788 Verg.Aen.11il

99 4789 127 4842 33
143 4795 240 4846 duobus
255 4797 340 4844 uerbis
352 4793 460 4846 BOSI’
510 4791 546 4844 38
565 4799 698 4842 narrantur
716 4793 737 4844 0
753 4803 889 4844 nascantur
905 4809 920 4842 e
935 4802 1075 4848 naseuntur
1091 4793 1144 4846 BS
1162 4793 1335 4846 nosennian
