3350 5442
359 1227 380 1266 p.
398 1208 545 1252 recedunt.
1426 1219 1450 1258 p.
1466 1208 1477 1246 7
1492 1205 1533 1244 ed.
1551 1205 1609 1244 ilfa.

372 1309 454 1402 llll
482 1307 631 1401 satuti
658 1307 883 1402 ltuttllltl
909 1306 997 1401 rttt
1024 1305 1234 1400 llllllllll
1259 1301 1599 1400 lllllllllllillrll'l

867 1458 1089 1555 inutilla

418 1835 562 1896 Latinitas
583 1842 628 1896 ast
650 1835 817 1896 observatio
839 1837 1014 1915 incorrupte
1037 1834 1177 1914 loquendi
1199 1834 1362 1896 seeundum
1384 1833 1560 1894 Romanam
1581 1833 1628 1892 lin·

334 1939 430 2000 guam.
476 1927 590 1980 constat
618 1927 715 1982 autem
745 1920 842 1980 modis
863 1920 976 1990 tribus,
1006 1920 1036 1979 id
1059 1927 1105 1979 est
1127 1922 1243 1980 ratione
1266 1921 1447 1980 auctoritate
1472 1927 1627 1979 consuctu-

334 2007 418 2068 dine:
442 2007 555 2066 ratione
578 2004 741 2066 secundum
763 2014 872 2074 artem,
896 2007 1072 2066 auctoritate
1095 2006 1258 2066 secundum
1280 2022 1385 2065 eorum
1407 2008 1548 2084 scripta,
1571 2006 1642 2082 qui·-

333 2091 388 2151 bus
411 2094 475 2171 ipsa
490 2098 536 2151 est
550 2093 712 2151 auctoritas
727 2090 884 2160 attributa,
907 2090 1121 2151 consuetudine
1144 2091 1306 2151 secundum
1329 2109 1363 2149 ea
1386 2107 1467 2169 quae
1491 2089 1627 2169 loquendi

334 2195 389 2237 usu
410 2176 519 2257 placita
542 2176 768 2295 adsumptaque*
780 2183 859 2236 sunt.

974 2256 991 2294 ³8
1195 2256 1213 2294 ἓ

832 2445 881 2507 DE
904 2444 1126 2508 PRONOMINE

358 2545 378 2585 p.
394 2533 431 2573 172
445 2530 473 2572 Μ.
1492 2541 1519 2582 p.
1533 2532 1560 2570 15
1573 2529 1608 2569 W.

416 2604 507 2664 Cuius
528 2619 695 2682 pronomen
718 2601 869 2661 infinitum
884 2615 1029 2679 personae
1043 2600 1215 2661 indefinitae
1238 2601 1455 2680 possessivum,
1481 2609 1628 2681 tamqnam

332 2708 399 2750 curn
421 2689 545 2749 dicimus
568 2688 670 2747 ‘cuius
692 2705 796 2746 servus
818 2687 890 2756 est’,
913 2687 1026 2763 figurae
1041 2685 1184 2765 simplicis
1199 2687 1319 2763 generis
1334 2686 1498 2748 masculini
1516 2689 1628 2747 numeri
1638 2703 1647 2733 ¹·

333 2773 507 2852 singularis,
531 2773 609 2853 quod
632 2775 675 2831 ita
697 2769 911 2840 declinabitur,
935 2772 1021 2830 cuius
1043 2772 1092 2831 cui
1114 2772 1182 2830 cuio
1205 2772 1306 2832 cuium
1328 2789 1344 2831 a
1366 2772 1451 2841 culo,
1477 2779 1511 2831 et
1534 2772 1627 2852 plura·

332 2860 470 2920 literani
493 2859 629 2918 cuiorum
651 2857 729 2916 culis
752 2857 835 2916 culos
858 2873 874 2915 a
897 2856 985 2916 cuils.
1016 2855 1066 2916 scd
1082 2856 1156 2917 haec
1171 2856 1331 2917 declinatio
1352 2856 1418 2935 plus
1441 2858 1524 2919 artis
1546 2876 1626 2936 qnam

333 2944 475 3024 ponderis
496 2945 585 3021 gerit.
630 2960 699 3002 nam
721 2941 811 3001 nimis
833 2948 919 3001 vetus
941 2947 1038 3001 estet
1060 2959 1076 3000 a
1098 2947 1200 3003 nostra
1222 2941 1437 3002 consuetudine
1460 2943 1625 3022 repudiata.

333 3032 374 3090 ita
402 3037 431 3088 et
457 3030 488 3088 in
515 3044 625 3105 genere
653 3027 797 3087 leminino
825 3027 893 3086 cuia
921 3024 1086 3086 declinatur
1114 3033 1148 3086 ut
1175 3026 1290 3096 tabula,
1321 3028 1422 3086 cuium
1446 3033 1481 3087 ut
1505 3027 1625 3106 lignun.

334 3114 386 3175 sed
402 3115 491 3174 etlam
506 3116 574 3182 ista,
598 3113 733 3192 quamvis
747 3112 779 3171 in
795 3113 841 3171 eis
863 3109 1035 3172 auctoribus
1057 3113 1247 3191 reperiantur
1268 3112 1320 3192 qui
1343 3118 1412 3172 sunt
1434 3114 1468 3172 in
1490 3113 1648 3173 marullus

334 3206 364 3259 ct
386 3201 417 3258 in
440 3217 491 3258 ore
520 3199 666 3267 omnium,
695 3204 794 3258 tamen
823 3196 1008 3257 consuetudo
1030 3199 1219 3277 contempsit.
1263 3215 1432 3277 perunum
1455 3199 1541 3258 enim
1562 3217 1625 3277 pro

333 3302 458 3353 nomen,
489 3282 518 3343 id
541 3289 587 3343 est
609 3284 695 3342 cuius
717 3282 762 3342 vel
786 3299 929 3362 quorum,
958 3284 1057 3342 omnia
1083 3283 1200 3344 infinita
1220 3282 1386 3363 possessiva
1408 3283 1623 3360 significantur.

334 3370 459 3430 dicimus
486 3368 567 3428 enim
595 3369 681 3427 cuius
707 3366 754 3427 vel
782 3385 909 3447 quorum
936 3386 1039 3428 servus
1066 3369 1128 3429 sivo
1157 3367 1264 3428 ancilla
1292 3369 1352 3427 sire
1373 3367 1536 3446 templum,
1566 3368 1622 3428 scd.

334 3453 413 3535 quod
440 3452 593 3514 latendum
622 3459 680 3521 cst,
711 3470 779 3512 curn
807 3452 942 3512 molestia
969 3452 1183 3512 discernendae
1211 3451 1414 3530 ambiguitatis
1442 3455 1474 3512 in
1497 3455 1623 3530 genitivo

334 3538 494 3618 singulari,
526 3537 644 3617 quando
671 3539 756 3598 cuius
784 3537 926 3608 dicimus,
955 3545 987 3597 el
1013 3540 1045 3597 in
1070 3538 1193 3617 plurali,
1221 3536 1340 3617 quando
1362 3555 1499 3617 quorum.
1544 3541 1641 3599 cutus:

336 3627 416 3685 enirn
438 3631 469 3684 ct
490 3641 618 3703 quorum
640 3622 759 3702 quando
780 3624 949 3701 possessiva
971 3631 1054 3692 sunt,
1082 3641 1137 3702 per
1159 3641 1246 3684 casus
1267 3642 1326 3683 non
1348 3623 1521 3683 fleetuntur.

747 3721 764 3759 a
970 3720 988 3758 e
1192 3720 1210 3758 a

885 3909 934 3970 DE
956 3909 1082 3971 VERBO

362 4007 384 4046 p.
399 3995 437 4034 177
451 3990 480 4032 Μ.
1491 4005 1513 4045 p.
1526 3994 1552 4032 24
1561 3991 1596 4030 W.

419 4063 505 4125 lllodo
528 4064 671 4124 infinitivo
693 4064 826 4124 numeris
849 4069 879 4123 et
900 4065 1038 4142 personis
1059 4081 1138 4133 esse,
1162 4063 1224 4124 solo
1246 4071 1381 4143 tempore
1403 4065 1485 4125 finito
1508 4073 1615 4142 praete·

336 4153 395 4211 rito
422 4151 529 4218 luisse,
559 4150 660 4210 luturo
688 4149 762 4208 lore.
806 4151 837 4209 in
866 4155 971 4229 quarta
996 4150 1097 4228 specie
1125 4148 1226 4208 delicit
1252 4155 1282 4207 et
1304 4152 1336 4209 in
1357 4149 1515 4229 participio
1534 4167 1615 4226 prae-

336 4236 428 4297 sentis
460 4235 613 4313 temporis.
659 4232 710 4294 sed
739 4233 818 4294 docti
845 4232 967 4313 quidam
994 4236 1138 4313 temporis
1163 4234 1354 4303 recentioris,
1384 4253 1452 4294 cum
1477 4233 1639 4294 balteronis

335 4322 543 4382 necessitatem
565 4336 669 4396 magna
693 4325 723 4378 et
744 4319 846 4380 divina
861 4317 1006 4398 quaedam
1027 4319 1246 4398 interpretandi
1269 4319 1501 4399 explicandique,
1523 4325 1551 4376 et
1572 4337 1613 4376 es·

420 4511 448 4566 B
471 4512 564 4566 cocleae
587 4509 790 4566 Bruxeliensis

428 4594 554 4652 Vedilio
570 4595 643 4652 Maii
663 4611 702 4650 ex
724 4597 821 4652 codice
843 4593 983 4652 Vaticano
1006 4596 1193 4652 bibliothecae
1206 4595 1362 4652 Palatinae
1384 4593 1463 4652 1746
1477 4608 1609 4664 expressa

406 4794 544 4862 ascripta]
566 4796 724 4861 praescripta
746 4797 771 4844 V
856 4793 1028 4861 rependeris
1052 4795 1178 4846 Weberua
1198 4794 1304 4861 pudoris
1323 4795 1388 4846 BV
1453 4793 1486 4844 ‘26
1500 4805 1606 4858 magnam

337 4873 361 4914 et
375 4866 462 4916 diuina
479 4865 661 4930 interpretandi
678 4865 824 4928 explicandi
843 4865 869 4914 B
