3350 5442
326 323 368 390 28
650 345 653 350 ·
886 324 1059 389 canuntur

352 448 374 489 p.
389 436 444 476 tuse.
457 436 484 476 83
497 434 519 476 Ρ.

227 533 395 592 arannem
423 514 564 596 syllabam
592 515 670 574 lacit.
697 547 732 558 -
758 513 778 575 S
805 513 937 576 littera
964 514 1152 576 cuiusdam
1180 532 1267 575 suae
1294 515 1513 592 potestatis:
1547 513 1613 591 quia

326 617 475 698 superflua
502 617 651 676 invenitur
676 615 826 677 interdurn
854 625 883 677 et
909 617 973 696 ipsa
1001 616 1139 694 liquescit
1163 617 1196 677 in
1223 625 1335 687 metro,
1372 613 1385 696 ll
1414 616 1483 694 quia
1511 614 1614 676 sibilus

298 721 419 798 imagis
434 727 478 780 est
492 736 580 796 quam
596 737 769 780 consonans.
790 751 826 762 —
850 718 899 779 Ex
920 718 999 780 illis
1021 719 1034 777 i
1053 716 1197 780 littera:
1219 719 1298 798 banc
1321 717 1410 779 habet
1427 724 1612 797 potestatem,

279 844 285 854 ·
325 822 588 902 quotienscumque
611 822 776 899 anteposita
799 821 889 882 luerit
910 820 1055 898 liquidae,
1078 822 1121 880 sic
1137 828 1166 882 et
1181 839 1247 882 earn
1263 838 1449 881 communem
1472 818 1612 900 syllabam

234 951 237 957 r
297 925 409 992 riaeit,
433 930 467 983 ut
487 923 600 984 Africa:
629 941 645 982 a
673 925 837 984 communis
867 921 976 1002 syllaba
1000 930 1052 984 est.
1081 957 1114 967 -
1139 922 1165 984 li
1188 929 1222 984 et
1243 940 1275 997 q:
1300 922 1378 1002 apud
1401 928 1519 983 veteres
1541 920 1635 981 hares

314 1033 390 1117 'erat
416 1023 642 1104 orthographia,
675 1031 723 1091 ut.
759 1025 897 1102 quotiens
924 1043 942 1084 a
969 1032 1159 1104 sequeretur,
1189 1025 1208 1086 k
1236 1031 1313 1085 esset
1341 1025 1522 1104 praeposita,
1554 1025 1616 1100 lut

325 1127 416 1207 kaput
443 1123 606 1196 Kalendae;
635 1127 770 1207 quotiens
798 1145 832 1196 u,
856 1146 884 1205 q.
907 1126 960 1187 sed
990 1145 1061 1188 usus
1088 1133 1189 1188 noster
1210 1127 1334 1188 mutarit
1355 1136 1564 1206 praeceptum,
1588 1134 1617 1185 et

216 1247 221 1253 ·
297 1241 428 1290 aearum
452 1230 546 1290 ricem
569 1245 585 1287 c
606 1225 703 1289 littera
725 1227 836 1308 implet.
868 1263 903 1272 -
935 1221 1188 1290 Scribendum.
1212 1228 1245 1288 lt:
1269 1230 1407 1308 quotiens
1427 1230 1508 1290 iuvat
1530 1247 1613 1288 roca·

326 1331 399 1401 lem,
429 1347 595 1392 consonans
623 1337 681 1397 est;
711 1331 848 1410 quotiens
875 1349 936 1391 non
962 1332 1056 1402 iuvat,
1086 1337 1154 1391 nota
1185 1331 1393 1411 adspirationis
1421 1338 1472 1391 est
1504 1329 1552 1411 [xz
1575 1332 1614 1389 ita

299 1433 449 1502 1dicitur,
474 1433 544 1511 quia
565 1433 718 1510 genetivus
739 1433 770 1493 in
792 1434 818 1493 is
841 1434 943 1502 mittit,
972 1434 1022 1512 pix
1044 1434 1132 1512 picis,
1160 1451 1213 1494 rex
1241 1435 1330 1512 regis.
1366 1467 1401 1479 -
1437 1432 1614 1510 Liquitlaa
1628 1445 1646 1479 n

328 1542 521 1614 quattuor,
551 1534 561 1594 l
588 1552 618 1594 ru
647 1552 666 1594 n
695 1541 728 1595 et
756 1553 784 1594 r:
815 1534 894 1616 apud
916 1533 1036 1595 Latinos
1057 1533 1138 1595 solae
1159 1553 1214 1615 pro
1229 1537 1317 1596 metri
1339 1553 1427 1596 causa
1450 1533 1617 1614 liquescunt

282 1637 336 1700 tol
359 1645 388 1698 et
409 1658 441 1706 r,
463 1644 607 1717 percnum
636 1635 713 1715 apud
737 1636 867 1698 Graecos
894 1642 973 1696 totae
1001 1643 1139 1715 quattuor
1161 1627 1353 1718 liquescunt]
1380 1672 1414 1681 —
1439 1636 1463 1696 Y
1485 1643 1520 1696 et
1540 1655 1572 1695 a:
1598 1655 1617 1694 z

292 1747 293 1750 ’
324 1739 401 1819 apud
424 1758 478 1800 nos
501 1745 530 1798 et
552 1739 640 1816 longa
664 1746 693 1800 et
714 1737 813 1800 brevis
835 1746 895 1808 est,
919 1738 997 1817 apud
1012 1739 1142 1800 Graecos
1157 1738 1276 1818 duplex,
1299 1739 1329 1799 id
1352 1745 1397 1799 est
1417 1738 1515 1816 longa,
1538 1738 1616 1816 apud

324 1860 378 1902 uos
404 1841 446 1916 ita¹
472 1849 530 1909 est,
560 1841 688 1915 auplex,
718 1848 753 1902 ut
774 1841 952 1926 ‘Mezenti
975 1840 1079 1902 ducis
1108 1843 1292 1909 exuvias'3
1316 1839 1456 1920 simplex,
1478 1847 1511 1901 ut
1534 1845 1615 1900 ‘ne-

282 1959 467 2008 tumorosa
483 1943 691 2021 Zacyntos'.
712 1939 745 1986 -’
765 1942 838 2002 Vna
861 1943 1108 2021 aspirationis
1131 1951 1231 2012 nota,
1255 1940 1288 2010 b;
1313 1941 1499 2021 dupletur:
1522 1941 1649 2002 danea

325 2062 598 2124 supervacuae,
627 2043 698 2104 ket
720 2063 752 2119 q,
780 2046 850 2124 quia
878 2045 983 2107 harum
1010 2044 1109 2106 locum
1137 2042 1292 2124 simplet,
1321 2043 1412 2104 duae
1440 2063 1615 2122 graecae,

239 2182 240 2186 =
324 2153 395 2224 yet
415 2165 440 2205 z.
474 2179 507 2189 —
538 2145 649 2206 Omnes
678 2144 794 2206 litterae
821 2148 941 2224 generis
968 2155 1038 2209 sunt
1066 2148 1165 2208 neutri
1193 2154 1223 2206 et
1249 2163 1369 2225 semper
1395 2144 1617 2206 indeclinabilia

281 2255 393 2314 ttsunt
421 2246 597 2328 [numquam
620 2245 837 2328 declinantur],
861 2257 895 2310 ut
916 2251 957 2309 ait
978 2250 1082 2310 Cicero
1107 2253 1112 2322 Ι
1136 2249 1168 2308 in
1191 2247 1396 2309 Siciliensibus
1424 2265 1442 2300 a
1467 2247 1615 2316 accidunt,

281 2391 289 2406 .
324 2367 448 2420 nomen,
473 2367 531 2427 quo
553 2357 688 2418 vocatum
712 2350 821 2427 figura,
846 2367 902 2427 qua
930 2358 1065 2419 notatur,
1087 2350 1144 2411 boc
1167 2357 1212 2411 est
1232 2351 1330 2429 imago
1351 2351 1457 2430 ipsius,
1482 2367 1540 2426 qua
1562 2353 1616 2411 lin-

324 2454 418 2530 gitur;
447 2459 591 2531 potestas,
621 2467 679 2529 qua
707 2450 797 2522 valet,
826 2460 859 2512 ut
885 2453 1026 2523 sciamus,
1057 2460 1156 2515 utrum
1184 2451 1292 2514 vocalis
1314 2454 1352 2513 sit
1372 2470 1410 2514 an
1432 2451 1652 2513 semivocalisu

324 2571 361 2615 an
383 2560 472 2614 muta.
1229 2539 1233 2544 ’

851 2639 899 2700 DE
922 2639 1087 2702 strettun

279 2768 311 2817 18
408 2755 526 2837 Syllaba
548 2756 625 2818 dicta
649 2765 694 2819 est
714 2750 781 2819 alud
803 2758 865 2819 τοῦ
888 2743 1087 2839 συλλαβεῖν,
1113 2778 1148 2820 eo
1170 2759 1248 2839 quod
1271 2758 1374 2838 plures
1395 2757 1512 2820 litterae
1535 2778 1617 2820 com·

323 2859 490 2939 prehensas
516 2877 589 2927 una,
620 2877 635 2919 a
663 2857 800 2939 pluribus
827 2859 933 2921 litteris
959 2859 1046 2922 dieta.
1090 2879 1144 2922 cur
1173 2879 1230 2922 una
1253 2859 1395 2941 syllabam
1417 2862 1487 2922 lacit
1509 2861 1619 2923 vocalis

322 2960 439 3021 litteral
469 2959 524 3020 boc
551 2959 675 3022 solvitur
701 2977 756 3039 per
785 2963 1001 3031 catantilrasin,
1029 2961 1086 3022 hoe
1113 2969 1159 3024 est
1184 2981 1239 3042 per
1266 2964 1522 3032 contrarietatem,
1548 2966 1656 3041 quiae5

277 3049 280 3058 '
323 3069 403 3124 tanta
426 3063 468 3121 vis
492 3068 536 3121 est
557 3060 681 3131 vocalis,
705 3069 737 3122 ut
759 3060 858 3124 locum
873 3061 1003 3142 syllabae
1018 3064 1149 3144 impleat.
1176 3099 1210 3108 -
1241 3064 1453 3140 temporum
1474 3083 1620 3141 capax:

324 3166 392 3242 quia
414 3164 509 3223 omnis
532 3161 641 3244 syllaba
664 3170 798 3243 tempora
822 3166 913 3244 capit:
938 3183 1006 3226 nam
1021 3165 1107 3245 longa
1126 3174 1259 3246 tempora
1275 3166 1335 3228 duo
1351 3165 1493 3248 [syllaba]
1515 3166 1619 3237 habet,

324 3263 423 3326 brevis
444 3281 544 3325 unum.
590 3271 651 3326 tres
679 3273 748 3326 sunt
775 3268 891 3346 species
918 3266 1111 3348 syllabarum:
1145 3277 1195 3331 aut
1221 3269 1327 3330 breves
1349 3279 1418 3329 sunt
1439 3277 1490 3330 aut
1511 3268 1621 3348 longae

325 3379 374 3428 aut
396 3385 577 3428 communes.
623 3366 709 3446 longa
740 3366 852 3449 syllaba
879 3371 1025 3448 positione
1054 3378 1120 3432 octo
1143 3371 1240 3432 modis
1262 3371 1307 3431 lit:
1335 3373 1360 3431 si
1382 3369 1489 3432 vocalis
1511 3370 1623 3432 desiuit

324 3470 353 3528 in
383 3467 457 3529 duas
486 3477 697 3539 consonantes,
726 3476 759 3530 ut
785 3474 858 3531 ‘ast
886 3476 985 3549 ego’;
1016 3487 1035 3524 a
1057 3471 1164 3534 vocalis
1188 3475 1193 3550 Ι
1218 3472 1325 3533 desinit
1345 3474 1377 3533 in
1398 3486 1493 3534 unam
1510 3485 1662 3535 conso-³⁰

394 3621 454 3672 God.
473 3621 552 3672 Beeu.
574 3619 768 3691 lvii-uili.¹
797 3621 903 3690 isuae]
925 3625 980 3673 siue
997 3640 1065 3675 corr.
1084 3641 1131 3676 sue
1201 3622 1306 3691 iqtria]
1326 3642 1377 3690 qua
1446 3625 1494 3676 {li
1507 3626 1620 3676 litteram

393 3693 409 3742 5
432 3693 572 3742 communis
597 3692 698 3758 syllaba
718 3699 757 3743 est
775 3707 826 3742 una
850 3694 945 3760 duplex
967 3710 1018 3748 .x.
1039 3695 1097 3745 ideo
1123 3695 1219 3761 duplex
1235 3696 1329 3746 dicitur
1349 3697 1409 3760 quia
1426 3708 1484 3762 post
1501 3695 1621 3746 uocalent

325 3761 409 3827 posita
427 3776 473 3827 pro
493 3762 591 3812 duabus
609 3763 806 3813 consonantibus
824 3763 893 3814 ualet
906 3774 931 3813 et
947 3766 1074 3829 positione
1091 3781 1146 3815 eam
1163 3767 1264 3831 longam
1285 3765 1345 3815 lacit
1357 3765 1398 3830 (ut
1409 3767 1469 3816 add.
1486 3767 1521 3815 al.
1534 3760 1623 3828 arian.)

325 3840 364 3880 est
380 3847 431 3884 .x.
451 3832 475 3880 itt
495 3833 595 3896 graecis
617 3833 727 3898 simplex
748 3843 796 3883 est.
815 3833 898 3883 littera
915 3850 1011 3884 xerses.
1034 3835 1153 3886 xanthus.
1171 3836 1188 3884 lt
1206 3844 1230 3884 et
1248 3848 1310 3899 aput
1327 3848 1425 3887 ueteres
1495 3838 1512 3888 6
1530 3837 1623 3886 ortho-

325 3901 405 3965 gralla
475 3903 582 3968 tcaput
599 3904 719 3953 calendae
789 3903 1006 3970 liadspirationis
1024 3921 1057 3954 ex
1071 3907 1106 3956 ita
1176 3904 1208 3956 10
1226 3906 1251 3954 in
1271 3905 1312 3955 his
1384 3908 1416 3958 lu
1434 3917 1624 3972 aputgraecos

393 3987 410 4035 y
430 3981 455 4020 et
474 3987 488 4020 a
510 3982 571 4036 aput
590 3987 635 4023 nos
654 3983 679 4022 et
699 3973 775 4038 longa
796 3983 821 4022 et
839 3975 926 4024 uerbis
945 3984 983 4022 est
998 3984 1060 4038 aput
1131 3975 1163 4026 13
1183 3985 1245 4040 aput
1265 3989 1310 4025 nus
1329 3977 1363 4024 ita
1380 3985 1419 4025 est
1437 3979 1548 4027 mezenti

326 4040 358 4092 16
379 4055 553 4107 superuacuae
579 4057 592 4091 o
610 4049 635 4090 et
653 4043 712 4105 quia
733 4058 805 4092 arum
877 4044 910 4094 18
929 4043 1086 4095 declinantes
1109 4048 1146 4094 ait
1166 4047 1248 4095 cicero
1268 4045 1273 4108 Ι
1295 4047 1321 4093 in
1345 4046 1512 4111 siceiyensius
1536 4051 1621 4108 (corr.

324 4114 421 4162 recenti
437 4128 510 4161 uranu
528 4109 627 4176 cibus)
646 4128 671 4175 q.
692 4112 833 4163 eduliorum
850 4115 887 4163 eri
902 4110 908 4179 Ι
924 4149 1009 4168 ......
1029 4115 1111 4165 littera
1131 4117 1315 4181 essetiutegrne
1334 4123 1394 4166 eta
1415 4116 1420 4182 l
1552 4121 1623 4166 aeci-

326 4181 389 4232 dunt
403 4221 527 4236 ,,,,,,,,
545 4181 657 4244 Ιιιοιιιειι
676 4197 725 4246 qua
797 4183 1026 4250 tuquaeungnut·
1096 4186 1130 4237 '23
1149 4187 1480 4236 dicucnnororcrnnaaetu
1550 4190 1586 4238 24
1606 4204 1625 4237 a

328 4251 467 4314 pluralibus
486 4251 576 4302 litteris
647 4254 680 4304 26
699 4249 748 4318 est]
769 4262 793 4302 et
863 4253 986 4320 impleant
1003 4257 1064 4318 quia
1133 4257 1167 4306 27
1187 4254 1280 4304 babent
1299 4257 1403 4320 praeuis
1421 4271 1514 4320 unum·

326 4319 495 4371 contareno
515 4321 611 4371 uocalis
680 4322 705 4370 ia
725 4337 801 4371 unam
819 4334 974 4374 consonante

394 4459 447 4510 ux
469 4461 503 4508 ita
525 4455 626 4525 dicitur]
647 4460 682 4523 cf.
701 4462 810 4522 Pontpei.
830 4477 857 4524 p,
878 4459 912 4510 28
934 4461 974 4511 ed.
995 4461 1072 4511 Liuii.
1163 4463 1195 4512 lt
1217 4461 1338 4528 Mezenti]
1363 4465 1441 4528 Verp.
1462 4464 1527 4515 Aen.
1545 4465 1583 4515 Xl
1605 4470 1624 4515 7

397 4527 539 4596 nemorosa]
564 4532 643 4595 Very.
664 4529 729 4580 Aen.
747 4529 780 4580 ill
798 4531 850 4581 atu
920 4531 954 4581 23
973 4533 1088 4594 sortasse
1103 4531 1291 4597 cottpreheusae
1312 4534 1370 4583 sint.
1391 4549 1448 4582 cnm
1463 4549 1479 4582 a
1497 4535 1626 4599 pluribus

325 4599 415 4648 litteris
433 4600 500 4648 dicte
517 4601 559 4664 sit,
581 4616 625 4650 cur
712 4599 746 4650 30
766 4609 793 4649 ιιι
809 4611 849 4651 ast
867 4616 914 4665 ego
934 4601 1074 4656 Putseltius.
1095 4619 1129 4654 ex
1148 4611 1204 4653 octo
1222 4605 1301 4653 modis
1318 4603 1473 4670 syllabarum
1493 4608 1627 4668 positione

325 4671 461 4732 lanqueum,
476 4685 538 4735 quos
553 4672 638 4732 posuit
653 4671 837 4736 yrarmnaticus,
853 4671 1003 4723 exciderunt
1019 4673 1076 4732 duo,
1092 4677 1168 4730 atter,
1184 4688 1237 4721 cunt
1254 4675 1348 4724 uocata
1366 4675 1494 4737 excipiar
1511 4675 1617 4726 duabus

325 4740 530 4802 emanantibus,
548 4742 613 4790 atter
629 4756 683 4792 eum
701 4743 828 4806 excipitur
847 4742 943 4804 duplici
960 4745 1045 4794 littera
1062 4760 1094 4808 x,
1115 4743 1152 4794 ad
1168 4759 1238 4811 quem
1255 4745 1349 4795 nudum
1366 4745 1424 4794 axis
1438 4748 1562 4811 pertinet:
1584 4750 1627 4811 cf·

328 4809 405 4863 [lion.
423 4824 450 4874 p.
467 4808 518 4861 tau
535 4811 566 4865 P.
586 4813 668 4878 itaque
684 4813 789 4862 lacunas
806 4812 917 4866 indicaui
