3350 5442
180 1438 239 1497 rra,
252 1440 285 1488 ev

180 1507 240 1572 440,
255 1509 286 1557 1v

114 2446 117 2454 ’
196 2469 284 2531 u1a,a

177 4400 238 4463 441,
253 4401 284 4450 ro

300 336 363 402 256
421 401 425 408 ,
688 422 689 426 g
849 342 1026 416 ,nomm

324 461 346 502 p.
360 449 448 490 illd-60
461 447 484 488 L.

299 528 419 590 verbio?
443 545 513 606 ergo
535 530 559 590 si
582 529 713 607 iungitur
735 531 862 601 nomini,
886 532 944 592 iam
966 549 1053 591 mane
1076 549 1186 592 nomen
1209 539 1262 592 est.
1308 540 1338 592 et
1360 533 1403 593 sic
1425 535 1483 594 erit
1505 553 1590 595 mane

299 632 330 691 in
353 649 369 690 e
392 631 508 701 exiens,
537 632 676 710 quoniam
704 614 847 695 neutrale¹
868 639 927 702 est,
957 632 1013 694 hoc
1041 650 1142 703 mane,
1172 651 1261 712 quem
1283 633 1320 695 ad
1343 633 1463 695 modum
1486 635 1589 696 docile.

299 733 347 793 hic
370 731 474 794 docilis
497 731 585 794 huius
608 731 711 794 docilis
734 733 803 795 huic
826 733 915 795 docili
938 734 1018 797 hunc
1040 733 1166 796 docilem
1189 754 1207 796 o
1229 734 1334 796 docilis
1356 736 1393 796 ab
1415 736 1475 796 hoc
1496 736 1589 806 dicili;

298 834 347 895 hic
369 833 463 896 lacilis
486 837 542 895 erit
564 835 600 895 ab
622 834 679 896 hoc
702 835 795 906 lacili,
819 837 874 898 lvoc
895 853 980 898 more
1001 837 1038 898 ah
1061 837 1118 898 lroc
1141 839 1224 898 mari.
1263 856 1335 916 ergo
1357 856 1447 918 quem
1469 839 1507 902 ad
1530 858 1590 901 mo·

299 935 369 997 dum
398 937 464 998 dieo
493 957 509 998 a
542 939 631 1008 mari,
662 939 705 998 sic
732 956 852 1018 possum
881 938 982 1000 dicere
1011 942 1045 1000 ‘a
1072 940 1152 1000 mani
1181 940 1287 1000 veuit’.
1333 940 1386 1001 sed
1413 939 1506 1003 hodie
1534 959 1614 1002 nona

298 1057 455 1118 possumus
477 1038 586 1100 dicere.
631 1041 751 1101 interim
775 1036 779 1119 l
808 1041 833 1101 si
857 1040 985 1102 volueris
1007 1041 1107 1102 dicere
1128 1043 1183 1117 ita,
1208 1041 1303 1112 dices;
1332 1041 1385 1103 sod
1409 1050 1510 1106 tamen
1534 1063 1589 1105 non

299 1139 406 1212 debes,
431 1144 570 1220 quoniam
594 1149 642 1203 tua
665 1140 727 1219 alia„
743 1138 852 1203 locutio
876 1152 929 1205 est.

803 1311 852 1374 DE
874 1311 1087 1375 ranutctrtu

383 1431 528 1513 Pleraque
555 1432 625 1494 dicit
653 1450 729 1511 quae
752 1439 782 1492 et
803 1433 832 1494 in
863 1435 1017 1512 superiore
1039 1440 1103 1494 arte
1125 1435 1312 1503 memoravit,
1335 1433 1480 1514 pleraque
1502 1435 1591 1497 addit.

299 1527 486 1614 perticipium
510 1533 620 1596 dictum
644 1543 778 1614 estpars
801 1536 942 1596 orationis
963 1535 1000 1596 ab
1023 1554 1068 1604 eo,
1093 1534 1170 1615 quod
1194 1543 1309 1614 partem
1332 1537 1429 1616 capiat
1451 1539 1589 1602 nominis.
1603 1554 1625 1589 ιο

298 1643 412 1716 partem
435 1635 533 1708 verbi,
557 1644 590 1698 ut
612 1637 690 1716 siqui
712 1637 790 1697 dieat
811 1636 915 1716 legens
936 1635 1072 1699 scribens
1093 1655 1234 1707 currens;
1258 1639 1313 1699 ista
1336 1639 1490 1719 participia
1515 1649 1591 1700 suvrt,

299 1753 366 1798 nam
389 1736 500 1799 habent
526 1736 599 1799 haec
621 1757 697 1818 quae
720 1738 793 1800 dixi:
827 1739 931 1818 legens
952 1737 1042 1800 hahet
1064 1745 1094 1800 et
1115 1757 1201 1800 casus
1224 1749 1254 1800 et
1275 1757 1384 1818 genera
1407 1747 1437 1800 et
1458 1747 1592 1821 tempora

299 1847 328 1900 et
356 1841 594 1918 significationes.
641 1841 721 1919 quod
750 1859 835 1903 casus
864 1847 894 1901 et
921 1860 1031 1920 genera
1060 1840 1164 1913 habet,
1193 1842 1323 1902 nominis
1349 1849 1433 1902 sunt:
1472 1861 1542 1903 nam
1564 1850 1592 1904 et

298 1959 383 2002 casus
406 1945 519 2003 nomini
543 1943 664 2013 accidit,
694 1951 724 2005 et
751 1961 846 2024 genus
873 1946 987 2005 nomini
1008 1943 1124 2006 accidit
1168 1941 1247 2022 quod
1271 1950 1406 2024 tempora
1428 1952 1460 2005 et
1479 1947 1591 2024 signiti-

298 2045 429 2106 cationes
457 2044 561 2115 habet,
590 2045 664 2106 haee
691 2045 750 2107 duo
776 2044 859 2106 verbi
881 2055 966 2106 sunt:
996 2065 1062 2108 nam
1085 2054 1201 2125 tempus
1222 2044 1314 2107 verbo
1336 2045 1457 2116 accidit,
1480 2048 1625 2126 signifi-1⁵

298 2147 374 2206 catio
403 2145 493 2208 verbo
523 2147 638 2230 accidit.
685 2165 755 2226 ergo
783 2149 972 2228 participium
1001 2147 1093 2209 habet
1120 2167 1136 2208 a
1165 2148 1286 2208 nomine
1313 2156 1428 2227 partes,
1457 2146 1550 2210 habet
1575 2168 1592 2208 a

298 2247 388 2308 verbo
410 2256 520 2327 partes.
565 2249 632 2309 ideo
656 2248 763 2311 dicitur
786 2251 989 2330 participium,
1013 2251 1097 2331 quasi
1120 2250 1323 2331 particapium.

381 2349 546 2431 Antequam
570 2357 730 2412 tractemus
753 2351 810 2413 hoc
831 2354 928 2432 ipsum
944 2353 1147 2432 participium,
1172 2349 1264 2412 debes
1285 2353 1364 2412 scire
1380 2350 1594 2414 discretionem

297 2453 445 2532 participii
468 2454 561 2532 ipsius
584 2471 601 2513 a
623 2455 753 2514 nomine.
798 2454 925 2533 plurima
949 2455 1027 2515 enim
1050 2463 1119 2538 spot
1140 2455 1295 2535 participia
1319 2452 1422 2514 eadem
1445 2457 1592 2516 etnomi-

297 2573 350 2622 na,
376 2562 405 2615 et
432 2555 545 2616 iaciunt
572 2557 772 2634 gravissimam
796 2556 1012 2617 confusionem.
1057 2555 1232 2636 plerumque
1253 2557 1433 2635 proponitur
1453 2555 1542 2618 nobis
1565 2564 1629 2618 eto

297 2654 405 2717 dicitur
428 2659 547 2718 ‘amans
571 2655 575 2736 l
600 2675 675 2736 quae
698 2675 769 2736 pars
792 2666 836 2718 est
859 2659 1036 2719 orationis‘t’
1060 2666 1090 2718 et
1104 2656 1239 2719 videmus
1261 2656 1342 2738 quod
1364 2664 1394 2717 et
1416 2676 1527 2720 laomen
1550 2667 1597 2720 est

298 2765 327 2818 et
348 2760 549 2839 participium.
594 2759 746 2821 videamus
775 2777 847 2838 ergo
875 2760 1083 2821 discretionem
1106 2761 1202 2839 ipsam
1225 2778 1280 2839 per
1303 2760 1401 2820 omnia
1423 2761 1594 2840 participia.

298 2877 365 2920 nam
394 2869 437 2920 est
464 2862 651 2941 participium
679 2861 758 2942 quod
788 2871 817 2924 et
844 2881 988 2942 praesens
1014 2860 1118 2930 hahet,
1149 2871 1179 2922 et
1204 2863 1398 2942 praeteritum
1428 2859 1533 2932 habet,
1566 2870 1597 2922 et

297 2963 429 3022 loturum
460 2961 560 3023 habet.
605 2979 676 3040 ergo
704 2962 849 3025 dehemus
871 2966 949 3025 scire
971 2964 1051 3042 ipsas
1073 2962 1264 3024 differentias.
1307 2980 1449 3043 praesens
1470 2965 1596 3043 partiei-

296 3065 378 3143 pium
402 3081 468 3124 eum
492 3065 613 3124 nomine
635 3063 725 3126 habet
746 3068 969 3144 cognationem,
997 3074 1030 3128 ut
1052 3073 1098 3126 est
1118 3083 1230 3126 amans.
1275 3083 1344 3125 nam
1367 3082 1470 3125 amans
1492 3074 1631 3144 potestas

297 3172 327 3225 et
349 3167 535 3245 participium
560 3184 637 3237 esse,
660 3175 758 3246 potest
780 3175 809 3228 et
832 3186 940 3229 nomen
964 3187 1039 3229 esse.
1069 3167 1121 3228 sed
1145 3175 1243 3229 tamen
1266 3165 1455 3237 discernitur,
1473 3167 1595 3246 quando

297 3269 334 3328 sit
357 3267 560 3348 participium,
586 3277 615 3328 et
637 3269 754 3348 quando
777 3271 815 3330 sit
837 3288 957 3332 nomen.
1000 3271 1026 3330 si
1047 3270 1237 3350 participium
1261 3268 1364 3337 luerit,
1392 3286 1520 3348 sequere
1544 3287 1595 3329 ac·

297 3372 476 3439 cusativum;
506 3371 531 3430 si
553 3388 663 3431 nomen
686 3371 788 3441 luerit,
819 3373 988 3450 genetivum
1011 3390 1147 3452 sequere.
1191 3380 1262 3451 puta
1285 3376 1405 3432 ‘amans
1425 3369 1512 3434 illum
1536 3370 1597 3431 lroc

297 3473 352 3532 leci
362 3477 382 3542 ',
405 3471 494 3533 modo
516 3473 703 3552 participium
720 3479 778 3542 est;
803 3473 922 3535 ‘amans
938 3473 1045 3544 illius'‚
1070 3472 1159 3534 modo
1174 3491 1283 3535 nomeu
1300 3481 1352 3534 est.
1384 3490 1456 3551 ergo
1471 3473 1596 3550 quaudo

297 3576 493 3636 accusativum
515 3576 653 3653 ponimus
675 3593 791 3645 casum,
821 3583 865 3636 est
886 3577 1087 3655 participium;
1116 3574 1235 3656 quando
1257 3576 1427 3654 genetivum
1450 3577 1634 3655 ponimusao

296 3695 412 3746 casum,
441 3695 550 3738 nomen
579 3684 633 3739 est.
677 3686 709 3738 ut
735 3677 811 3738 scias
841 3696 942 3738 vemm
971 3697 1051 3748 esse,
1072 3677 1117 3740 da
1144 3677 1260 3740 similia.
1305 3678 1345 3738 ita
1372 3676 1440 3737 dico
1469 3679 1598 3738 ‘amans

295 3776 378 3839 illum
408 3777 464 3839 hoc
491 3779 575 3850 ieci'‚
605 3797 692 3857 quem
720 3778 758 3840 ad
787 3779 907 3842 modum
936 3779 1002 3840 dico
1030 3779 1133 3859 legens
1162 3779 1274 3841 docens
1295 3777 1445 3846 scribens.
1469 3777 1598 3857 ‘legens

295 3879 377 3941 illum
406 3879 462 3940 lroc
491 3881 575 3950 leci',
603 3880 842 3942 ‘ducensillum
870 3883 928 3943 hoc
954 3883 1039 3953 leci’,
1068 3881 1219 3944 ‘scribens
1247 3879 1410 3955 illumhoc
1431 3881 1518 3946 leci’.
1566 3890 1599 3941 et

296 3981 398 4060 legens
426 3989 456 4042 et
482 3981 593 4043 docens
620 3988 651 4043 et
678 3982 812 4045 scribens
838 3985 993 4064 participia
1020 3992 1098 4047 sunt.
1142 3986 1168 4045 si
1189 3987 1229 4045 ita
1252 3983 1318 4044 dico
1341 3984 1460 4044 ‘amans
1480 3981 1596 4051 illius'‚

298 4083 444 4161 quemad
469 4083 588 4145 modum
612 4083 678 4144 dico
708 4084 829 4147 ‘doctor
856 4085 953 4147 illius’
983 4094 1013 4146 et
1040 4087 1170 4148 ‘amicus
1191 4085 1299 4154 illius',
1321 4085 1379 4146 iam
1403 4103 1514 4146 nomen
1539 4096 1636 4155 estes

296 4188 365 4265 quia
394 4193 423 4246 et
451 4185 555 4248 doctor
584 4195 613 4248 et
640 4187 754 4249 amicus
776 4189 896 4251 nomina
919 4196 989 4249 sunt
1011 4186 1105 4269 [ista].
1150 4205 1221 4266 ergo
1245 4187 1514 4267 quotienscumque
1537 4189 1597 4248 uti·

296 4306 363 4349 mur
391 4290 574 4360 accusativo,
604 4289 661 4350 erit
688 4291 892 4370 participium;
921 4292 1187 4369 quotienscumque
1213 4291 1326 4350 utimur
1352 4290 1506 4368 genetivo,
1539 4292 1600 4350 erit

297 4408 415 4452 nomen.
460 4409 530 4454 ecce
558 4391 650 4454 habes
682 4391 892 4454 discretionem
926 4393 1093 4472 praesentis
1125 4393 1274 4471 participii
1302 4400 1332 4453 et
1363 4390 1502 4452 nominis.
1551 4401 1601 4453 est

491 4513 599 4521 .—-——

366 4563 382 4611 4
403 4562 434 4611 ab
453 4561 502 4612 hoc
521 4562 589 4613 lucili
606 4565 637 4614 ab
656 4562 704 4614 hoc
722 4564 786 4614 mari
801 4562 876 4614 aaa
894 4564 926 4613 ab
944 4562 993 4614 hoc
1011 4563 1080 4614 lucili
1098 4563 1194 4614 abhoc
1212 4564 1281 4613 mani
1293 4562 1318 4611 A
1390 4563 1420 4613 ll
1441 4573 1600 4628 partemque

298 4631 369 4680 vrerbi
382 4630 407 4681 B
478 4634 510 4684 14
528 4633 729 4699 significationes
745 4633 821 4684 habet
838 4633 854 4683 d
872 4633 1074 4699 significationes
1097 4633 1191 4684 hebent
1207 4633 1292 4683 Aac
1362 4632 1393 4682 17
1413 4633 1488 4695 quasi
1508 4645 1602 4698 perte·

297 4703 397 4767 capium
415 4701 440 4751 Α
511 4703 544 4754 ao
570 4704 722 4754 discernitur
743 4713 767 4753 et
791 4705 893 4768 quando
919 4704 952 4753 sit
969 4719 1062 4754 nomen
1086 4705 1188 4768 quaudo
1205 4703 1368 4768 participium
1385 4703 1409 4751 si
1426 4703 1599 4769 participium

295 4773 513 4892 {sibperqqrilqeribrm
536 4789 581 4824 orn.
598 4775 637 4831 A,
660 4775 722 4824 odd.
740 4777 768 4832 al
784 4773 864 4824 luerit
879 4773 964 4825 ABG
1050 4774 1084 4826 35
1102 4776 1153 4824 iem
1172 4788 1263 4824 nonreo
1282 4781 1321 4822 est
1334 4781 1395 4835 port
1411 4786 1501 4822 emens
1524 4774 1601 4824 illius

312 4856 328 4889 a
346 4849 388 4890 eol
