3350 5442
331 337 393 401 144
895 338 1047 403 voluso

355 459 376 499 p.
391 444 514 487 106-091.

329 528 410 585 circo
437 532 466 585 et
490 526 556 603 ipse
585 523 754 585 moderatus
781 534 827 586 est
854 534 883 586 et
905 528 945 587 ait
967 530 1025 597 sic,
1049 526 1184 607 ‘quaudo
1206 546 1311 588 seusus
1332 529 1489 599 minuitur.
1512 532 1619 591 crescit

328 646 416 706 saepe
445 644 586 687 numerus
614 625 820 706 syllabarum'.
865 648 923 689 non
953 630 1026 689 dixit
1052 631 1214 709 ‘sempert
1259 632 1425 691 invenimus
1457 631 1617 691 secundam

329 737 358 789 et
379 731 496 789 tertiam
520 728 760 798 diminutionem;
783 748 903 791 sensum
926 731 1046 811 quidem
1068 732 1188 803 minuit,
1212 733 1243 791 in
1264 732 1357 793 isdem
1380 740 1477 793 tamur
1499 732 1618 812 syllabis

327 838 498 910 permansi:
532 839 603 909 quot
625 831 728 891 babuit
749 834 845 910 prima
868 836 975 913 positio
998 853 1013 893 a
1038 842 1155 902 natura,
1181 842 1223 894 tot
1244 833 1353 895 babent
1376 833 1510 914 syllabas
1525 844 1556 896 et
1577 836 1618 897 di·

327 934 524 1004 minutiones,
552 932 621 993 licet
648 952 753 994 sensus
783 935 941 996 minuatur.
988 953 1058 1015 ergo
1086 934 1258 1017 principalia
1287 945 1355 996 sunt
1377 955 1452 1016 quac
1475 956 1490 997 a
1514 945 1638 997 naturas

327 1037 414 1103 bunt,
438 1034 596 1095 derivativa
619 1054 693 1115 quae
714 1036 784 1097 inde
806 1045 979 1107 nascuntur,
1002 1038 1173 1117 diminutiva
1196 1056 1271 1117 quae
1290 1034 1295 1119 Ι
1315 1039 1402 1099 etiam
1424 1056 1543 1099 sensum
1567 1041 1618 1099 mi·

327 1145 432 1201 nuunt.
464 1145 494 1197 et
516 1137 554 1198 de
574 1137 787 1217 principalibus
810 1146 839 1199 et
862 1139 898 1200 de
922 1140 1101 1201 diminutivis
1124 1148 1170 1201 est
1190 1142 1279 1210 ratio;
1303 1141 1340 1202 de
1356 1141 1524 1203 derivativis
1543 1142 1619 1204 nulla

327 1242 402 1300 ratio
426 1248 480 1301 est.
524 1240 636 1301 idcirco
665 1242 742 1300 cauti
771 1260 834 1301 esse
864 1240 1022 1310 debemus,
1045 1262 1083 1303 ne
1106 1242 1182 1303 male
1204 1244 1380 1321 interrogati
1402 1250 1451 1303 aut
1473 1244 1551 1305 male
1575 1264 1618 1305 re-

327 1344 508 1421 spondentes
537 1342 729 1404 soloecismos
754 1344 907 1404 laciamus.
950 1346 1059 1405 scimus
1089 1346 1167 1404 enim
1190 1353 1240 1405 aut
1261 1346 1376 1405 intentu
1398 1345 1549 1425 loquentis
1571 1357 1619 1407 aut

328 1465 381 1525 per
408 1447 628 1525 usurpationem
658 1447 723 1507 lieri
750 1444 918 1506 derivativa.
964 1465 1023 1506 non
1052 1465 1171 1526 possum
1200 1446 1253 1506 tibi
1282 1446 1398 1515 dicere.
1428 1448 1617 1509 derivativum
1631 1468 1647 1503 o

327 1550 367 1609 ita
397 1550 470 1617 exit,
500 1566 586 1609 mons
614 1556 785 1617 montanus,
816 1549 883 1609 lons
911 1549 1065 1619 lontanus,
1096 1550 1180 1608 utin
1203 1567 1259 1609 nus
1290 1559 1387 1619 ereat;
1417 1568 1475 1610 non
1498 1570 1618 1629 possum

328 1649 381 1709 tibi
410 1652 481 1711 istas
505 1649 626 1728 regulas
652 1650 761 1710 dicere.
806 1652 973 1711 invenimus
996 1653 1073 1712 enirn
1098 1653 1192 1711 varias
1214 1650 1442 1722 declinationes,
1465 1652 1534 1712 lons
1557 1654 1618 1711 lon·

327 1754 386 1811 tius
408 1753 560 1823 fontanus,
584 1770 669 1813 mons
690 1754 821 1814 montius
845 1760 1010 1814 montanus.
1047 1772 1119 1832 ergo
1141 1752 1222 1813 vides
1244 1755 1381 1833 quoniam
1406 1755 1483 1813 varie
1507 1755 1618 1813 inveni-

327 1873 407 1925 mus,
439 1863 469 1914 et
490 1855 600 1915 lontius
628 1863 657 1914 et
680 1856 831 1925 fontanus,
861 1864 891 1915 et
913 1857 1041 1916 montius
1064 1862 1093 1915 et
1114 1863 1279 1917 montanus.
1317 1855 1428 1915 ideirco
1450 1858 1481 1915 in
1506 1854 1618 1915 deriva-

328 1956 458 2017 tionibus
486 1976 611 2037 sequere
641 1965 799 2037 praeeepta
828 1956 916 2017 Plinii
944 1956 1082 2018 Secundi.
1127 1958 1168 2016 ait
1195 1958 1274 2017 enim
1296 1956 1404 2017 ‘debes
1426 1957 1546 2036 quidem
1570 1959 1647 2018 ads

327 2061 480 2138 quiescere
502 2059 627 2138 regulis,
651 2058 756 2119 sedin
780 2058 946 2119 derivativis
968 2076 1094 2139 sequere
1122 2060 1324 2119 auctoritatem
1334 2063 1353 2118 ’.
1399 2059 1464 2119 vide
1486 2078 1526 2124 nc
1551 2058 1618 2119 velis

327 2161 406 2222 aliud
430 2160 555 2241 diluere,
579 2179 667 2240 quam
690 2142 814 2238 legistis
841 2160 913 2221 Alba
937 2162 1052 2221 civitas:
1076 2160 1125 2221 alii
1148 2161 1250 2221 dicunt
1271 2159 1418 2229 Albanus,
1441 2160 1490 2221 alii
1511 2160 1617 2223 Alben-

327 2266 376 2323 sis.
421 2282 497 2342 quae
519 2264 594 2324 ratio
617 2264 678 2325 est?
701 2263 844 2341 numquid
867 2280 1023 2343 possumus
1046 2264 1130 2332 scire,
1155 2281 1247 2341 quare
1270 2264 1311 2322 sic
1336 2259 1435 2343 [quid]
1460 2266 1614 2324 invenitur.

327 2366 434 2427 Caesar
457 2365 576 2445 quidem
599 2367 628 2425 in
651 2364 737 2425 libris
759 2364 919 2443 analogicis
941 2364 1032 2424 voluit
1055 2364 1154 2425 dicere
1177 2364 1395 2449 discretionem.
1426 2364 1467 2425 ait
1487 2366 1532 2425 sie
1548 2366 1616 2427 Cae·

326 2486 375 2528 sar
396 2470 428 2528 in
450 2467 534 2528 libris
556 2467 724 2546 analogiae,
748 2466 842 2527 ‘duae
865 2474 932 2527 suut
953 2466 1060 2538 Albae,
1084 2466 1139 2527 alia
1162 2469 1216 2527 ista
1239 2486 1328 2546 quam
1351 2467 1484 2527 novimus
1507 2469 1538 2527 in
1555 2470 1646 2529 Ari-s

326 2572 384 2639 cia,
420 2577 449 2630 et
476 2569 531 2630 alia
559 2570 608 2630 bic
635 2570 666 2631 in
694 2567 787 2631 ltalia.
833 2568 965 2630 volentes
993 2569 1117 2629 Romani
1152 2569 1360 2629 discretionem
1396 2568 1510 2639 lacere,
1550 2572 1617 2631 istos

325 2672 455 2733 Albanos
478 2672 630 2741 dixerunt,
653 2671 719 2733 illos
740 2671 913 2732 Albenses'.
959 2690 1017 2731 non
1040 2673 1179 2750 quoniam
1203 2673 1368 2731 nescientes
1390 2688 1480 2731 unam
1505 2670 1616 2733 deriva-

325 2778 436 2837 tionem
461 2792 525 2835 esse
547 2774 604 2834 boo
626 2774 776 2842 lecerunt,
801 2774 910 2835 Caesar
932 2773 989 2833 boc
1012 2772 1099 2844 dixit,
1124 2772 1175 2833 sed
1198 2782 1231 2834 ut
1253 2770 1386 2833 lacerent
1407 2772 1615 2835 discretionem

324 2880 403 2939 inter
425 2877 560 2947 colonos,
584 2878 663 2936 inter
685 2874 751 2935 illos
773 2885 803 2936 et
824 2879 906 2937 istos.
941 2875 1055 2937 Plinius
1078 2874 1234 2937 Secundus
1256 2884 1345 2953 negat
1367 2883 1396 2934 et
1418 2876 1458 2935 ait
1479 2877 1534 2945 sic,
1557 2878 1615 2936 ‘in-

325 2981 496 3041 diiierenter
518 2978 591 3038 baec
613 2979 802 3039 inveniuntur
812 2980 831 3038 ’.
865 2997 932 3038 nam
954 2986 1027 3057 puta
1050 2977 1106 3037 boc
1129 2977 1205 3037 bene
1229 2977 1353 3037 dicimos
1376 2976 1519 3038 deliba.
1549 2976 1644 3057 quida

325 3083 449 3142 iacimus
471 3081 508 3141 de
530 3082 633 3142 Antia?
659 3089 728 3161 puta
752 3083 775 3141 si
800 3081 880 3141 dicas
902 3081 1000 3149 Antia,
1026 3078 1100 3140 alter
1121 3081 1253 3141 Antiates
1275 3078 1398 3149 dieitur,
1422 3077 1495 3139 alter
1520 3082 1614 3141 Antia·

325 3204 391 3246 nus.
435 3203 494 3263 quo
520 3182 609 3245 modo
635 3200 793 3262 possumus
819 3184 954 3243 invenire
982 3183 1052 3241 istas
1081 3181 1296 3243 derivationes?
1323 3199 1399 3260 quae
1422 3182 1497 3241 ratio
1522 3190 1564 3242 est
1586 3192 1615 3243 ut

324 3290 364 3348 ita
386 3288 462 3349 siot‘l
493 3284 610 3346 Siculus
632 3292 662 3346 et
684 3284 848 3346 Slcillensis
869 3285 1044 3345 invenimus.
1083 3302 1157 3363 quae
1179 3285 1255 3345 ratio
1278 3284 1339 3343 est?
1362 3282 1474 3343 Sardus
1498 3291 1528 3344 et
1551 3285 1613 3345 Sar-

324 3390 476 3451 diniensis.
509 3406 688 3468 quamquam
710 3390 740 3448 in
764 3386 907 3447 Cicerone
930 3387 960 3447 in
984 3385 1143 3446 Scauriana
1165 3386 1332 3446 invenimus
1354 3386 1440 3444 istam
1463 3385 1613 3447 discretio·

324 3510 391 3552 nem
420 3490 457 3551 de
485 3491 586 3551 Sardis
613 3499 642 3550 et
670 3488 926 3559 SardiniensibuS,
957 3494 988 3549 ut
1015 3486 1082 3549 illos
1110 3486 1236 3557 incolas,
1266 3486 1332 3547 illos
1355 3485 1481 3547 advenas
1503 3487 1643 3549 doceats

323 3594 375 3655 sed
403 3601 502 3653 tamen
530 3591 637 3654 melius
665 3600 709 3652 est
737 3599 768 3652 ut
795 3590 937 3671 sequalris
958 3595 1150 3669 praeceptum
1173 3590 1246 3649 tanti
1269 3590 1337 3659 viri,
1365 3587 1452 3648 Plinii
1475 3588 1612 3649 Secundi.

324 3716 390 3757 nam
414 3714 484 3755 ecce
506 3702 576 3775 puta
600 3693 681 3755 verbi
704 3711 792 3754 causa
814 3693 845 3752 in
869 3709 928 3753 uno
951 3692 1104 3758 invenisti;
1128 3693 1158 3750 in
1180 3691 1232 3751 illo
1254 3689 1401 3769 alioquid
1423 3690 1527 3759 iacies,
1551 3710 1611 3751 cum

393 3955 406 4004 1
426 3954 528 4018 quando
547 3953 572 4001 A
591 3960 685 4016 quanto
702 3950 775 4000 BCo
846 3948 983 3998 bsensum
1001 3948 1082 4013 (corr.
1099 3962 1175 3995 sensu
1195 3945 1232 4009 B)
1246 3946 1347 4010 quidem
1367 3945 1446 3996 minui
1465 3947 1551 3997 ABG

322 4028 339 4077 9
358 4024 481 4074 iaciamus
499 4020 554 4072 ent
573 4022 697 4071 iaciemus
716 4020 770 4069 BA
777 4017 814 4082 (l)
831 4018 954 4069 iacientes
974 4018 995 4068 0
1063 4018 1189 4080 loquentis
1205 4017 1230 4065 A
1248 4018 1379 4078 loquentes
1396 4015 1436 4077 B,
1453 4031 1524 4069 corr.
1545 4018 1579 4065 -is
1595 4015 1613 4065 C

393 4095 421 4145 ll
444 4108 517 4143 mous
536 4101 671 4142 montanus
689 4098 715 4138 ιιι
731 4090 756 4138 ln
777 4104 823 4136 nus
840 4087 884 4151 (us
903 4087 967 4151 Bu)
985 4096 1059 4137 exeat
1074 4086 1131 4137 lons
1149 4086 1269 4137 lantonae
1288 4100 1337 4135 uon
1352 4086 1435 4136 ABC
1505 4086 1539 4136 12
1560 4086 1611 4135 iona

323 4166 418 4215 iontius
433 4164 504 4215 laea
527 4162 651 4212 iont..us
675 4156 830 4221 (ionticus‘l)
848 4159 873 4207 A
945 4156 978 4207 13
1001 4172 1074 4207 mons
1094 4158 1203 4206 montius
1221 4156 1309 4205 uua:
1327 4156 1437 4206 montius
1456 4172 1504 4209 om.
1523 4157 1549 4206 A

324 4236 356 4287 15
372 4235 446 4299 plinii
467 4232 656 4297 GpleniiAB
727 4230 758 4279 17
774 4229 881 4277 albanus
900 4227 944 4277 alli
963 4227 988 4275 A
1006 4227 1112 4277 albanus
1125 4235 1161 4277 est
1175 4226 1306 4277 aliiBOa
1361 4224 1392 4277 18
1407 4240 1512 4292 possum
1533 4228 1611 4277 dicere

322 4322 390 4355 corr.
410 4318 515 4370 possum
530 4300 631 4353 scireB
702 4300 762 4364 quid
780 4298 908 4347 inuenitur
926 4312 1013 4346 caesar
1032 4297 1133 4359 quidem
1153 4297 1179 4345 iu
1199 4296 1272 4345 libris
1290 4298 1315 4344 in
1333 4298 1409 4347 litura
1428 4312 1444 4345 a
1464 4296 1611 4360 quidinue-

322 4377 389 4425 nitvrr
409 4374 512 4437 quidem
530 4372 645 4436 (quidem
664 4385 733 4421 corr.
752 4368 856 4446 quidam
878 4369 1000 4425 inlitora
1018 4368 1047 4431 b)
1066 4382 1155 4417 caesar
1172 4368 1198 4416 in
1218 4367 1290 4417 libris
1307 4365 1359 4416 BC
1426 4366 1461 4415 20
1479 4367 1552 4416 albae
1566 4364 1612 4416 Bc

751 4448 758 4475 l

322 4498 395 4545 aluae
412 4497 438 4546 A
508 4496 533 4543 io
554 4494 631 4541 aricia
647 4492 673 4540 A
692 4493 718 4540 in
737 4491 805 4539 arcia
821 4490 881 4539 Bc.
905 4488 989 4537 Aricia
1007 4504 1042 4537 ex
1060 4488 1152 4539 blarsia
1171 4496 1326 4553 corruptum,
1347 4486 1417 4537 ltalia
1437 4494 1517 4537 cutem
1535 4490 1611 4549 inepte

321 4581 370 4629 pro
383 4566 455 4616 Latio
467 4564 623 4614 substitutum
636 4580 652 4612 o
666 4564 785 4623 Pompeio
802 4560 1085 4622 conseertlttpperdeiue
1101 4560 1127 4608 in
1141 4558 1213 4609 Caes.
1231 4558 1324 4624 srapm.
1341 4575 1368 4623 p.
1385 4558 1448 4607 754:
1467 4558 1501 4621 rs.
1517 4558 1609 4608 Charta.

321 4652 348 4701 p.
366 4635 409 4697 81,
431 4636 513 4687 Vorr.
535 4634 567 4683 de
584 4637 601 4686 l.
622 4634 639 4686 t.
661 4632 719 4683 Vlll
740 4630 774 4681 35
790 4646 818 4694 p.
836 4628 888 4679 418
906 4630 951 4691 Sp.
1023 4630 1057 4678 22
1077 4628 1134 4679 iilos
1151 4628 1270 4679 albenses
1288 4627 1433 4678 scauros
1458 4627 1570 4677 aloensis
1588 4626 1609 4673 A

393 4707 570 4755 diriuationem
594 4718 651 4751 esse
674 4702 699 4751 A
725 4715 781 4749 esse
805 4699 983 4749 divinationem
1010 4700 1084 4750 BCa
1171 4699 1204 4748 24
1229 4698 1326 4764 plinius
1343 4696 1364 4749 0
1381 4696 1482 4762 plenius
1501 4698 1526 4747 A
1544 4712 1609 4747 corr.

324 4776 459 4841 pliniusB
511 4772 618 4825 25alba
636 4770 811 4823 BCaaliaA
876 4768 909 4819 30
923 4778 948 4820 et
965 4770 1167 4819 sardiniensibus
1185 4768 1285 4819 ABet
1303 4768 1335 4818 de
1354 4767 1555 4818 sardiniensibos
1573 4766 1609 4816 Ca

392 4844 424 4897 31
443 4845 514 4911 plinii
532 4843 634 4907 Gpleni
654 4844 678 4892 A
694 4856 764 4895 corr,
784 4842 854 4907 plinii
877 4840 901 4889 B
