3350 5442
305 361 345 425 76
856 364 1031 428 cunboni!

330 485 351 526 p.
366 471 496 514 laetanti.

304 559 456 631 separatae
483 553 607 620 luerint,
635 550 765 612 casuales
793 552 945 620 dicuntur;
974 552 1091 632 quando
1119 554 1304 633 conpositae,
1332 552 1518 633 loquellares.
1547 589 1583 597 -
1662 578 1663 633 j

187 652 382 735 389,·27[aut
404 660 440 714 et
462 653 614 715 casibus
637 662 671 715 et
692 653 895 735 loquellis]
933 653 1024 714 thi
1047 654 1104 715 dis
1125 673 1166 715 re
1188 674 1226 716 se
1247 674 1301 716 am
1324 675 1406 726 con;
1431 654 1584 716 dicimus

305 758 399 816 eninr
428 755 560 816 diduco
589 754 772 818 distraho:
801 756 837 818 de
867 758 932 817 istis
959 775 1034 836 quae
1062 774 1180 836 semper
1202 759 1366 836 iunguntur
1394 758 1538 837 excipitur
1558 765 1586 818 et
1662 784 1663 793 2

305 857 360 917 alia
384 856 527 937 particula
550 877 581 927 o,
607 866 639 919 ut
666 857 797 918 dicamus
824 859 944 919 ‘omitte
979 862 1054 928 nre’,
1082 858 1162 938 quod
1190 861 1317 920 maxime
1345 859 1454 928 multas
1480 861 1584 938 signill-
1662 850 1663 867 ¹

305 960 437 1020 cationes
459 959 558 1020 habet.
597 961 622 1020 si
649 958 739 1021 verbo
766 961 898 1038 iungitur
926 959 970 1020 vel
999 961 1112 1021 nomini
1140 960 1184 1020 vel
1213 962 1384 1040 participio,
1412 961 1512 1041 perdit
1533 964 1608 1021 viros

304 1080 395 1122 suani.
435 1063 460 1122 si
481 1069 649 1140 separatur,
678 1075 740 1124 tres
768 1063 998 1140 significationes
1021 1062 1101 1130 lacit,
1130 1069 1181 1124 aut
1208 1063 1399 1125 exclamantis
1420 1063 1587 1124 adverbium

305 1170 355 1224 aut
377 1161 503 1224 dolentis
525 1165 760 1226 interiectionem
789 1171 839 1224 aut
866 1163 1021 1224 articulum
1055 1167 1177 1225 vocativi
1204 1182 1300 1226 casus.
1339 1165 1412 1226 baec
1440 1167 1587 1245 quotiens·

305 1284 434 1346 cunique
463 1267 538 1344 parti
566 1264 640 1327 aliae
662 1267 818 1327 coniuncta
842 1266 944 1334 luerit,
974 1285 1094 1346 semper
1116 1266 1305 1346 producitur:
1334 1286 1437 1329 verum
1458 1275 1587 1348 separata

237 1365 321 1426 'aur
350 1402 385 1410 —
410 1365 630 1447 Plerumque
659 1367 937 1446 producuntur,
962 1378 1000 1429 ut
1026 1368 1161 1430 insula:
1184 1371 1258 1430 istae
1281 1388 1339 1429 non
1362 1379 1422 1429 tarn
1444 1372 1589 1449 positione
1662 1392 1663 1397 ¹

305 1466 410 1548 longae
432 1479 501 1530 sunt
520 1468 524 1550 1
545 1488 630 1550 quam
654 1477 771 1540 natura,
796 1477 828 1531 ut
850 1472 943 1550 prima
966 1469 1075 1532 vocalis
1097 1471 1320 1531 circumflexum
1342 1473 1477 1550 accipiat.
1601 1490 1621 1527 ro

390 1571 626 1650 Praepositiones
642 1579 710 1632 sunt
724 1571 886 1633 secundum
903 1572 1032 1634 Probum
1048 1591 1173 1633 numero
1189 1574 1400 1653 quinquaginta
1412 1581 1441 1634 et
1453 1575 1590 1652 quinque.
1662 1646 1663 1651 γ

306 1691 340 1734 ex
357 1673 404 1734 bis
419 1672 548 1734 tributae
570 1682 639 1734 sunt
660 1676 823 1736 accusativo
847 1677 979 1754 triginta,
1004 1673 1130 1735 ablativo
1152 1655 1340 1755 quindecim,
1360 1677 1495 1754 utrisque
1511 1687 1590 1754 qual·

260 1769 290 1834 'at
306 1783 386 1844 tuor,
410 1774 546 1853 loquellis
569 1794 630 1836 sex.
653 1810 693 1820 -
718 1774 934 1857 [Consilium
957 1777 1161 1846 confessio,
1190 1783 1222 1837 ut
1243 1797 1260 1836 o
1283 1775 1458 1837 naturaliter
1480 1777 1589 1856 produ·

204 1873 401 1957 390,5catur]
431 1876 600 1938 Praeter:
629 1886 748 1957 praeter
775 1898 846 1940 vero
869 1878 943 1941 lecta
967 1886 1011 1940 est
1038 1888 1068 1938 et
1089 1877 1216 1939 ablativo
1238 1881 1352 1948 iuncta,
1385 1887 1417 1939 ut
1439 1877 1591 1940 Sallustius

277 1979 473 2057 6‘practer
512 1997 639 2040 rerum
670 1981 886 2061 capItaliunv
926 1981 1214 2042 condemnatis'.
1250 1983 1431 2060 —Vsque
1465 1998 1625 2060 penesrs

305 2063 596 2142 dicimus'cnim:
621 2101 711 2162 usque
734 2082 782 2143 alii
804 2067 957 2144 voluntat
979 2082 1151 2144 adverbium
1174 2084 1226 2150 sit:
1251 2081 1303 2142 sed
1325 2082 1432 2143 laisum
1455 2089 1508 2142 est
1544 2084 1593 2162 qui

305 2181 447 2243 adserunt
468 2182 654 2254 adverbium,
684 2186 727 2245 sic
746 2183 862 2254 dicunt,
891 2188 1030 2268 quoniam
1054 2186 1118 2246 sine
1140 2183 1194 2244 alia
1216 2185 1436 2266 praepositione
1459 2186 1593 2264 prolerre

305 2304 365 2346 nou
389 2292 486 2364 potes,
515 2297 548 2346 ut
569 2290 680 2366 ‘usque
702 2287 737 2347 ad
762 2287 867 2348 urbem
890 2287 990 2349 vado'.
1035 2287 1087 2348 sed
1110 2286 1167 2347 boc
1195 2288 1397 2347 convincimus
1419 2304 1591 2366 praesump·
1662 2292 1663 2295 ’

303 2389 386 2448 tione
407 2388 563 2467 inperitiae
585 2387 658 2458 dici,
682 2388 827 2469 siquidem
850 2391 912 2469 ipsa
928 2391 969 2451 uti
985 2389 1045 2450 sola
1062 2388 1220 2456 debemus,
1244 2375 1276 2448 ut
1291 2387 1439 2466 Vergilius
1460 2393 1593 2464 ‘usque

277 2488 499 2550 vcolunrnas
520 2489 682 2551 Exulat'.
708 2526 742 2534 -
768 2491 816 2552 lu
840 2500 994 2572 patrem:
1019 2486 1187 2571 Vergilius!
1213 2495 1296 2551 ‘nec
1325 2509 1397 2551 non
1426 2489 1468 2550 ad
1499 2498 1627 2549 tenna

305 2590 430 2671 plum',
454 2591 627 2661 Terentius,
650 2601 683 2653 ut
704 2593 816 2673 ‘apud
833 2594 969 2655 seclum
984 2596 1117 2674 prius’.
1138 2627 1173 2637 —
1190 2596 1283 2653 Ante
1298 2592 1423 2653 aedes:
1448 2591 1595 2670 Vergilius

305 2696 405 2775 ‘quis
428 2702 512 2755 ante
534 2713 598 2755 ora
622 2700 793 2774 patruur’.
822 2731 857 2738 —
882 2695 1096 2765 Adversum:
1120 2695 1235 2756 Tullius
1257 2693 1468 2755 ‘adversum
1490 2693 1595 2772 leges

306 2815 502 2876 moresque
534 2797 743 2857 maior'um'.
774 2832 811 2841 —
842 2796 916 2859 Cis:
951 2797 1104 2858 Sallustius
1132 2801 1244 2876 ‘quae
1272 2798 1325 2856 cis
1347 2815 1482 2876 paucos
1516 2797 1595 2856 dies

305 2901 430 2959 iuncta
453 2900 488 2959 in
512 2899 620 2958 armis
643 2899 770 2959 loret'.
790 2933 822 2942 -
844 2900 946 2962 Citra
969 2902 1101 2961 lorum:
1125 2895 1299 2980 Sallullstius
1322 2890 1594 2959 ‘citra'Padunr

235 2975 268 3056 Ᾰ
305 2998 478 3060 omnibus
500 2998 558 3059 lex
586 2999 745 3060 Lucania
768 3003 887 3062 iratra
911 3002 1009 3063 luit'.
1038 3037 1072 3045 —
1097 3002 1242 3063 Circum
1264 3001 1422 3061 vicinos:
1447 2999 1630 3078 Vergiliusea

276 3105 358 3162 8‘et
386 3103 525 3162 circum
554 3101 722 3181 teinpora
750 3104 879 3182 pasci’.
903 3104 1074 3165 -Circa
1102 3103 1277 3184 templum
1301 3121 1361 3175 non
1384 3100 1474 3162 babet
1495 3119 1596 3161 exem·

305 3202 395 3282 plum.
412 3238 453 3246 —
470 3201 570 3265 Vltra
594 3204 703 3265 lines:
728 3203 875 3282 Vergilius
896 3207 1011 3266 ‘vires
1034 3203 1131 3267 ultra
1154 3212 1368 3284 sortemque
1391 3206 1594 3264 senectae'.

262 3318 346 3366 12—-
369 3305 565 3374 Oceanum,
588 3325 701 3386 penes
725 3305 929 3386 arbitros:

373 3527 435 3580 Cod.
455 3528 533 3578 Bern.
553 3527 612 3577 Xlll
629 3523 748 3581 5*-6*.
821 3529 974 3594 lseparata
1044 3530 1177 3594 conposita
1246 3531 1330 3578 2eon
1356 3527 1507 3576 didicimus
1582 3528 1597 3574 4
1653 3551 1658 3556 ·

305 3598 434 3663 parleculn
452 3613 519 3652 com:
538 3598 663 3663 particula
741 3597 757 3648 5
777 3599 916 3665 iunguntur
997 3600 1116 3665 participi
1134 3599 1218 3664 perdit
1237 3614 1278 3648 um
1297 3596 1375 3658 (corr.
1395 3599 1430 3648 nt.
1446 3612 1510 3648 man.
1530 3593 1598 3655 nim)

304 3683 377 3716 snam
396 3669 418 3717 si
438 3676 589 3733 separantur
656 3665 767 3731 ileliae]
791 3669 841 3718 alia
894 3685 982 3718 uerum
1004 3685 1061 3718 esse
1080 3678 1168 3734 parata
1186 3670 1352 3735 plerurnquac
1421 3663 1518 3731 aram]
1540 3675 1597 3714 tan—

304 3747 356 3787 lum
409 3739 535 3804 accipiant
596 3739 626 3789 12
643 3739 772 3802 utriusque
836 3740 867 3790 14
886 3736 980 3804 iuncta]
997 3750 1087 3788 cuncta
1158 3739 1190 3789 15
1205 3737 1300 3803 rerum]
1319 3753 1406 3802 perum
1478 3735 1598 3786 illenim

306 3817 398 3871 utquae
416 3807 498 3872 (corr.
516 3811 551 3858 nl.
570 3824 633 3857 aaran.
655 3811 762 3873 usquae)
777 3809 819 3858 alii
884 3809 916 3859 18
933 3811 1124 3874 prosumptione
1142 3812 1222 3869 (corr.
1237 3813 1272 3861 cl.
1291 3825 1356 3861 naun.
1376 3806 1598 3872 praesumptione)

305 3879 421 3943 inperitia
441 3879 507 3927 dicis
531 3879 632 3942 quidem
657 3879 740 3942 (corr,
760 3881 794 3928 al.
814 3895 879 3932 man.
899 3879 950 3927 dici
975 3880 1114 3941 siquidem)
1197 3880 1229 3930 21
1255 3887 1317 3943 aput
1340 3877 1455 3929 seculum
1477 3875 1563 3926 deleta
1582 3889 1597 3921 u

303 3958 388 4013 poste
441 3947 560 4014 uirgilins
612 3949 646 3997 ‘22
663 3950 732 3998 tuliis
750 3949 872 3998 adaesum
889 3964 958 4000 corr.
976 3951 1011 4002 al.
1030 3965 1095 4001 amn.
1115 3947 1203 3999 tullius
1221 3949 1358 3999 aduersum
1422 3944 1597 3998 ‘idmalorum

304 4034 371 4068 corr.
391 4021 425 4073 ot.
443 4035 509 4071 man.
528 4018 651 4067 maiorum
722 4018 834 4070 sallustia

373 4224 391 4276 8
408 4240 494 4274 veruna
519 4231 636 4290 separata
658 4222 795 4285 aliquando
818 4223 954 4288 corripitur
969 4223 1103 4275 Pamcdiuv
1174 4225 1204 4275 ll
1218 4223 1357 4274 sectandum
1375 4221 1494 4288 Probum]
1515 4223 1598 4273 instit.

305 4303 354 4344 nrt.
373 4309 399 4358 p.
420 4296 483 4354 141,
502 4299 533 4345 d:
552 4297 587 4358 cs.
607 4295 718 4356 Pompei.
734 4309 761 4355 p.
780 4293 831 4344 409
849 4294 890 4346 ed.
909 4293 984 4344 hlud.
1074 4295 1106 4345 14
1124 4291 1272 4360 Sallustius]
1293 4295 1364 4345 Catil.
1386 4292 1477 4353 36,2
1565 4293 1600 4342 lu

304 4379 386 4428 usque
404 4362 543 4430 columnus]
563 4364 721 4430 Vcrp.Aen.
745 4363 776 4411 Xl
795 4363 846 4414 2112
916 4365 950 4413 21)
969 4360 1093 4427 necnon]
1119 4366 1197 4429 Verp.
1218 4361 1425 4414 Aemiliana·
1476 4362 1507 4412 el
1527 4364 1601 4427 apud

304 4432 412 4501 seclum]
434 4433 619 4486 Ter.Eurruclt.
642 4435 660 4483 ll
680 4436 705 4496 ²,
725 4434 757 4484 15
843 4429 961 4498 22qnis]
985 4434 1063 4498 Verq.
1084 4436 1149 4483 Aen.
1170 4433 1230 4484 run
1317 4428 1428 4497 Tullius]
1447 4433 1554 4495 rs‚0ic.
1573 4435 1601 4480 in

309 4506 386 4553 Verr.
407 4515 455 4558 act.
476 4519 527 4554 sec.
549 4506 580 4554 lli
600 4504 648 4567 84,
670 4506 719 4555 lul
742 4511 826 4553 utrum
845 4502 889 4552 tibi
909 4500 1031 4565 pecuniae
1050 4513 1151 4554 coactae
1169 4502 1319 4553 conciliatae
1338 4502 1456 4550 videntur
1473 4502 1600 4552 adversus

306 4575 387 4638 leges,
406 4576 529 4625 adversus
543 4589 594 4623 rem
615 4574 739 4638 publicam
793 4574 826 4622 23
845 4573 959 4624 Sallustii
972 4572 1115 4637 frequente
1131 4577 1245 4626 interlin
1262 4572 1424 4622 distortarum
1435 4571 1499 4624 lidio
1512 4575 1602 4635 posuit

306 4645 334 4694 K
337 4645 424 4694 rdtza'ue
438 4643 502 4698 Sall.
522 4645 580 4694 dist.
597 4645 690 4709 srnprn.
708 4660 736 4708 p.
756 4645 808 4694 2⁴14
828 4651 893 4705 etp.
913 4643 965 4694 272
1035 4645 1068 4692 ’24
1089 4642 1183 4711 iuncta]
1196 4651 1295 4693 'evincta
1312 4643 1418 4692 coniecit
1435 4641 1553 4692 Kritzius
1568 4659 1600 4706 p.

306 4713 356 4763 245
426 4713 501 4781 leret]
524 4723 583 4763 sunt
600 4716 663 4765 idem
680 4715 696 4763 l⁴
718 4731 740 4764 c.
812 4714 846 4763 25
866 4713 906 4761 lex
925 4713 1021 4762 licinia
1039 4712 1123 4762 fraudi
1141 4714 1189 4764 luit
1204 4715 1236 4764 de
1254 4715 1399 4763 coniectura
1412 4712 1520 4763 Cascelli
1533 4729 1602 4776 pro·

306 4785 373 4833 droit
389 4781 502 4836 Kritzins
514 4801 541 4848 p.
560 4785 610 4834 273
698 4784 732 4835 26
751 4793 775 4833 et
792 4780 897 4847 circum]
919 4785 998 4848 Verp.
1019 4783 1086 4837 Aen.
1107 4784 1199 4835 11684
1286 4783 1319 4832 27
1335 4779 1415 4847 vires]
1438 4783 1516 4846 Verq-
1531 4783 1600 4832 Aen.
