3350 5442
588 366 826 431 COMMENTVM
1295 361 1356 427 145

873 512 878 519 .
1172 472 1331 527 ptus-111.

63 558 213 619 inveneris
234 558 380 619 diversam
403 554 629 619 declinationem
651 556 898 617 derivativorum?
925 572 1083 636 sequamur
1106 570 1178 633 ergo
1200 554 1356 615 anctorita-

64 666 140 730 tem,
163 678 224 721 uon
246 657 365 739 regulas
387 659 625 720 derivativorum.
654 660 775 719 nomina
797 658 955 720 derivativa
976 659 1040 719 lere
1062 659 1102 719 ita
1125 664 1246 727 exeunt,
1270 657 1301 716 in
1322 674 1358 716 us
1458 666 1467 681 ·

63 761 237 842 frequenter
258 762 388 842 penitus,
411 759 510 821 tabula
533 758 648 821 macula
671 759 769 821 tabula
793 759 942 821 vinculum
964 758 1143 823 monticulus
1165 756 1357 820 scholasticu-

63 862 109 922 lus
134 863 314 924 fonticulus:
344 862 452 923 crebro
480 866 523 924 sic
551 870 674 949 exeunt:
708 845 876 942 ideo'ergo
904 870 933 923 et
961 872 1064 923 notum
1087 869 1139 923 εει.
1183 861 1236 921 sed
1260 867 1358 921 tamen

41 967 142 1025 sscire
165 964 257 1026 debes
279 984 347 1026 esse
368 964 465 1045 aliqua
492 966 613 1025 nomina
635 966 773 1045 quaesic
794 974 915 1036 exeunt,
938 984 1027 1046 quem
1049 965 1085 1026 ad
1108 963 1227 1025 modum
1251 969 1360 1024 exeunt

64 1068 155 1127 etiam
177 1066 366 1135 diminutiva,
389 1085 445 1127 nec
467 1073 567 1127 tamen
590 1066 762 1128 diminutiva
784 1075 863 1129 suut.
901 1069 927 1129 si
949 1067 1028 1129 dicas
1050 1063 1225 1135 fonticulus
1249 1063 1358 1144 quare?

64 1170 132 1247 qnia
162 1178 208 1229 est
233 1169 307 1231 iens.
353 1170 379 1229 si
407 1168 488 1230 dicas
515 1166 707 1239 monticulus,
732 1170 843 1247 quare?
870 1171 939 1250 quia
962 1176 1008 1230 est
1029 1188 1124 1231 mons
1171 1167 1359 1229 econtrario

65 1270 187 1349 quando
214 1271 340 1331 dicimus
366 1269 467 1331 tabula
491 1270 617 1344 fabula,
640 1290 698 1351 quo
721 1254 989 1353 modo'possnmus
1011 1271 1111 1332 dicere
1134 1269 1361 1331 diminutionem

65 1391 148 1443 esse,
173 1372 245 1433 dum
265 1390 355 1433 nemo
377 1372 450 1433 dicit
470 1372 552 1433 tabul
573 1372 673 1434 sabuli
701 1392 773 1452 ergo
794 1374 850 1435 ista
872 1374 943 1454 qnid
967 1373 1118 1435 dicemus?
1145 1389 1219 1435 sono
1241 1369 1361 1451 quidem

34 1498 55 1537 tu
66 1473 255 1544 diminutiva,
278 1474 431 1536 intellectu
452 1475 636 1555 principalia.

150 1576 227 1637 Sunt
256 1576 329 1637 item
356 1578 476 1639 nomina
504 1584 564 1638 tota
591 1594 714 1655 graeca,
747 1583 810 1639 tota
842 1576 946 1649 latina,
979 1574 1119 1659 [penitus]
1149 1575 1254 1638 media.
1299 1578 1463 1646 tetemet

66 1694 173 1755 graeca
200 1688 271 1739 sunt
303 1694 379 1755 quae
405 1681 524 1759 penitus
551 1697 658 1758 graece
687 1678 889 1750 declinantur,
920 1687 981 1741 tota
1014 1679 1104 1740 latina
1138 1696 1215 1758 quae
1243 1678 1362 1757 penitus

66 1779 157 1840 latine
190 1780 392 1852 declinantur,
427 1780 524 1842 media
552 1790 621 1841 sunt
655 1798 731 1858 quae
765 1799 801 1841 ex
829 1788 913 1861 parte
942 1780 945 1863 l
975 1798 1081 1860 graeca
1109 1788 1190 1850 sunt,
1221 1797 1257 1839 ex
1279 1786 1363 1859 parte

68 1880 157 1943 latina
192 1889 270 1943 sunt.
316 1888 378 1942 tcta
409 1899 516 1961 graeca
549 1888 620 1944 sunt
651 1883 804 1944 Themisto
837 1881 971 1965 Calypso.
1023 1891 1054 1945 et
1085 1884 1186 1962 accipe
1219 1880 1362 1959 regulam,

38 2009 58 2049 ιε
68 1986 189 2063 penitus
204 2002 294 2064 quam
317 1986 460 2063 sequaris.
491 1985 588 2045 omnia
612 1986 740 2060 nomina,
765 2004 841 2065 quae
864 2006 881 2047 o
904 1986 1100 2047 terminantur
1123 1983 1200 2065 apud
1223 1984 1362 2053 Graecos

69 2094 128 2147 tota
151 2103 259 2163 graeca
281 2092 362 2145 suut:
386 2086 528 2146 feminina
551 2088 630 2147 euim
653 2095 737 2157 sunt,
761 2095 791 2147 et
812 2106 873 2147 non
896 2094 942 2148 est
964 2086 1050 2147 aliter
1072 2104 1160 2165 quem
1182 2085 1218 2146 ad
1242 2085 1363 2148 modum

69 2186 205 2248 dicantur
226 2185 332 2257 latine,
355 2188 414 2248 nisi
436 2188 479 2249 sic
501 2206 591 2267 quem
613 2188 649 2249 ad
672 2188 793 2249 modum
816 2189 893 2249 dicta
916 2198 986 2250 sunt
1008 2196 1037 2249 et
1058 2205 1173 2267 graece.
1210 2187 1362 2249 Themisto

71 2289 140 2350 dicit
155 2292 302 2359 Graecus,
326 2295 356 2347 et
370 2287 492 2350 Latinus
507 2289 659 2351 Themisto
682 2290 767 2361 dicit:
791 2290 914 2372 Calypso
938 2290 1009 2351 dicit
1024 2291 1170 2361 Graecus,
1195 2298 1225 2351 et
1245 2287 1364 2349 Latinus

69 2394 106 2452 ita
128 2392 210 2452 dicit
256 2391 314 2450 boc
336 2398 381 2451 est
402 2410 512 2451 nomen
534 2398 629 2452 totum
651 2409 800 2470 graecum.
838 2399 935 2453 totum
957 2392 1081 2453 latinum
1104 2400 1149 2453 εει
1171 2390 1251 2468 qnod
1273 2390 1364 2451 latine

36 2495 188 2573 openitus
210 2491 390 2563 declinatur,
414 2492 500 2555 aliter
515 2512 575 2555 non
595 2503 703 2573 potest.
735 2494 866 2556 Graecus
889 2495 960 2555 dicit
975 2494 1137 2574 Odyssens,
1153 2492 1274 2554 Latinus
1295 2492 1366 2554 dicit

70 2594 183 2657 Vlixes:
212 2611 285 2673 ergo
305 2593 401 2655 Vlixes
422 2601 518 2657 totum
539 2594 663 2656 latinum
685 2602 738 2656 est.
776 2596 958 2677 Polydeuces
980 2596 1052 2656 dicit
1073 2596 1219 2665 Graecus,
1243 2593 1365 2657 Latinus

69 2696 187 2758 Pollux:
211 2714 284 2775 ergo
306 2695 412 2757 Pollux
434 2704 529 2758 totum
551 2696 675 2757 latinum
704 2706 758 2759 est.
802 2698 928 2759 notbum
959 2696 1104 2777 estquod
1128 2695 1231 2758 ultima
1254 2695 1365 2777 syllaba

71 2800 272 2878 corrumpitur
286 2804 316 2859 et
329 2797 480 2878 prioribus
495 2817 652 2861 commune
668 2807 720 2871 est,
733 2807 803 2879 puta
814 2799 961 2881 Achilleys
976 2806 1006 2860 et
1017 2797 1160 2869 Achilles:
1177 2816 1247 2860 ecce
1263 2798 1365 2860 ultima

70 2900 182 2981 syllaba
204 2902 415 2980 corrumpitur,
439 2909 570 2963 ceterum
592 2903 709 2981 priores
729 2910 866 2962 manent:
888 2911 922 2962 ut
941 2907 1010 2981 puta
1025 2900 1164 2962 Memnon
1188 2907 1217 2960 et
1232 2900 1365 2969 Memno;

38 3002 175 3067 §ultima
201 3001 313 3081 syllaba
340 2996 481 3082 coriupta
509 3011 554 3064 est
582 3010 612 3063 et
638 3004 756 3081 priores
777 3010 906 3065 manent.
952 3004 1026 3064 baec
1047 3005 1088 3064 ita
1111 3002 1266 3071 dicuntur,
1290 3021 1366 3083 quae

70 3104 162 3166 notba
191 3112 261 3165 sunt
287 3110 317 3165 et
337 3121 454 3183 graeca.
498 3104 551 3165 sed
579 3106 657 3166 scire
684 3104 828 3165 debemus
851 3106 917 3185 quia
941 3111 971 3166 et
992 3103 1042 3165 illa
1069 3123 1145 3185 quae
1168 3114 1238 3166 sunt
1259 3123 1367 3184 graeca

71 3208 176 3284 quavis
197 3205 299 3285 regula
323 3206 520 3276 declinantur,
543 3208 604 3268 sive
625 3224 732 3284 graeca
754 3207 816 3267 sire
837 3206 938 3267 latina.
983 3205 1054 3267 licet
1075 3204 1149 3267 mibi
1171 3208 1271 3269 dicere
1293 3196 1375 3270 baec

71 3310 145 3370 nico
168 3308 256 3369 buius
272 3308 380 3389 Didoys
401 3308 471 3369 buic
487 3307 580 3370 bidoe
602 3306 678 3369 banc
694 3308 769 3369 Dido
791 3308 914 3379 oDido,
939 3315 969 3369 et
993 3306 996 3390 l
1020 3308 1090 3371 licet
1111 3309 1183 3371 mibi
1206 3308 1307 3371 dicere
1323 3309 1369 3389 [et

71 3408 179 3491 latine]
194 3409 269 3471 baec
284 3410 359 3471 bido
371 3411 461 3472 buius
475 3410 598 3471 Didonis
616 3408 686 3471 buic
700 3410 807 3472 Didoni
823 3417 853 3472 et
868 3410 989 3491 reliqua.
1021 3428 1092 3489 ergo
1109 3419 1139 3472 et
1153 3428 1259 3490 graece
1275 3410 1367 3473 decli-

41 3530 179 3575 ouamus
205 3518 235 3573 et
263 3512 353 3573 latine
376 3530 485 3573 nomen
507 3519 600 3573 totum
623 3529 773 3590 graecum.
816 3514 890 3573 item
914 3510 1038 3593 [toturn]
1062 3513 1186 3575 nothum
1210 3520 1239 3574 et
1260 3530 1367 3591 graece

73 3614 259 3675 declinamus
287 3622 317 3674 et
339 3613 442 3688 latine,
470 3614 609 3675 Memnon
636 3614 810 3675 Memnonos
837 3614 988 3675 Memnoni
1021 3614 1191 3685 Memnona;
1221 3623 1251 3676 et
1277 3616 1367 3677 latine

73 3734 193 3795 possum
216 3712 368 3776 declinare
389 3716 506 3777 Memno
528 3718 694 3778 Memnonis
715 3717 875 3779 Memnoni.
906 3734 976 3777 nam
997 3716 1173 3796 producitur
1194 3718 1217 3777 i:
1241 3716 1368 3796 legimus

139 3890 157 3936 2
180 3888 283 3937 nomine
304 3887 446 3937 deriuatiua
461 3888 535 3938 nea
560 3889 662 3939 nomina
685 3888 887 3937 deriuatiuorum
907 3888 941 3939 Α.
963 3888 1078 3951 sortasse
1096 3890 1199 3939 nomine
1217 3889 1368 3940 diminutiva

77 3958 125 4007 iere
142 3958 182 4006 ita
197 3965 301 4019 exeunt,
322 3957 348 4005 in
366 3958 405 4007 lus
424 3958 569 4019 frequenter
584 3960 695 4025 penitus,
714 3958 867 4008 monticulus
887 3956 1082 4008 scholasticulus
1102 3958 1253 4009 fonticulus:
1278 3958 1367 4007 erebro

76 4028 109 4075 sic
134 4035 232 4077 exeunt
258 4028 363 4076 nonriua
386 4027 550 4090 diminutiva3
576 4028 634 4077 ideo
652 4044 714 4094 ergo
737 4038 762 4078 et
781 4037 869 4077 notum
887 4036 935 4081 est.
971 4044 1029 4079 num
1051 4044 1117 4096 quae
1137 4032 1367 4093 interposuissent,

76 4099 158 4147 tabule
179 4097 282 4145 macula
301 4096 387 4147 sebnia
406 4098 548 4160 vinculum,
569 4099 606 4147 ad
626 4101 739 4164 regulam
755 4099 850 4148 Boresti
869 4098 901 4147 de
919 4101 993 4163 qusai
1009 4101 1158 4151 diminutivis
1172 4101 1300 4164 pertinent

77 4167 108 4215 ita
125 4177 223 4217 exeunt
241 4166 314 4217 noa
332 4168 368 4217 ite
386 4177 447 4217 sunt
464 4167 490 4215 A
502 4168 538 4229 (i)
608 4172 626 4219 4
644 4170 733 4217 crebro
750 4170 789 4218 sic
805 4177 900 4218 exeunt
918 4168 943 4217 A
962 4170 1050 4219 erebro
1067 4171 1170 4219 nomine
1188 4171 1225 4219 sic
1243 4169 1371 4219 exeuntG

78 4240 162 4288 erebra
181 4238 285 4287 nemina
307 4237 347 4287 sie
369 4247 464 4287 exeunt
485 4238 534 4288 Ba
602 4239 618 4287 θ
636 4240 659 4287 εἰ
679 4239 750 4289 dices
772 4238 798 4286 A
816 4240 839 4288 si
860 4238 975 4288 dicemus
993 4240 1068 4291 nea
1137 4241 1152 4289 7
1173 4240 1196 4289 si
1213 4240 1284 4289 dices
1301 4239 1327 4287 A
1346 4241 1368 4289 si

78 4308 191 4357 dieamus
207 4307 279 4358 nea
348 4306 471 4359 8isbnle
490 4322 535 4361 om,
557 4308 639 4358 ABG
706 4307 815 4357 boemo
832 4308 901 4357 dicet
917 4308 972 4359 AB
1042 4311 1091 4361 iste
1107 4310 1215 4359 dicimus
1233 4308 1294 4373 quid
1313 4310 1370 4359 AB

143 4379 178 4429 12
201 4386 255 4429 tuta
277 4378 356 4427 letina
373 4393 438 4442 quoe
457 4378 559 4443 penitus
577 4378 654 4427 letine
672 4378 831 4428 declinantur
850 4396 896 4431 em.
916 4381 954 4443 A,
972 4379 1033 4431 aad.
1052 4396 1069 4429 a
1156 4378 1188 4429 19
1206 4378 1310 4429 latinum
1330 4387 1369 4431 est

80 4446 163 4499 nea:
191 4456 230 4499 est
247 4464 293 4500 ost.
313 4448 339 4497 A
409 4446 443 4497 ²0
465 4463 558 4515 graece
581 4448 643 4498 dicit
661 4449 773 4513 odyseus
791 4449 870 4499 latine
888 4448 949 4499 dicit
968 4450 1050 4500 ulixes
1068 4449 1163 4515 (ulixes
1181 4452 1210 4510 a)
1229 4448 1254 4497 A
1276 4464 1369 4515 graece

80 4518 168 4567 dieitur
185 4518 299 4582 odyseus
316 4517 450 4585 (odisseus
462 4518 501 4581 B)
519 4517 596 4568 lstine
614 4519 706 4568 dicitur
724 4519 805 4570 olixes
819 4521 921 4585 (ulyxes
936 4520 966 4579 O)
985 4520 1037 4570 Bc
1122 4520 1153 4570 21
1171 4534 1234 4585 ergo
1252 4520 1334 4569 ulixes
1353 4536 1370 4569 a

81 4588 382 4654 ergoolixesABergo
400 4587 524 4652 olyxesO
568 4591 602 4639 22
623 4590 727 4638 lerinum
746 4599 785 4639 est
802 4591 906 4641 notbum
917 4590 1004 4641 nea:
1023 4596 1061 4639 est
1074 4589 1157 4639 om.A
1206 4590 1240 4640 25
1255 4590 1370 4654 [crime

81 4654 139 4708 beec
158 4667 245 4708 autem
260 4659 381 4707 dicuntur
398 4658 484 4720 nothe,
504 4659 638 4719 quissent
656 4667 680 4713 et
697 4674 790 4726 graeca
808 4671 833 4709 et
852 4660 928 4710 letina
984 4659 1018 4711 26
1036 4661 1095 4723 quie
1113 4660 1157 4709 ille
1172 4660 1225 4710 Bu
1276 4662 1369 4724 queuis

82 4728 230 4790 equamuis
246 4728 335 4779 ABG
418 4728 452 4779 28
470 4727 547 4777 buius
565 4729 657 4795 didoys
676 4727 734 4779 Ga*
754 4729 830 4779 buius
849 4730 933 4780 didois
950 4730 976 4779 B
1004 4728 1080 4778 buius
1105 4729 1208 4780 didonis
1226 4730 1299 4795 Ayr)

81 4796 113 4846 28
129 4799 217 4849 dicere
233 4807 258 4847 et
276 4799 355 4848 latine
371 4798 397 4848 A
415 4808 439 4849 et
458 4798 537 4849 latine
554 4799 641 4849 dicere
656 4798 730 4850 nea
800 4798 834 4849 ³2
850 4801 964 4863 fortasse
983 4798 1092 4866 legimus
1111 4801 1137 4849 in
1155 4799 1369 4851 Planthreoni:

82 4866 158 4918 Creon
173 4868 284 4918 dicimus
300 4867 410 4919 Graece:
427 4869 463 4931 cs.
483 4870 568 4925 Plaut.
590 4869 678 4936 Ampd.
698 4870 708 4918 1
728 4870 752 4933 1,
771 4868 805 4921 39
820 4871 925 4935 regique
944 4870 1066 4921 Tbebsno
1085 4869 1175 4921 Creoni
1191 4886 1299 4939 regnum
1318 4879 1369 4921 ειε-

129 4958 304 5002 camsuarrcr
319 4959 410 5001 muru
422 4960 449 5001 v.
544 4990 547 4999 .
1127 4954 1168 5021 10
