3350 5442
328 364 391 428 404
873 365 1075 429 consensu
1628 374 1629 445 t

354 473 452 528 pfflb
1525 477 1629 527 w.,

328 557 358 615 in
386 573 474 615 unam
503 555 646 635 syllabam
673 575 732 615 non
760 562 882 624 coeunt,
913 556 964 615 secl
993 558 1092 635 potius
1117 557 1161 615 sic
1184 556 1313 625 scandit,
1344 554 1474 635 isquebi.
1519 557 1579 616 sinite

327 664 372 717 est
399 665 428 717 et
456 658 720 738 ‘pleiadasque
754 658 976 737 yadasque',
1005 664 1038 718 ut
1065 659 1107 717 sic
1137 657 1325 727 scandamus,
1362 659 1494 737 dasquea
1519 661 1579 735 petius

327 779 414 839 quam
437 759 576 840 dasqnya,
600 762 669 839 quia
692 779 707 820 e
731 761 839 821 melius
861 766 961 829 senat,
986 767 1016 819 et
1039 762 1110 820 item
1133 762 1308 821 inusitatum
1330 768 1375 820 est
1397 766 1463 840 pust
1489 779 1522 839 qu
1538 768 1556 819 el
1571 782 1580 839 p
1628 788 1629 839 p

326 861 482 939 subiungi,
506 869 539 922 ut
559 864 702 923 iaciamus
724 861 868 943 syllabam
890 882 958 943 qup.
995 862 1101 941 reliqui
1129 870 1197 924 sunt
1225 863 1282 923 duo
1309 862 1511 942 metaplasmi,
1532 866 1579 921 anti·

326 964 435 1035 tbesis,
465 984 532 1026 cum
559 964 658 1027 littera
685 983 740 1044 pro
768 966 866 1026 littera
895 966 1033 1045 punitur,
1061 972 1094 1024 ut
1122 964 1173 1025 olli
1200 985 1255 1045 pru
1283 966 1341 1035 illi,
1376 972 1406 1025 et
1433 964 1592 1033 metathesim
1628 986 1629 1039 p

326 1086 394 1127 cum
423 1068 454 1127 in
481 1066 612 1129 alienum
638 1068 736 1127 lecum
763 1067 863 1129 littera
892 1068 1086 1137 transfertur,
1111 1075 1143 1128 ut
1165 1066 1287 1129 'limbre
1310 1086 1364 1147 pro
1387 1066 1516 1127 Timber.
1547 1068 1577 1126 sul

327 1169 415 1230 idad
439 1170 601 1230 scandendi
623 1172 767 1231 rationem
784 1189 843 1229 non
863 1170 1005 1249 pertinet.
1042 1170 1267 1251 metaplasmum
1295 1172 1411 1250 siquem
1439 1172 1576 1238 invenicus,
1628 1166 1629 1169 ’

327 1290 384 1351 qua
407 1273 435 1331 vi
458 1272 621 1343 scribatur,
645 1271 837 1333 intuebimur.

328 1413 341 1417 ..
369 1410 589 1417 ..ψ’-,-
596 1413 608 1416 .-

1628 1426 1629 1453 l

395 1478 412 1525 ‘2
432 1485 456 1525 et
475 1478 622 1543 plisdasque
640 1477 771 1542 pedesque
789 1476 835 1528 M:
857 1478 936 1541 Verq.
954 1490 1041 1541 peorp.
1060 1477 1069 1525 l
1089 1474 1139 1527 138
1208 1479 1224 1529 7
1244 1475 1436 1543 metaplasmum
1452 1492 1517 1541 qnern
1532 1477 1576 1525 inne·
1628 1472 1629 1529 l

327 1548 411 1597 nimus
430 1547 456 1594 in
480 1563 530 1611 qus
548 1549 574 1597 ui
597 1549 714 1598 scribitur
728 1548 882 1597 intuebimur
897 1543 901 1612 Ι
917 1546 1021 1612 explicit
1041 1545 1074 1595 M
1087 1546 1182 1597 duobus
1199 1549 1339 1609 adscriptis
1353 1548 1466 1609 scholiis,
1487 1550 1509 1600 ,i.
1523 1555 1576 1595 utrm
1628 1536 1629 1573 l

327 1620 402 1665 neces
419 1617 478 1666 met'
494 1619 534 1668 uel
550 1622 611 1669 orna
629 1616 794 1680 causatius.
812 1627 895 1667 utum]
915 1618 1065 1666 necessitate
1082 1617 1264 1684 metaplasmus
1282 1617 1325 1665 flat
1343 1618 1381 1666 vel
1402 1628 1502 1667 omnum
1516 1616 1575 1673 cusat

326 1688 391 1735 etin
410 1701 461 1749 qus
480 1687 504 1736 ui
524 1690 551 1743 .i,
571 1691 593 1738 si
611 1687 752 1737 immutatio
770 1688 812 1747 sit,
831 1685 963 1736 antithesis
979 1694 1027 1753 est,
1045 1694 1073 1734 nt
1092 1687 1151 1746 olli;
1171 1690 1192 1738 si
1207 1684 1392 1749 transmutatio,
1408 1688 1538 1737 metathesis
1546 1698 1575 1743 eu,

328 1765 354 1805 ut
370 1757 461 1806 timbre
