3350 5442
305 336 346 399 84
558 299 562 315 '
868 336 1021 399 rorem

304 521 427 607 passim
458 520 494 583 in
527 521 661 585 summis
695 520 897 605 marginibus
925 520 1103 607 adparent,
1132 524 1180 584 lit.
1207 539 1325 601 poma,
1356 522 1497 606 scriptae
1523 543 1591 585 esse

302 623 465 688 videntur.

388 758 505 825 Codex
517 759 685 824 Parisinus
702 759 992 844 sangermanensis
1010 759 1092 823 1179
1114 764 1215 833 ..11161
1228 781 1251 822 s.
1272 768 1354 839 petri
1373 764 1592 823 cordetenus·

302 862 411 927 forma
432 861 574 947 oblonga
588 862 735 948 Pompeii
756 861 877 927 librum
892 869 1016 936 mutato
1032 861 1145 926 ordine
1169 860 1302 927 exhibet
1322 862 1385 943 ita,
1408 861 1466 925 f.1
1490 866 1593 924 Partes

300 970 443 1027 orationis
456 976 525 1028 sunt
538 974 601 1030 octo
616 1002 658 1010 —
672 965 696 1028 f.
713 964 754 1028 89
771 975 870 1045 potest
883 969 945 1027 diez·
960 963 964 1049 Ι
981 967 1181 1027 EXPLICIT
1193 968 1252 1027 DE
1264 968 1314 1027 IN
1317 966 1343 1026 Τ
1341 967 1469 1027 ERIEC
1472 966 1595 1026 TIONE

301 1065 348 1151 (p.
371 1066 543 1152 82-414)
567 1067 591 1131 f.
607 1066 674 1131 89*
697 1069 962 1130 OOMMENTIIM
981 1068 1107 1129 ARTIS
1126 1068 1286 1129 BONAI'I
1307 1072 1312 1152 1
1339 1068 1593 1143 Uolumniusque

300 1174 348 1231 rei
366 1174 490 1233 amentia
511 1206 554 1215 —-
575 1168 600 1232 f.
625 1168 712 1233 106*
734 1172 786 1231 ubi
802 1189 857 1247 pes
875 1174 943 1245 finit
965 1164 1011 1253 (p.
1033 1167 1158 1253 3-82)
1184 1166 1187 1251 l
1211 1172 1270 1231 DE
1288 1170 1565 1231 BARBARISMO
1589 1168 1591 1250 1
1661 1236 1662 1243 ¹

299 1274 516 1335 Barburismus
543 1280 594 1335 est
620 1308 661 1318 —
688 1270 713 1334 f.
738 1269 823 1333 119*
847 1282 900 1332 unt
920 1292 940 1333 u
960 1273 1084 1349 paribus
1119 1272 1240 1332 I'INIT
1272 1273 1404 1333 LIBER
1436 1272 1596 1332 POMPEI

301 1376 568 1436 GRAMMATICI
585 1375 808 1435 FELICITER
830 1371 877 1458 (p.
892 1370 1087 1453 417-480).
1117 1372 1279 1457 scriptura
1300 1371 1421 1436 codicis
1437 1382 1595 1436 accurata

300 1482 333 1538 et
359 1472 515 1559 diligens,
542 1473 768 1559 undetriginta
795 1473 945 1538 versibus
972 1474 1007 1538 in
1030 1471 1166 1557 singulis
1188 1474 1318 1558 paginis
1341 1474 1488 1559 scriptis,
1512 1473 1594 1537 dua-

299 1576 378 1657 bus,
401 1585 438 1640 ut
459 1575 607 1657 videtur,
629 1576 781 1640 manibus
805 1568 952 1641 correcta
971 1586 1034 1657 est3
1058 1596 1257 1661 quamquam
1271 1576 1432 1638 nonsatis
1449 1586 1593 1653 constat,

241 1665 244 1670 ¹
298 1676 340 1741 ab
362 1685 438 1741 utra
458 1700 557 1741 manu
578 1699 726 1764 quaeque
747 1679 896 1764 profecta
918 1678 998 1758 sint,
1022 1685 1055 1741 et
1077 1675 1221 1757 dubitari
1243 1685 1353 1763 potest
1368 1698 1478 1741 annon
1493 1698 1594 1762 quae-

298 1776 375 1841 dam
396 1779 500 1844 veteri
521 1777 656 1844 librario
679 1777 871 1845 debeantur.

382 1912 498 1980 Codex
524 1912 693 1979 Parisinus
722 1913 1011 1999 Sangermanensis
1042 1912 1124 1979 1180
1153 1935 1193 1987 „c
1214 1918 1298 1977 libris
1324 1934 1348 1977 s.
1369 1918 1595 1993 111111601ϋί6-

296 2022 420 2080 aeasis“
448 2014 553 2096 forma
580 2015 722 2101 oblonga
750 2018 891 2102 scriptus
920 2026 971 2081 est
991 2015 1120 2101 paginis
1149 1994 1301 2080 bifariam
1324 2014 1459 2097 divisis,
1483 2017 1533 2081 ita
1556 2026 1596 2080 ut

296 2139 411 2181 versus
434 2118 570 2201 triginta
592 2120 734 2205 quinque
755 2117 808 2183 vel
831 2117 967 2202 triginta
990 2139 1049 2181 sex
1075 2118 1110 2181 in
1132 2116 1269 2201 singulis
1293 2116 1449 2181 columnis
1473 2117 1593 2201 scripti

296 2220 362 2284 sint
383 2217 501 2283 litteris
522 2220 707 2283 accuratius
731 2220 830 2284 etiam
853 2228 886 2283 et
908 2216 1088 2303 elegantius
1111 2240 1209 2304 quam
1231 2220 1266 2282 in
1288 2221 1455 2304 superiore
1477 2220 1595 2283 codice

295 2318 403 2406 pictis.
448 2318 572 2385 dehoc
594 2320 718 2385 dictum
741 2329 791 2385 est
813 2322 876 2386 vol.
901 2319 950 2384 IV
973 2320 1077 2407 praef.
1100 2316 1131 2406 p'.
1156 2320 1325 2385 XXXIII.
1362 2320 1510 2406 Pompeii
1534 2343 1596 2383 au-

293 2432 361 2487 tem
388 2421 471 2487 liber
497 2443 561 2486 non
591 2421 703 2489 addito
732 2424 861 2486 nomine
889 2422 1095 2506 grammatici
1122 2423 1262 2507 scriptus
1286 2432 1336 2486 est
1357 2421 1434 2486 inde
1457 2446 1477 2486 a
1496 2421 1524 2485 f.
1552 2424 1595 2486 75

292 2546 396 2609 usque
411 2526 453 2588 ad
467 2524 565 2588 finem
580 2525 701 2591 codicis
723 2524 746 2588 f.
766 2524 845 2589 168*
867 2528 918 2587 IN
929 2527 1094 2587 NOMINE
1105 2527 1182 2586 DEI
1199 2526 1340 2587 SUMMI
1357 2527 1436 2587 INC.
1452 2526 1599 2587 ETIAM

297 2629 513 2689 TRAOTARE
530 2630 589 2688 BE
610 2629 816 2690 PARTIBUS
834 2628 1069 2689 MAIORIBUS
1095 2628 1317 2689 ORATIONIS
1338 2627 1341 2707 1
1370 2628 1496 2689 UNINS
1517 2628 1596 2687 CU—

292 2714 443 2801 11180ϋὶ
468 2730 546 2791 REI
569 2764 611 2775 -
638 2748 658 2790 a
685 2732 773 2791 rebus
797 2733 923 2807 paribus
952 2724 956 2812 Ι
984 2732 1109 2805 explicit
1135 2731 1173 2791 de
1201 2735 1302 2808 tropis.
1339 2729 1373 2790 in
1395 2749 1433 2791 eo
1457 2748 1595 2812 quoque

291 2840 386 2893 vetus
410 2829 575 2914 scriptura
596 2851 694 2915 saepe
716 2851 816 2894 manu
837 2851 903 2893 non
923 2826 1026 2894 multo
1049 2831 1229 2894 recentiore
1253 2840 1400 2893 correcta
1422 2838 1483 2893 cst.

377 2963 504 3029 Horum
524 2964 625 3048 igitur
645 2964 803 3029 librorum
824 2964 1071 3052 antiquissimus
1087 2974 1138 3029 est
1152 2962 1486 3047 Wollenbuttclanus,
1504 2964 1594 3029 adeo

291 3074 328 3130 ut
355 3066 498 3131 dubitari
525 3067 630 3151 possit
658 3088 765 3132 annon
788 3077 905 3131 octavo
927 3065 1057 3131 saeculo
1079 3068 1188 3151 potius
1212 3088 1309 3153 quam
1331 3086 1418 3132 nouo
1442 3068 1594 3153 scriptus

292 3168 353 3249 sit,
380 3168 623 3232 recentissimus
652 3168 941 3253 Sangermanensis
974 3168 1069 3247 1179,
1098 3164 1293 3253 quamquam
1321 3190 1362 3231 ne
1389 3167 1417 3231 is
1450 3168 1594 3253 quidem

257 3274 260 3283 '
290 3291 413 3333 nonum
436 3267 602 3333 saeculum
624 3271 782 3334 excedere
804 3271 945 3335 videtur.
976 3267 1315 3334 Wollenbuttelanum
1330 3292 1351 3334 a
1365 3270 1593 3352 Bethmanno,

289 3369 506 3435 bibliothecae
527 3369 852 3436 Wolfenbuttelanae
879 3371 1063 3458 praefecto,
1091 3368 1273 3435 liberaliter
1301 3371 1344 3435 ad
1371 3394 1422 3435 me
1444 3372 1593 3436 missum

288 3472 374 3537 inter
401 3472 508 3559 ipsum
536 3472 656 3538 edendi
682 3472 828 3538 laborem
855 3474 1030 3561 usurpavi,
1059 3471 1357 3557 Sangermanenses
1387 3496 1407 3537 a
1433 3495 1486 3537 me
1508 3496 1593 3538 curn

288 3573 508 3638 Lindemanni
534 3574 683 3661 exemplo
712 3574 859 3641 conlatos
887 3575 999 3641 habui.
1044 3575 1103 3639 sed
1131 3576 1165 3638 in
1193 3574 1297 3641 altero
1323 3576 1404 3639 1119
1426 3598 1502 3640 cum
1527 3575 1593 3640 ali-

288 3698 386 3763 quam
407 3684 533 3762 partem
555 3675 634 3744 olim
656 3689 689 3743 et
711 3689 856 3764 tempore
879 3687 1012 3743 coactus
1036 3688 1069 3743 61
1090 3675 1219 3741 molesti
1239 3675 1363 3743 laboris
1386 3677 1494 3742 taedio
1519 3678 1593 3743 fes-

287 3800 343 3842 sus
366 3778 562 3861 omisissem,
584 3778 665 3845 haec
686 3790 802 3866 postea
823 3802 876 3843 me
891 3790 1027 3865 rogante
1042 3779 1227 3843 humaniter
1242 3777 1409 3865 supplevit
1430 3778 1456 3843 I.
1474 3778 1594 3845 Schir-

286 3901 405 3944 merus.
450 3878 490 3944 de
511 3879 725 3947 ¹auctoritate
760 3890 869 3946 autem
906 3882 1055 3947 codicum
1088 3900 1247 3967 quaerens
1281 3881 1592 3965 sangermanenses

285 3980 387 4046 libros
414 3980 463 4047 ita
490 3980 681 4069 plerumque
708 3985 794 4049 inter
820 4007 855 4049 se
885 3985 1069 4049 consentire
1095 3984 1237 4069 repperi,
1270 3992 1308 4047 ut
1334 3992 1510 4070 utrumque
1544 4008 1594 4051 ex

285 4083 402 4148 eodem
424 4084 606 4172 archetypo
640 4082 773 4150 ductum
805 4108 877 4151 esse
907 4084 1086 4151 verisimile
1118 4086 1170 4149 sit.
1215 4083 1370 4149 videntur
1402 4096 1515 4150 autem
1555 4088 1594 4153 hi

192 4213 196 4221 ·
284 4183 361 4249 libri
383 4185 532 4268 Corbcii,
560 4187 647 4252 unde
675 4187 752 4254 olim
773 4189 916 4255 Parisios
939 4186 1078 4252 travecti
1101 4196 1194 4269 sunt,
1218 4187 1332 4272 scripti
1354 4208 1437 4251 esse.
1482 4189 1593 4273 paulo

284 4284 413 4372 longius
447 4288 489 4353 ab
520 4290 560 4353 iis
591 4288 716 4355 recedit
743 4287 1040 4355 Wolfenbuttelani
1073 4289 1193 4354 codicis
1227 4289 1400 4375 scriptura.
1446 4293 1592 4359 omnino
1661 4288 1662 4295 ¹

283 4399 393 4453 autem
418 4388 454 4453 in
480 4388 541 4455 hoc
563 4391 711 4479 Pompeii
732 4390 816 4455 libro
846 4389 1060 4456 describendo
1089 4412 1154 4454 non
1175 4388 1257 4455 illud
1281 4399 1417 4476 egerunt
1438 4389 1592 4478 librarii,

283 4498 321 4553 ut
342 4501 495 4556 accurate
517 4493 620 4558 verba
640 4494 846 4578 grammatici
867 4501 1062 4580 repeterent,
1085 4492 1159 4574 sed,
1182 4493 1336 4578 quoniam
1358 4516 1437 4557 suae
1458 4498 1592 4563 aetatis

283 4596 449 4659 commodo
471 4594 710 4675 inserviebant,
733 4593 837 4658 multa
858 4593 911 4659 vel
933 4594 1141 4680 neglegenter
1170 4594 1414 4681 descripserunt
1441 4592 1497 4659 vel
1521 4620 1592 4684 pro

281 4714 341 4758 suo
369 4695 507 4761 arbitrio
535 4704 753 4761 mutaverunt.
798 4718 862 4783 quo
888 4696 1014 4760 factum
1043 4706 1093 4761 est
1120 4706 1157 4760 ut
1183 4718 1281 4783 saepe
1303 4696 1592 4766 dissentientibus

206 4856 209 4860 ,
280 4794 375 4860 libris
397 4820 463 4863 non
490 4798 585 4862 modo
608 4797 688 4884 quid
715 4821 736 4863 a
756 4806 867 4864 vetere
890 4808 1022 4864 auctore
1045 4800 1202 4884 scriptum
1224 4800 1324 4864 fuerit
1346 4821 1411 4865 non
1434 4814 1591 4891 constet,
