3350 5442
347 360 409 425 396
892 358 1096 422 consultat!

369 472 479 525 pes—25
494 470 517 511 B.
1543 480 1559 508 c.
1571 472 1596 509 11

343 550 540 612 tractionibus
562 552 668 610 vitium
689 552 736 619 lit,
760 549 955 611 soloecismus
970 550 1102 629 plurium
1118 568 1219 611 rerum
1235 549 1486 629 contemplatione
1510 549 1615 609 dicetur.

344 652 394 714 ubi
417 672 488 713 vero
510 653 694 713 adiectiones
716 652 952 714 detractionesve
976 661 1005 711 et
1028 659 1128 712 cetera
1144 670 1219 731 quae
1243 654 1273 711 in
1296 652 1423 730 singulis
1446 654 1520 711 liunt
1541 656 1615 731 parti·

342 756 399 817 bus
421 758 561 836 imperite
583 757 761 824 factasunt,
786 754 829 814 ibi
853 754 1057 815 barbarismus
1080 762 1140 824 est;
1164 754 1215 813 ubi
1239 756 1334 833 perite
1358 773 1425 814 cum
1449 756 1614 813 auctoritate.

341 857 385 917 ibi
407 858 619 938 metaplasmus
647 866 702 917 est.
748 856 784 915 de
807 858 859 917 illo
882 860 1051 937 quaeritur,
1081 865 1194 925 utrum,
1226 859 1251 916 si
1274 876 1308 917 ea
1331 875 1406 936 quae
1429 874 1547 935 semper
1567 856 1614 935 plu-

342 960 417 1021 ralia
452 968 521 1021 sunt
557 958 749 1035 singulariter
781 960 989 1038 proferuntur,
1024 959 1114 1019 veluti
1144 960 1238 1039 siquis
1266 958 1344 1018 dieat
1374 978 1494 1037 scopam
1527 960 1629 1018 scaleni

341 1062 461 1122 sordem
490 1061 682 1141 quadrigam,
713 1070 763 1120 aut
792 1064 863 1120 item
892 1064 986 1141 siquis
1015 1061 1094 1121 dicat
1123 1062 1204 1121 luces
1225 1080 1330 1140 paces,
1361 1062 1567 1121 soloecismum
1589 1082 1613 1119 an

342 1164 561 1226 barbarismum
584 1165 685 1223 iaciat.
717 1171 761 1223 est
784 1166 863 1223 enirn
887 1163 942 1222 boc
966 1164 1110 1224 dissimile
1127 1162 1164 1223 ab
1180 1183 1214 1222 eo
1238 1164 1373 1243 exemplo
1396 1164 1474 1243 quod
1498 1166 1614 1243 superius

343 1271 473 1348 positum
496 1276 551 1326 est.
583 1270 718 1345 namqui
741 1266 813 1324 dicit
836 1266 1019 1325 nominativo
1042 1285 1111 1326 casu
1134 1266 1183 1325 bic
1206 1268 1311 1334 sontis,
1335 1266 1383 1325 bic
1407 1266 1515 1333 dentis,
1538 1268 1613 1343 ipsun

342 1390 450 1430 nornen
479 1371 569 1429 fontis
598 1377 627 1428 et
656 1369 753 1429 dentis
781 1368 840 1427 tale
869 1368 999 1446 profert,
1040 1378 1071 1429 ut
1100 1370 1164 1427 siue
1194 1386 1281 1428 casus
1307 1368 1545 1427 consideratione
1570 1367 1612 1425 diri

342 1492 428 1550 posse
452 1472 602 1531 rideatur:
627 1490 694 1531 nam
717 1474 749 1530 in
771 1472 903 1548 genitivo
926 1480 1041 1531 rectum
1065 1478 1110 1530 cst
1133 1472 1224 1531 sontis
1246 1480 1276 1531 et
1299 1470 1396 1531 dentis
1419 1470 1539 1530 dixisse.
1578 1469 1625 1527 lllt'l

343 1584 456 1643 autem,
481 1574 559 1653 quod
589 1593 712 1652 prorsus
740 1573 800 1632 dici
827 1572 936 1632 melius
963 1578 1019 1652 pe'r
1042 1573 1220 1633 latinitatem
1243 1592 1302 1633 non
1324 1582 1421 1651 potest
1444 1572 1613 1649 singulariter

344 1686 393 1737 aut
415 1677 589 1755 pluraliter,
613 1676 695 1735 nullo
719 1693 821 1735 errore
846 1676 969 1735 alterius
997 1674 1168 1735 intellectus
1196 1678 1291 1754 accipi
1314 1682 1422 1753 potest.
1468 1676 1562 1753 itaque
1582 1674 1613 1732 di·

343 1788 429 1849 cunt,
453 1780 522 1858 quia
544 1797 603 1838 non
619 1785 758 1838 secutura
774 1798 897 1837 casuum
914 1779 1099 1857 dispectione
1122 1780 1222 1838 statim
1244 1777 1433 1857 repudietur,
1458 1796 1524 1835 cum
1541 1773 1545 1859 l
1563 1780 1615 1855 quis

342 1881 422 1940 dicat
444 1881 617 1960 quadrigam
648 1890 699 1941 aut
727 1881 823 1949 luces,
853 1880 1072 1941 barbarismum
1101 1899 1168 1940 eum
1191 1882 1298 1940 iecisse
1322 1899 1376 1959 per
1398 1881 1613 1939 innnutationrm

341 1984 465 2044 ultimae
494 1983 611 2042 litterae
640 1983 686 2041 vcl
715 1982 856 2059 syllabae.
903 1982 1039 2041 sedboc
1067 2002 1126 2042 non
1154 1982 1305 2061 probabili
1334 1984 1448 2042 ratione
1471 1984 1634 2061 prolerlnr:

341 2104 409 2146 nam
431 2104 499 2145 curn
526 2086 615 2145 buius
643 2084 722 2144 modi
753 2082 1007 2144 barbarismorum
1036 2087 1140 2144 vitium
1168 2086 1296 2143 divisum
1320 2085 1358 2143 sit
1381 2086 1460 2143 inter
1482 2084 1613 2144 barbaris.-

341 2206 422 2247 mum
455 2196 484 2246 ιι
517 2186 728 2246 barbarolexin
762 2206 796 2245 ea
830 2189 959 2255 ratione,
994 2195 1028 2245 ιιι
1057 2186 1262 2246 barbarismus·
1292 2185 1366 2245 illud
1397 2185 1523 2255 dicatur,
1550 2186 1613 2264 ettad

340 2292 490 2367 cognitum
521 2292 549 2348 in
579 2290 671 2349 latina
699 2287 801 2365 lingna
829 2289 997 2367 prolatione
1027 2296 1140 2348 tanturn
1167 2296 1286 2367 preerat,
1316 2287 1519 2348 barbarolexis
1544 2288 1613 2347 illud.

341 2392 418 2473 qnod
441 2410 481 2452 ex
504 2391 628 2450 alterius
649 2393 747 2467 gentis
770 2391 870 2467 lingna
895 2394 1070 2459 arcessitur,
1094 2391 1150 2450 boc
1173 2390 1207 2449 ad
1231 2397 1370 2449 neutrum
1396 2393 1500 2450 relerri
1524 2400 1614 2469 potest.

340 2514 407 2553 nam
436 2492 641 2553 barbarolexis
669 2512 728 2551 non
757 2500 816 2560 est,
846 2494 915 2570 quia
943 2513 1000 2553 non
1025 2494 1138 2553 alienae
1161 2495 1259 2569 gentis
1281 2491 1457 2552 vocabulum
1480 2502 1537 2562 est;
1559 2492 1629 2551 bar-2

340 2596 490 2657 barismus
512 2615 571 2656 uon
595 2602 654 2664 est,
679 2597 818 2673 (proraiam
833 2614 892 2653 non
909 2595 969 2655 dici
991 2604 1088 2674 potest
1112 2596 1220 2655 melius
1242 2594 1333 2654 latine
1357 2597 1388 2654 in
1411 2598 1475 2673 ipso
1497 2614 1613 2655 uurnem.

340 2709 473 2760 remanet
495 2716 566 2775 ergo
588 2708 621 2756 ιιι
643 2699 836 2756 soloecismus
860 2700 898 2756 sil
921 2698 1120 2776 disputatione
1143 2696 1328 2774 regularum,
1351 2697 1613 2776 quoniamquidem

339 2802 465 2881 prolatio
498 2800 567 2859 talis
601 2806 704 2878 peccat
736 2800 768 2857 in
802 2801 946 2859 numeris.
992 2819 1027 2859 er
1055 2818 1113 2879 quo
1142 2791 1199 2859 ialn
1228 2807 1350 2878 apparet
1379 2802 1467 2859 etiam
1498 2799 1566 2859 illud
1591 2802 1612 2856 in

339 2904 569 2983 disputationem
593 2903 710 2969 sarrire,
734 2908 834 2960 utrum
859 2902 951 2960 dictio
974 2921 1031 2961 nna
1053 2902 1149 2980 possit
1172 2911 1201 2961 ct
1224 2901 1447 2962 barbarismum
1467 2902 1571 2962 babere
1592 2910 1611 2957 rt

339 3006 556 3066 soloecismum.
579 3004 636 3063 hoc
659 3006 703 3063 sic
725 3002 1006 3063 animadvertamus:
1030 3006 1080 3082 qui
1104 3004 1176 3063 dicit
1199 3022 1294 3073 ossna,
1319 3003 1532 3063 barbarismum
1554 3004 1651 3062 rariter

339 3126 394 3188 per
422 3107 619 3168 adiectionem
641 3106 778 3175 litterae;
808 3108 879 3165 item
902 3108 953 3185 qui
976 3106 1051 3165 dicit
1072 3115 1218 3175 strenuas,
1242 3104 1461 3165 barbarismum
1484 3107 1549 3165 iacit
1570 3124 1613 3183 per

341 3210 539 3270 adiectionem
562 3207 696 3267 eiusdem
719 3207 853 3266 litterae:
878 3207 980 3268 debuit
1003 3210 1083 3268 eninr
1106 3209 1205 3269 dicero
1228 3226 1294 3268 ossa
1318 3217 1347 3267 et
1370 3215 1495 3267 strenas.
1534 3226 1612 3285 porro

339 3314 390 3391 qui
413 3312 486 3371 dicit
509 3318 675 3379 strenuam,
712 3309 823 3369 dicitnr
850 3317 879 3368 ιι
907 3308 1126 3371 barbarismum
1154 3312 1252 3371 lacere
1282 3318 1311 3371 ct
1339 3310 1541 3371 soloecismum
1569 3328 1612 3387 per

339 3416 413 3474 artis
441 3414 574 3489 regulas,
603 3411 679 3490 quod
708 3420 824 3470 strenae
853 3412 998 3489 singulari
1028 3432 1151 3472 numero
1180 3431 1238 3472 non
1266 3413 1416 3473 dicuntur.
1462 3422 1490 3473 et
1513 3412 1544 3471 ad
1566 3412 1610 3470 bor

338 3517 427 3577 talem
455 3517 601 3575 rationem
629 3514 767 3573 adierunt
795 3515 970 3593 scriptores,
1006 3533 1130 3593 capaces
1159 3534 1225 3576 csse
1252 3534 1307 3595 per
1333 3524 1468 3576 naturam
1496 3514 1610 3589 singulas
1620 3502 1651 3581 nl

338 3626 438 3697 partes
461 3619 618 3686 orationis,
650 3624 681 3675 ut
704 3618 773 3675 vitia
803 3616 996 3695 multiplicata
1019 3618 1192 3696 suscipiant.
1238 3636 1305 3677 nam
1329 3616 1541 3677 barbarismum
1562 3632 1609 3672 non

337 3740 397 3781 uno
424 3720 511 3779 modo
538 3722 569 3779 in
598 3737 656 3779 una
686 3718 815 3778 dictione
843 3738 930 3797 posse
959 3720 1039 3789 lieri,
1064 3728 1095 3778 ut
1118 3721 1212 3799 siquis
1239 3720 1295 3779 boe
1326 3722 1424 3797 ipsum
1453 3718 1524 3798 qnod
1544 3718 1609 3775 diri·

338 3842 417 3892 mus,
442 3841 543 3892 ossua,
567 3820 711 3899 producta
733 3824 833 3899 priore
858 3819 969 3899 syllaba
992 3818 1183 3902 pronuthial.
1228 3824 1286 3881 erit
1315 3822 1395 3881 enim
1425 3820 1609 3881 barbarismus

337 3945 391 4005 per
418 3924 616 3984 adiectionem
644 3925 788 4001 temporis
815 3926 846 3982 in
874 3926 971 4002 prima
999 3923 1110 4002 syllaba
1139 3931 1168 3983 et
1196 3942 1250 4002 per
1278 3923 1475 3982 adiectionem
1507 3922 1607 3981 litterar

338 4030 368 4087 in
391 4026 520 4087 secunda
542 4023 665 4103 syllaba.
710 4028 782 4084 item
804 4044 891 4105 apso:
919 4044 986 4085 nam
1010 4045 1025 4086 a
1048 4026 1126 4105 quod
1150 4034 1213 4085 erat
1236 4026 1373 4086 ultimum
1397 4032 1634 4085 transnnrtarnuso

407 4301 468 4349 llit
485 4300 652 4348 Burmannus
667 4300 699 4347 sit
717 4298 748 4347 M
817 4296 927 4363 'lllnutJ
945 4308 1003 4349 sunt
1019 4297 1052 4347 M
1121 4298 1238 4349 stactae
1257 4302 1291 4351 ibi
1308 4298 1338 4347 M
1407 4296 1548 4365 arpenta!

338 4371 370 4421 13
390 4385 495 4419 casuum
512 4368 676 4419 Butbnannos
694 4384 781 4419 casum
800 4370 831 4419 M
891 4369 923 4419 14
942 4384 998 4417 eum
1020 4370 1152 4419 Orantem
1170 4372 1235 4419 enirn
1255 4370 1287 4419 M
1356 4369 1388 4421 17
1407 4368 1564 4420 barbaralerin
1579 4364 1604 4413 ,ll
1650 4346 1651 4431 l

404 4455 435 4487 ea
452 4439 516 4488 ratio
535 4449 573 4488 est
591 4449 618 4488 ut
632 4440 743 4489 Clemens
797 4437 829 4487 18
848 4438 1022 4488 barbarolexis
1040 4438 1102 4488 illud
1121 4440 1189 4503 quod
1208 4439 1311 4489 alterius
1331 4440 1440 4491 Clemens
1453 4436 1603 4489 barbarolexis

337 4508 401 4557 illud
414 4519 453 4558 est
470 4510 539 4572 quod
559 4508 662 4559 alterius
679 4509 709 4559 M
781 4508 813 4559 19
832 4508 921 4557 reterri
942 4510 1050 4559 Clemens
1069 4508 1164 4559 adlerri
1184 4509 1213 4558 M
1283 4510 1317 4559 20
1335 4510 1502 4559 barbarolexis
1518 4508 1544 4556 all

336 4580 367 4628 21
386 4580 505 4641 quoniam
525 4594 574 4627 nou
593 4580 645 4628 diei
663 4588 747 4644 potest
766 4577 856 4626 melius
876 4577 952 4627 latine
969 4581 1025 4643 ipso
1045 4594 1159 4632 urrmero.
1198 4587 1310 4629 remanet
1329 4596 1391 4645 ergo
1410 4591 1436 4629 ut
1453 4581 1484 4630 sit
1499 4577 1601 4627 soloecis·

336 4664 393 4696 urus
412 4650 583 4714 disputatione
607 4648 753 4713 regularum
771 4648 846 4697 babet
865 4649 967 4711 quidem
986 4650 1094 4715 prolatio
1113 4650 1170 4699 talis
1190 4651 1257 4711 quod
1276 4660 1364 4715 peccet
1388 4651 1413 4699 in
1439 4648 1538 4699 numeris
1554 4647 1601 4694 Cle·

335 4733 405 4767 rueris
458 4720 492 4767 25
508 4716 555 4785 sic]
571 4718 593 4767 si
609 4718 643 4766 M
691 4714 880 4783 28strenuam]
902 4728 1010 4769 strenam
1029 4722 1225 4773 concubinam.
1244 4730 1371 4769 strenuam
1387 4720 1418 4769 M
1466 4712 1601 4767 dicauturll

388 4787 420 4838 31
441 4790 581 4837 orationum
600 4788 633 4837 M
683 4789 855 4837 barbarismus
874 4787 907 4835 M
973 4788 1007 4839 32
1026 4790 1102 4854 ipsud
1119 4789 1153 4838 M
1220 4792 1253 4841 35
1271 4804 1332 4855 apse
1349 4806 1398 4853 pro
1417 4788 1600 4854 capsam-ipra

334 4864 441 4918 propter
461 4858 626 4918 definitionem
644 4856 796 4906 barbarismi
811 4873 875 4921 quae
893 4860 1004 4923 sequitur
1021 4862 1108 4909 errori
1122 4862 1278 4921 prarrmmtict'
1293 4860 1444 4909 tribuendum
1457 4856 1542 4907 uidebar
