<?xml version="1.0" encoding="UTF-8"?>
<!DOCTYPE html PUBLIC "-//W3C//DTD XHTML 1.0 Transitional//EN"
    "http://www.w3.org/TR/xhtml1/DTD/xhtml1-transitional.dtd">
<html xmlns="http://www.w3.org/1999/xhtml" xml:lang="en" lang="en">
 <head>
  <title>
</title>
<meta http-equiv="Content-Type" content="text/html;charset=utf-8" />
  <meta name='ocr-system' content='tesseract 3.04.00' />
  <meta name='ocr-capabilities' content='ocr_page ocr_carea ocr_par ocr_line ocrx_word'/>
</head>
<body>
  <div class='ocr_page' id='page_1' title='image "./grammaticilatin02hagagoog_0053.png"; bbox 0 0 3350 5442; ppageno 0'>
   <div class='ocr_carea' id='block_1_1' title="bbox 306 363 1045 430">
    <p class='ocr_par' dir='ltr' id='par_1_1' title="bbox 306 363 1045 430">
     <span class='ocr_line' id='line_1_1' title="bbox 306 363 1045 430; baseline -0.004 0"><span class='ocrx_word' id='word_1_1' title='bbox 306 363 350 430; x_wconf 89' lang='grc'><strong>44</strong></span> <span class='ocrx_word' id='word_1_2' title='bbox 870 366 1045 428; x_wconf 75' lang='lat' dir='ltr'><strong>aiuncurt</strong></span> 
     </span>
    </p>
   </div>
   <div class='ocr_carea' id='block_1_2' title="bbox 189 474 1670 3815">
    <p class='ocr_par' dir='ltr' id='par_1_2' title="bbox 189 474 1670 3815">
     <span class='ocr_line' id='line_1_2' title="bbox 333 474 513 529; baseline -0.006 -14"><span class='ocrx_word' id='word_1_3' title='bbox 333 489 353 529; x_wconf 91' lang='lat' dir='ltr'><strong>p.</strong></span> <span class='ocrx_word' id='word_1_4' title='bbox 369 478 425 516; x_wconf 77' lang='lat' dir='ltr'><strong>taen.</strong></span> <span class='ocrx_word' id='word_1_5' title='bbox 438 477 477 517; x_wconf 87' lang='grc'><strong>900</strong></span> <span class='ocrx_word' id='word_1_6' title='bbox 490 474 513 516; x_wconf 83' lang='grc' dir='ltr'><strong>Ρ.</strong></span> 
     </span>
     <span class='ocr_line' id='line_1_3' title="bbox 307 548 1670 636; baseline 0.002 -20"><span class='ocrx_word' id='word_1_7' title='bbox 307 555 375 616; x_wconf 92' lang='lat' dir='ltr'><strong>buic</strong></span> <span class='ocrx_word' id='word_1_8' title='bbox 398 562 444 616; x_wconf 92' lang='lat' dir='ltr'><strong>est</strong></span> <span class='ocrx_word' id='word_1_9' title='bbox 465 555 583 627; x_wconf 79' lang='lat' dir='ltr'><strong>infelix,</strong></span> <span class='ocrx_word' id='word_1_10' title='bbox 607 573 681 633; x_wconf 93' lang='lat' dir='ltr'><strong>quae</strong></span> <span class='ocrx_word' id='word_1_11' title='bbox 705 563 750 617; x_wconf 89' lang='lat' dir='ltr'><strong>est</strong></span> <span class='ocrx_word' id='word_1_12' title='bbox 770 558 865 635; x_wconf 92' lang='lat' dir='ltr'><strong>prima</strong></span> <span class='ocrx_word' id='word_1_13' title='bbox 881 557 1047 635; x_wconf 75' lang='lat' dir='ltr'><strong>conpositio</strong></span> <span class='ocrx_word' id='word_1_14' title='bbox 1069 551 1215 636; x_wconf 86' lang='lat' dir='ltr'><strong>[inielir];</strong></span> <span class='ocrx_word' id='word_1_15' title='bbox 1240 554 1370 616; x_wconf 88' lang='lat' dir='ltr'><strong>secunda</strong></span> <span class='ocrx_word' id='word_1_16' title='bbox 1392 574 1457 616; x_wconf 90' lang='lat' dir='ltr'><strong>esse</strong></span> <span class='ocrx_word' id='word_1_17' title='bbox 1472 574 1533 616; x_wconf 93' lang='lat' dir='ltr'><strong>non</strong></span> <span class='ocrx_word' id='word_1_18' title='bbox 1548 574 1595 634; x_wconf 93' lang='lat' dir='ltr'><strong>po·</strong></span> <span class='ocrx_word' id='word_1_19' title='bbox 1669 548 1670 619; x_wconf 64' lang='grc' dir='ltr'>Ξ</span> 
     </span>
     <span class='ocr_line' id='line_1_4' title="bbox 306 656 1596 737; baseline -0.002 -18"><span class='ocrx_word' id='word_1_20' title='bbox 306 666 377 728; x_wconf 86' lang='lat' dir='ltr'><strong>test,</strong></span> <span class='ocrx_word' id='word_1_21' title='bbox 409 658 438 718; x_wconf 88' lang='lat' dir='ltr'><strong>id</strong></span> <span class='ocrx_word' id='word_1_22' title='bbox 468 666 513 720; x_wconf 88' lang='lat' dir='ltr'><strong>est</strong></span> <span class='ocrx_word' id='word_1_23' title='bbox 540 677 599 719; x_wconf 94' lang='lat' dir='ltr'><strong>non</strong></span> <span class='ocrx_word' id='word_1_24' title='bbox 629 659 698 718; x_wconf 88' lang='lat' dir='ltr'><strong>lacit</strong></span> <span class='ocrx_word' id='word_1_25' title='bbox 726 656 873 728; x_wconf 89' lang='lat' dir='ltr'><strong>ininlelix,</strong></span> <span class='ocrx_word' id='word_1_26' title='bbox 903 676 941 719; x_wconf 88' lang='lat' dir='ltr'><strong>ne</strong></span> <span class='ocrx_word' id='word_1_27' title='bbox 964 657 1095 720; x_wconf 89' lang='lat' dir='ltr'><strong>videatur</strong></span> <span class='ocrx_word' id='word_1_28' title='bbox 1118 657 1154 718; x_wconf 93' lang='lat' dir='ltr'><strong>ad</strong></span> <span class='ocrx_word' id='word_1_29' title='bbox 1179 660 1310 737; x_wconf 91' lang='lat' dir='ltr'><strong>primum</strong></span> <span class='ocrx_word' id='word_1_30' title='bbox 1331 676 1450 718; x_wconf 89' lang='lat' dir='ltr'><strong>sensum</strong></span> <span class='ocrx_word' id='word_1_31' title='bbox 1473 659 1596 718; x_wconf 89' lang='lat' dir='ltr'><strong>nominis</strong></span> 
     </span>
     <span class='ocr_line' id='line_1_5' title="bbox 189 754 1595 840; baseline 0.002 -24"><span class='ocrx_word' id='word_1_32' title='bbox 189 754 247 829; x_wconf 76' lang='lat' dir='ltr'><strong>sti,</strong></span> <span class='ocrx_word' id='word_1_33' title='bbox 264 769 293 817; x_wconf 85' lang='lat'><strong>13</strong></span> <span class='ocrx_word' id='word_1_34' title='bbox 306 759 448 840; x_wconf 88' lang='lat' dir='ltr'><strong>simplicis</strong></span> <span class='ocrx_word' id='word_1_35' title='bbox 472 778 618 821; x_wconf 89' lang='lat' dir='ltr'><strong>remeare.</strong></span> <span class='ocrx_word' id='word_1_36' title='bbox 634 793 676 804; x_wconf 93' lang='lat'>-</span> <span class='ocrx_word' id='word_1_37' title='bbox 698 759 761 821; x_wconf 89' lang='lat' dir='ltr'><strong>Vel</strong></span> <span class='ocrx_word' id='word_1_38' title='bbox 783 761 1170 822; x_wconf 77' lang='lat' dir='ltr'><strong>senatusconsultum:</strong></span> <span class='ocrx_word' id='word_1_39' title='bbox 1195 761 1393 821; x_wconf 91' lang='lat' dir='ltr'><strong>nominativus</strong></span> <span class='ocrx_word' id='word_1_40' title='bbox 1408 759 1465 821; x_wconf 92' lang='lat' dir='ltr'><strong>hoc</strong></span> <span class='ocrx_word' id='word_1_41' title='bbox 1482 759 1595 821; x_wconf 90' lang='lat' dir='ltr'><strong>consul·</strong></span> 
     </span>
     <span class='ocr_line' id='line_1_6' title="bbox 305 861 1596 942; baseline -0.001 -20"><span class='ocrx_word' id='word_1_42' title='bbox 305 869 381 934; x_wconf 90' lang='lat' dir='ltr'><strong>tum,</strong></span> <span class='ocrx_word' id='word_1_43' title='bbox 404 869 524 924; x_wconf 87' lang='lat' dir='ltr'><strong>senatus</strong></span> <span class='ocrx_word' id='word_1_44' title='bbox 538 865 690 942; x_wconf 82' lang='lat' dir='ltr'><strong>genetivus</strong></span> <span class='ocrx_word' id='word_1_45' title='bbox 705 872 748 924; x_wconf 89' lang='lat' dir='ltr'><strong>est</strong></span> <span class='ocrx_word' id='word_1_46' title='bbox 766 865 882 924; x_wconf 91' lang='lat' dir='ltr'><strong>numeri</strong></span> <span class='ocrx_word' id='word_1_47' title='bbox 896 862 1064 941; x_wconf 89' lang='lat' dir='ltr'><strong>singularis.</strong></span> <span class='ocrx_word' id='word_1_48' title='bbox 1103 882 1175 942; x_wconf 91' lang='lat' dir='ltr'><strong>ergo</strong></span> <span class='ocrx_word' id='word_1_49' title='bbox 1189 861 1477 925; x_wconf 75' lang='lat' dir='ltr'><strong>senatusconsultum</strong></span> <span class='ocrx_word' id='word_1_50' title='bbox 1494 865 1550 931; x_wconf 89' lang='lat' dir='ltr'><strong>sic,</strong></span> <span class='ocrx_word' id='word_1_51' title='bbox 1567 881 1596 922; x_wconf 88' lang='lat' dir='ltr'><strong>ae</strong></span> 
     </span>
     <span class='ocr_line' id='line_1_7' title="bbox 305 965 1619 1046; baseline -0.002 -20"><span class='ocrx_word' id='word_1_52' title='bbox 305 967 330 1026; x_wconf 89' lang='lat' dir='ltr'><strong>si</strong></span> <span class='ocrx_word' id='word_1_53' title='bbox 346 965 458 1026; x_wconf 90' lang='lat' dir='ltr'><strong>diceret</strong></span> <span class='ocrx_word' id='word_1_54' title='bbox 472 965 765 1046; x_wconf 86' lang='lat' dir='ltr'><strong>patrumconsultom.</strong></span> <span class='ocrx_word' id='word_1_55' title='bbox 777 1001 819 1011; x_wconf 90' lang='lat'>—</span> <span class='ocrx_word' id='word_1_56' title='bbox 831 966 955 1028; x_wconf 89' lang='lat' dir='ltr'><strong>Nomina</strong></span> <span class='ocrx_word' id='word_1_57' title='bbox 971 968 1092 1046; x_wconf 92' lang='lat' dir='ltr'><strong>propria</strong></span> <span class='ocrx_word' id='word_1_58' title='bbox 1107 967 1228 1027; x_wconf 90' lang='lat' dir='ltr'><strong>omnino</strong></span> <span class='ocrx_word' id='word_1_59' title='bbox 1241 984 1300 1027; x_wconf 94' lang='lat' dir='ltr'><strong>non</strong></span> <span class='ocrx_word' id='word_1_60' title='bbox 1311 972 1435 1046; x_wconf 88' lang='lat' dir='ltr'><strong>possunt</strong></span> <span class='ocrx_word' id='word_1_61' title='bbox 1450 967 1619 1044; x_wconf 73' lang='lat' dir='ltr'><strong>compenis</strong></span> 
     </span>
     <span class='ocr_line' id='line_1_8' title="bbox 210 1067 1598 1130; baseline 0.004 -8"><span class='ocrx_word' id='word_1_62' title='bbox 210 1075 250 1123; x_wconf 83' lang='lat'><strong>15.</strong></span> <span class='ocrx_word' id='word_1_63' title='bbox 266 1075 296 1124; x_wconf 85' lang='lat'><strong>16</strong></span> <span class='ocrx_word' id='word_1_64' title='bbox 394 1068 505 1129; x_wconf 81' lang='lat' dir='ltr'><strong>Casus</strong></span> <span class='ocrx_word' id='word_1_65' title='bbox 533 1075 618 1130; x_wconf 92' lang='lat' dir='ltr'><strong>sunt</strong></span> <span class='ocrx_word' id='word_1_66' title='bbox 644 1087 720 1130; x_wconf 83' lang='lat' dir='ltr'><strong>sex:</strong></span> <span class='ocrx_word' id='word_1_67' title='bbox 749 1085 833 1129; x_wconf 88' lang='lat' dir='ltr'><strong>casus</strong></span> <span class='ocrx_word' id='word_1_68' title='bbox 861 1087 877 1128; x_wconf 96' lang='lat' dir='ltr'><strong>a</strong></span> <span class='ocrx_word' id='word_1_69' title='bbox 905 1068 1038 1129; x_wconf 89' lang='lat' dir='ltr'><strong>cadendo</strong></span> <span class='ocrx_word' id='word_1_70' title='bbox 1066 1069 1145 1129; x_wconf 91' lang='lat' dir='ltr'><strong>dicti.</strong></span> <span class='ocrx_word' id='word_1_71' title='bbox 1175 1103 1217 1115; x_wconf 94' lang='lat'><em>-</em></span> <span class='ocrx_word' id='word_1_72' title='bbox 1244 1069 1292 1129; x_wconf 83' lang='lat' dir='ltr'><strong>Ex</strong></span> <span class='ocrx_word' id='word_1_73' title='bbox 1321 1068 1377 1128; x_wconf 88' lang='lat' dir='ltr'><strong>bis</strong></span> <span class='ocrx_word' id='word_1_74' title='bbox 1406 1067 1476 1128; x_wconf 92' lang='lat' dir='ltr'><strong>duo</strong></span> <span class='ocrx_word' id='word_1_75' title='bbox 1504 1070 1598 1128; x_wconf 93' lang='lat' dir='ltr'><strong>recti</strong></span> 
     </span>
     <span class='ocr_line' id='line_1_9' title="bbox 306 1169 1597 1252; baseline -0.002 -20"><span class='ocrx_word' id='word_1_76' title='bbox 306 1169 558 1252; x_wconf 89' lang='lat' dir='ltr'><strong>appellantur:</strong></span> <span class='ocrx_word' id='word_1_77' title='bbox 592 1169 756 1232; x_wconf 87' lang='lat' dir='ltr'><strong>secundum</strong></span> <span class='ocrx_word' id='word_1_78' title='bbox 792 1172 928 1248; x_wconf 87' lang='lat' dir='ltr'><strong>antiquos</strong></span> <span class='ocrx_word' id='word_1_79' title='bbox 960 1173 1035 1231; x_wconf 87' lang='lat' dir='ltr'><strong>recti</strong></span> <span class='ocrx_word' id='word_1_80' title='bbox 1063 1170 1201 1252; x_wconf 76' lang='lat' dir='ltr'><strong>appetisti</strong></span> <span class='ocrx_word' id='word_1_81' title='bbox 1227 1179 1310 1241; x_wconf 90' lang='lat' dir='ltr'><strong>sunt,</strong></span> <span class='ocrx_word' id='word_1_82' title='bbox 1345 1189 1404 1232; x_wconf 91' lang='lat' dir='ltr'><strong>non</strong></span> <span class='ocrx_word' id='word_1_83' title='bbox 1437 1169 1597 1232; x_wconf 86' lang='lat' dir='ltr'><strong>secuudum</strong></span> 
     </span>
     <span class='ocr_line' id='line_1_10' title="bbox 304 1273 1670 1354; baseline -0.001 -20"><span class='ocrx_word' id='word_1_84' title='bbox 304 1281 491 1352; x_wconf 85' lang='lat' dir='ltr'><strong>praesentem</strong></span> <span class='ocrx_word' id='word_1_85' title='bbox 513 1291 608 1334; x_wconf 93' lang='lat' dir='ltr'><strong>usum.</strong></span> <span class='ocrx_word' id='word_1_86' title='bbox 647 1273 683 1332; x_wconf 92' lang='lat' dir='ltr'><strong>de</strong></span> <span class='ocrx_word' id='word_1_87' title='bbox 709 1274 890 1333; x_wconf 89' lang='lat' dir='ltr'><strong>nominativo</strong></span> <span class='ocrx_word' id='word_1_88' title='bbox 918 1292 986 1334; x_wconf 90' lang='lat' dir='ltr'><strong>casu</strong></span> <span class='ocrx_word' id='word_1_89' title='bbox 1015 1273 1179 1344; x_wconf 90' lang='lat' dir='ltr'><strong>dubitatur,</strong></span> <span class='ocrx_word' id='word_1_90' title='bbox 1209 1275 1358 1354; x_wconf 92' lang='lat' dir='ltr'><strong>quianon</strong></span> <span class='ocrx_word' id='word_1_91' title='bbox 1385 1280 1499 1353; x_wconf 86' lang='lat' dir='ltr'><strong>potest,</strong></span> <span class='ocrx_word' id='word_1_92' title='bbox 1527 1274 1600 1333; x_wconf 92' lang='lat' dir='ltr'><strong>sicut</strong></span> <span class='ocrx_word' id='word_1_93' title='bbox 1669 1312 1670 1315; x_wconf 55' lang='lat'><em>=</em></span> 
     </span>
     <span class='ocr_line' id='line_1_11' title="bbox 306 1375 1598 1447; baseline -0.002 -11"><span class='ocrx_word' id='word_1_94' title='bbox 306 1375 374 1447; x_wconf 89' lang='lat' dir='ltr'><strong>alii,</strong></span> <span class='ocrx_word' id='word_1_95' title='bbox 403 1378 599 1437; x_wconf 90' lang='lat' dir='ltr'><strong>nominativus</strong></span> <span class='ocrx_word' id='word_1_96' title='bbox 621 1375 743 1445; x_wconf 90' lang='lat' dir='ltr'><strong>cadere,</strong></span> <span class='ocrx_word' id='word_1_97' title='bbox 772 1381 804 1436; x_wconf 93' lang='lat' dir='ltr'><strong>ut</strong></span> <span class='ocrx_word' id='word_1_98' title='bbox 830 1375 879 1435; x_wconf 90' lang='lat' dir='ltr'><strong>bic</strong></span> <span class='ocrx_word' id='word_1_99' title='bbox 902 1384 1043 1436; x_wconf 89' lang='lat' dir='ltr'><strong>nestero</strong></span> <span class='ocrx_word' id='word_1_100' title='bbox 1066 1385 1176 1438; x_wconf 90' lang='lat' dir='ltr'><strong>noster.</strong></span> <span class='ocrx_word' id='word_1_101' title='bbox 1199 1411 1242 1422; x_wconf 92' lang='lat'><strong>—-</strong></span> <span class='ocrx_word' id='word_1_102' title='bbox 1263 1377 1371 1436; x_wconf 87' lang='lat' dir='ltr'><strong>llecti</strong></span> <span class='ocrx_word' id='word_1_103' title='bbox 1399 1377 1598 1435; x_wconf 90' lang='lat' dir='ltr'><strong>nominati-</strong></span> 
     </span>
     <span class='ocr_line' id='line_1_12' title="bbox 306 1477 1632 1559; baseline -0.001 -22"><span class='ocrx_word' id='word_1_104' title='bbox 306 1497 370 1540; x_wconf 90' lang='lat' dir='ltr'><strong>vus</strong></span> <span class='ocrx_word' id='word_1_105' title='bbox 399 1486 434 1539; x_wconf 90' lang='lat' dir='ltr'><strong>et</strong></span> <span class='ocrx_word' id='word_1_106' title='bbox 462 1479 664 1541; x_wconf 81' lang='lat' dir='ltr'><strong>vocativus:</strong></span> <span class='ocrx_word' id='word_1_107' title='bbox 699 1479 878 1547; x_wconf 73' lang='lat' dir='ltr'><strong>recusum,</strong></span> <span class='ocrx_word' id='word_1_108' title='bbox 907 1481 974 1558; x_wconf 90' lang='lat' dir='ltr'><strong>quia</strong></span> <span class='ocrx_word' id='word_1_109' title='bbox 996 1477 1162 1558; x_wconf 82' lang='lat' dir='ltr'><strong>analogiam</strong></span> <span class='ocrx_word' id='word_1_110' title='bbox 1184 1485 1365 1559; x_wconf 88' lang='lat' dir='ltr'><strong>sequuntur,</strong></span> <span class='ocrx_word' id='word_1_111' title='bbox 1393 1477 1507 1558; x_wconf 90' lang='lat' dir='ltr'><strong>obliqui</strong></span> <span class='ocrx_word' id='word_1_112' title='bbox 1529 1489 1632 1538; x_wconf 86' lang='lat' dir='ltr'><strong>non.1⁰</strong></span> 
     </span>
     <span class='ocr_line' id='line_1_13' title="bbox 308 1575 1600 1665; baseline -0.002 -23"><span class='ocrx_word' id='word_1_113' title='bbox 308 1579 529 1663; x_wconf 87' lang='lat' dir='ltr'><strong>[ablativum</strong></span> <span class='ocrx_word' id='word_1_114' title='bbox 543 1575 557 1665; x_wconf 72' lang='lat' dir='ltr'><strong>ll</strong></span> <span class='ocrx_word' id='word_1_115' title='bbox 573 1581 705 1642; x_wconf 87' lang='lat' dir='ltr'><strong>Graeci</strong></span> <span class='ocrx_word' id='word_1_116' title='bbox 734 1597 803 1640; x_wconf 94' lang='lat' dir='ltr'><strong>non</strong></span> <span class='ocrx_word' id='word_1_117' title='bbox 832 1578 1000 1661; x_wconf 89' lang='lat' dir='ltr'><strong>habent].</strong></span> <span class='ocrx_word' id='word_1_118' title='bbox 1037 1583 1109 1642; x_wconf 92' lang='lat' dir='ltr'><strong>recti</strong></span> <span class='ocrx_word' id='word_1_119' title='bbox 1133 1601 1220 1642; x_wconf 91' lang='lat' dir='ltr'><strong>casus</strong></span> <span class='ocrx_word' id='word_1_120' title='bbox 1240 1587 1310 1641; x_wconf 91' lang='lat' dir='ltr'><strong>sunt</strong></span> <span class='ocrx_word' id='word_1_121' title='bbox 1333 1582 1529 1641; x_wconf 81' lang='lat' dir='ltr'><strong>nominativus</strong></span> <span class='ocrx_word' id='word_1_122' title='bbox 1548 1587 1554 1655; x_wconf 82' lang='grc' dir='ltr'>Ι</span> <span class='ocrx_word' id='word_1_123' title='bbox 1573 1588 1600 1640; x_wconf 89' lang='lat' dir='ltr'><strong>et</strong></span> 
     </span>
     <span class='ocr_line' id='line_1_14' title="bbox 307 1682 1599 1762; baseline 0 -20"><span class='ocrx_word' id='word_1_124' title='bbox 307 1685 455 1744; x_wconf 88' lang='lat' dir='ltr'><strong>vocativus</strong></span> <span class='ocrx_word' id='word_1_125' title='bbox 475 1685 508 1743; x_wconf 91' lang='lat' dir='ltr'><strong>in</strong></span> <span class='ocrx_word' id='word_1_126' title='bbox 528 1685 623 1762; x_wconf 92' lang='lat' dir='ltr'><strong>prima</strong></span> <span class='ocrx_word' id='word_1_127' title='bbox 646 1685 733 1744; x_wconf 89' lang='lat' dir='ltr'><strong>tertia</strong></span> <span class='ocrx_word' id='word_1_128' title='bbox 755 1691 859 1762; x_wconf 86' lang='lat' dir='ltr'><strong>quarta</strong></span> <span class='ocrx_word' id='word_1_129' title='bbox 882 1689 911 1744; x_wconf 90' lang='lat' dir='ltr'><strong>et</strong></span> <span class='ocrx_word' id='word_1_130' title='bbox 925 1685 1026 1762; x_wconf 90' lang='lat' dir='ltr'><strong>quinta</strong></span> <span class='ocrx_word' id='word_1_131' title='bbox 1042 1683 1252 1753; x_wconf 89' lang='lat' dir='ltr'><strong>declinatione;</strong></span> <span class='ocrx_word' id='word_1_132' title='bbox 1277 1689 1409 1744; x_wconf 90' lang='lat' dir='ltr'><strong>ceterum</strong></span> <span class='ocrx_word' id='word_1_133' title='bbox 1424 1685 1455 1744; x_wconf 93' lang='lat' dir='ltr'><strong>in</strong></span> <span class='ocrx_word' id='word_1_134' title='bbox 1471 1682 1599 1743; x_wconf 90' lang='lat' dir='ltr'><strong>secunda</strong></span> 
     </span>
     <span class='ocr_line' id='line_1_15' title="bbox 307 1784 1601 1873; baseline -0.002 -26"><span class='ocrx_word' id='word_1_135' title='bbox 307 1804 367 1847; x_wconf 92' lang='lat' dir='ltr'><strong>non</strong></span> <span class='ocrx_word' id='word_1_136' title='bbox 388 1803 548 1873; x_wconf 90' lang='lat' dir='ltr'><strong>numquam</strong></span> <span class='ocrx_word' id='word_1_137' title='bbox 570 1788 723 1848; x_wconf 81' lang='lat' dir='ltr'><strong>vocativus</strong></span> <span class='ocrx_word' id='word_1_138' title='bbox 743 1785 871 1866; x_wconf 92' lang='lat' dir='ltr'><strong>oblique,</strong></span> <span class='ocrx_word' id='word_1_139' title='bbox 894 1792 927 1848; x_wconf 90' lang='lat' dir='ltr'><strong>ut</strong></span> <span class='ocrx_word' id='word_1_140' title='bbox 946 1784 995 1846; x_wconf 91' lang='lat' dir='ltr'><strong>hie</strong></span> <span class='ocrx_word' id='word_1_141' title='bbox 1016 1785 1119 1847; x_wconf 85' lang='lat' dir='ltr'><strong>doctus</strong></span> <span class='ocrx_word' id='word_1_142' title='bbox 1140 1804 1157 1846; x_wconf 93' lang='lat' dir='ltr'><strong>o</strong></span> <span class='ocrx_word' id='word_1_143' title='bbox 1177 1785 1272 1847; x_wconf 85' lang='lat' dir='ltr'><strong>docte.</strong></span> <span class='ocrx_word' id='word_1_144' title='bbox 1295 1803 1474 1865; x_wconf 89' lang='lat' dir='ltr'><strong>quamquam</strong></span> <span class='ocrx_word' id='word_1_145' title='bbox 1489 1787 1601 1862; x_wconf 85' lang='lat' dir='ltr'><strong>antiqui</strong></span> 
     </span>
     <span class='ocr_line' id='line_1_16' title="bbox 308 1887 1446 1970; baseline -0.001 -21"><span class='ocrx_word' id='word_1_146' title='bbox 308 1891 395 1950; x_wconf 91' lang='lat' dir='ltr'><strong>etiam</strong></span> <span class='ocrx_word' id='word_1_147' title='bbox 410 1890 508 1968; x_wconf 93' lang='lat' dir='ltr'><strong>ipsum</strong></span> <span class='ocrx_word' id='word_1_148' title='bbox 524 1905 624 1950; x_wconf 90' lang='lat' dir='ltr'><strong>casum</strong></span> <span class='ocrx_word' id='word_1_149' title='bbox 647 1895 762 1949; x_wconf 84' lang='lat' dir='ltr'><strong>rectum</strong></span> <span class='ocrx_word' id='word_1_150' title='bbox 783 1887 945 1960; x_wconf 86' lang='lat' dir='ltr'><strong>iaciebant,</strong></span> <span class='ocrx_word' id='word_1_151' title='bbox 969 1897 1003 1951; x_wconf 84' lang='lat' dir='ltr'><strong>ut</strong></span> <span class='ocrx_word' id='word_1_152' title='bbox 1023 1898 1067 1952; x_wconf 86' lang='lat' dir='ltr'><strong>cst</strong></span> <span class='ocrx_word' id='word_1_153' title='bbox 1086 1889 1158 1950; x_wconf 92' lang='lat' dir='ltr'><strong>illud</strong></span> <span class='ocrx_word' id='word_1_154' title='bbox 1182 1889 1259 1970; x_wconf 90' lang='lat' dir='ltr'><strong>apud</strong></span> <span class='ocrx_word' id='word_1_155' title='bbox 1275 1887 1446 1966; x_wconf 82' lang='lat' dir='ltr'><strong>Vergilium,</strong></span> 
     </span>
     <span class='ocr_line' id='line_1_17' title="bbox 459 1990 1636 2072; baseline -0.001 -22"><span class='ocrx_word' id='word_1_156' title='bbox 459 1990 528 2051; x_wconf 93' lang='lat' dir='ltr'><strong>duc</strong></span> <span class='ocrx_word' id='word_1_157' title='bbox 550 1991 601 2052; x_wconf 91' lang='lat' dir='ltr'><strong>ait</strong></span> <span class='ocrx_word' id='word_1_158' title='bbox 623 1998 658 2051; x_wconf 91' lang='lat' dir='ltr'><strong>et</strong></span> <span class='ocrx_word' id='word_1_159' title='bbox 679 1990 834 2052; x_wconf 89' lang='lat' dir='ltr'><strong>Rutulos</strong></span> <span class='ocrx_word' id='word_1_160' title='bbox 858 1993 1018 2072; x_wconf 88' lang='lat' dir='ltr'><strong>equitem</strong></span> <span class='ocrx_word' id='word_1_161' title='bbox 1041 1992 1232 2072; x_wconf 84' lang='lat' dir='ltr'><strong>Messapus</strong></span> <span class='ocrx_word' id='word_1_162' title='bbox 1251 1994 1288 2052; x_wconf 94' lang='lat' dir='ltr'><strong>in</strong></span> <span class='ocrx_word' id='word_1_163' title='bbox 1311 1992 1436 2064; x_wconf 90' lang='lat' dir='ltr'><strong>armis,</strong></span> <span class='ocrx_word' id='word_1_164' title='bbox 1612 1997 1636 2039; x_wconf 69' lang='lat'><strong>1⁵</strong></span> 
     </span>
     <span class='ocr_line' id='line_1_18' title="bbox 261 2093 1599 2175; baseline -0.001 -21"><span class='ocrx_word' id='word_1_165' title='bbox 261 2093 336 2154; x_wconf 80' lang='lat' dir='ltr'><strong>20id</strong></span> <span class='ocrx_word' id='word_1_166' title='bbox 366 2101 410 2154; x_wconf 91' lang='lat' dir='ltr'><strong>est</strong></span> <span class='ocrx_word' id='word_1_167' title='bbox 438 2093 627 2173; x_wconf 88' lang='lat' dir='ltr'><strong>olllessapus</strong></span> <span class='ocrx_word' id='word_1_168' title='bbox 655 2111 710 2172; x_wconf 92' lang='lat' dir='ltr'><strong>pro</strong></span> <span class='ocrx_word' id='word_1_169' title='bbox 738 2112 773 2154; x_wconf 94' lang='lat' dir='ltr'><strong>eo</strong></span> <span class='ocrx_word' id='word_1_170' title='bbox 802 2093 881 2173; x_wconf 92' lang='lat' dir='ltr'><strong>quod</strong></span> <span class='ocrx_word' id='word_1_171' title='bbox 909 2102 953 2155; x_wconf 89' lang='lat' dir='ltr'><strong>est</strong></span> <span class='ocrx_word' id='word_1_172' title='bbox 980 2095 1162 2175; x_wconf 87' lang='lat' dir='ltr'><strong>oblessape.</strong></span> <span class='ocrx_word' id='word_1_173' title='bbox 1185 2095 1367 2156; x_wconf 83' lang='lat' dir='ltr'><strong>—Etiam</strong></span> <span class='ocrx_word' id='word_1_174' title='bbox 1401 2095 1599 2173; x_wconf 89' lang='lat' dir='ltr'><strong>septimum</strong></span> 
     </span>
     <span class='ocr_line' id='line_1_19' title="bbox 307 2196 1601 2277; baseline -0.001 -22"><span class='ocrx_word' id='word_1_175' title='bbox 307 2213 443 2256; x_wconf 90' lang='lat' dir='ltr'><strong>casum:</strong></span> <span class='ocrx_word' id='word_1_176' title='bbox 468 2201 513 2255; x_wconf 94' lang='lat' dir='ltr'><strong>est</strong></span> <span class='ocrx_word' id='word_1_177' title='bbox 535 2203 564 2256; x_wconf 89' lang='lat' dir='ltr'><strong>et</strong></span> <span class='ocrx_word' id='word_1_178' title='bbox 585 2204 704 2256; x_wconf 90' lang='lat' dir='ltr'><strong>octavus</strong></span> <span class='ocrx_word' id='word_1_179' title='bbox 726 2215 811 2257; x_wconf 90' lang='lat' dir='ltr'><strong>casus</strong></span> <span class='ocrx_word' id='word_1_180' title='bbox 833 2196 931 2257; x_wconf 87' lang='lat' dir='ltr'><strong>dativo</strong></span> <span class='ocrx_word' id='word_1_181' title='bbox 952 2196 1071 2267; x_wconf 91' lang='lat' dir='ltr'><strong>similis,</strong></span> <span class='ocrx_word' id='word_1_182' title='bbox 1096 2199 1144 2277; x_wconf 91' lang='lat' dir='ltr'><strong>qui</strong></span> <span class='ocrx_word' id='word_1_183' title='bbox 1166 2215 1222 2276; x_wconf 90' lang='lat' dir='ltr'><strong>per</strong></span> <span class='ocrx_word' id='word_1_184' title='bbox 1236 2196 1432 2257; x_wconf 88' lang='lat' dir='ltr'><strong>accusativum</strong></span> <span class='ocrx_word' id='word_1_185' title='bbox 1448 2196 1601 2275; x_wconf 88' lang='lat' dir='ltr'><strong>prolertur</strong></span> 
     </span>
     <span class='ocr_line' id='line_1_20' title="bbox 309 2279 1599 2380; baseline -0.002 -21"><span class='ocrx_word' id='word_1_186' title='bbox 309 2305 338 2359; x_wconf 91' lang='lat' dir='ltr'><strong>et</strong></span> <span class='ocrx_word' id='word_1_187' title='bbox 360 2295 556 2359; x_wconf 88' lang='lat' dir='ltr'><strong>elocutionem</strong></span> <span class='ocrx_word' id='word_1_188' title='bbox 579 2297 661 2368; x_wconf 88' lang='lat' dir='ltr'><strong>iecit,</strong></span> <span class='ocrx_word' id='word_1_189' title='bbox 687 2305 719 2359; x_wconf 95' lang='lat' dir='ltr'><strong>ut</strong></span> <span class='ocrx_word' id='word_1_190' title='bbox 742 2279 928 2380; x_wconf 74' lang='lat' dir='ltr'><strong>‘propinquo</strong></span> <span class='ocrx_word' id='word_1_191' title='bbox 951 2302 1064 2369; x_wconf 91' lang='lat' dir='ltr'><strong>muro&#39;,</strong></span> <span class='ocrx_word' id='word_1_192' title='bbox 1087 2298 1145 2359; x_wconf 90' lang='lat' dir='ltr'><strong>boc</strong></span> <span class='ocrx_word' id='word_1_193' title='bbox 1167 2305 1213 2359; x_wconf 91' lang='lat' dir='ltr'><strong>est</strong></span> <span class='ocrx_word' id='word_1_194' title='bbox 1234 2298 1269 2359; x_wconf 91' lang='lat' dir='ltr'><strong>ad</strong></span> <span class='ocrx_word' id='word_1_195' title='bbox 1293 2316 1423 2358; x_wconf 91' lang='lat' dir='ltr'><strong>murum.</strong></span> <span class='ocrx_word' id='word_1_196' title='bbox 1462 2300 1599 2358; x_wconf 90' lang='lat' dir='ltr'><strong>nomina-</strong></span> 
     </span>
     <span class='ocr_line' id='line_1_21' title="bbox 306 2399 1600 2481; baseline 0 -21"><span class='ocrx_word' id='word_1_197' title='bbox 306 2402 382 2460; x_wconf 91' lang='lat' dir='ltr'><strong>tivus</strong></span> <span class='ocrx_word' id='word_1_198' title='bbox 404 2407 433 2460; x_wconf 87' lang='lat' dir='ltr'><strong>et</strong></span> <span class='ocrx_word' id='word_1_199' title='bbox 452 2401 595 2480; x_wconf 90' lang='lat' dir='ltr'><strong>septimus</strong></span> <span class='ocrx_word' id='word_1_200' title='bbox 611 2419 671 2462; x_wconf 93' lang='lat' dir='ltr'><strong>non</strong></span> <span class='ocrx_word' id='word_1_201' title='bbox 691 2419 851 2481; x_wconf 89' lang='lat' dir='ltr'><strong>numquam</strong></span> <span class='ocrx_word' id='word_1_202' title='bbox 866 2400 993 2462; x_wconf 90' lang='lat' dir='ltr'><strong>similem</strong></span> <span class='ocrx_word' id='word_1_203' title='bbox 1016 2403 1186 2481; x_wconf 86' lang='lat' dir='ltr'><strong>exprimunt</strong></span> <span class='ocrx_word' id='word_1_204' title='bbox 1200 2419 1336 2469; x_wconf 91' lang='lat' dir='ltr'><strong>sensum,</strong></span> <span class='ocrx_word' id='word_1_205' title='bbox 1360 2409 1391 2461; x_wconf 91' lang='lat' dir='ltr'><strong>ut</strong></span> <span class='ocrx_word' id='word_1_206' title='bbox 1407 2400 1523 2461; x_wconf 88' lang='lat' dir='ltr'><strong>doctior</strong></span> <span class='ocrx_word' id='word_1_207' title='bbox 1539 2399 1600 2470; x_wconf 93' lang='lat' dir='ltr'><strong>illo,</strong></span> 
     </span>
     <span class='ocr_line' id='line_1_22' title="bbox 261 2501 1636 2585; baseline 0 -23"><span class='ocrx_word' id='word_1_208' title='bbox 261 2509 293 2557; x_wconf 78' lang='lat'><strong>23</strong></span> <span class='ocrx_word' id='word_1_209' title='bbox 307 2503 422 2564; x_wconf 91' lang='lat' dir='ltr'><strong>doctior</strong></span> <span class='ocrx_word' id='word_1_210' title='bbox 443 2520 533 2578; x_wconf 84' lang='lat' dir='ltr'><strong>quom</strong></span> <span class='ocrx_word' id='word_1_211' title='bbox 555 2507 606 2564; x_wconf 83' lang='lat' dir='ltr'><strong>ille</strong></span> <span class='ocrx_word' id='word_1_212' title='bbox 629 2523 646 2554; x_wconf 80' lang='lat' dir='ltr'><strong>v</strong></span> <span class='ocrx_word' id='word_1_213' title='bbox 670 2501 779 2565; x_wconf 91' lang='lat' dir='ltr'><strong>abillo</strong></span> <span class='ocrx_word' id='word_1_214' title='bbox 802 2512 959 2582; x_wconf 87' lang='lat' dir='ltr'><strong>praesente</strong></span> <span class='ocrx_word' id='word_1_215' title='bbox 981 2507 1107 2585; x_wconf 87' lang='lat' dir='ltr'><strong>suscepi.</strong></span> <span class='ocrx_word' id='word_1_216' title='bbox 1133 2538 1170 2548; x_wconf 91' lang='lat'>-</span> <span class='ocrx_word' id='word_1_217' title='bbox 1194 2503 1285 2564; x_wconf 89' lang='lat' dir='ltr'><strong>Sunt</strong></span> <span class='ocrx_word' id='word_1_218' title='bbox 1312 2510 1429 2564; x_wconf 84' lang='lat' dir='ltr'><strong>auteur</strong></span> <span class='ocrx_word' id='word_1_219' title='bbox 1458 2503 1636 2562; x_wconf 72' lang='lat' dir='ltr'><strong>formasa</strong></span> 
     </span>
     <span class='ocr_line' id='line_1_23' title="bbox 307 2604 1605 2688; baseline -0.001 -23"><span class='ocrx_word' id='word_1_220' title='bbox 307 2604 476 2666; x_wconf 88' lang='lat' dir='ltr'><strong>casuales</strong></span> <span class='ocrx_word' id='word_1_221' title='bbox 505 2625 582 2666; x_wconf 82' lang='lat' dir='ltr'><strong>ser:</strong></span> <span class='ocrx_word' id='word_1_222' title='bbox 611 2606 725 2666; x_wconf 81' lang='lat' dir='ltr'><strong>formae</strong></span> <span class='ocrx_word' id='word_1_223' title='bbox 752 2608 824 2667; x_wconf 88' lang='lat' dir='ltr'><strong>istae</strong></span> <span class='ocrx_word' id='word_1_224' title='bbox 853 2605 985 2667; x_wconf 87' lang='lat' dir='ltr'><strong>casuales</strong></span> <span class='ocrx_word' id='word_1_225' title='bbox 1012 2626 1067 2688; x_wconf 92' lang='lat' dir='ltr'><strong>per</strong></span> <span class='ocrx_word' id='word_1_226' title='bbox 1089 2625 1173 2668; x_wconf 88' lang='lat' dir='ltr'><strong>casus</strong></span> <span class='ocrx_word' id='word_1_227' title='bbox 1202 2613 1417 2686; x_wconf 89' lang='lat' dir='ltr'><strong>agnoscuntur,</strong></span> <span class='ocrx_word' id='word_1_228' title='bbox 1445 2613 1481 2666; x_wconf 90' lang='lat' dir='ltr'><strong>ut</strong></span> <span class='ocrx_word' id='word_1_229' title='bbox 1507 2606 1605 2684; x_wconf 87' lang='lat' dir='ltr'><strong>possit</strong></span> 
     </span>
     <span class='ocr_line' id='line_1_24' title="bbox 307 2706 1603 2790; baseline 0 -23"><span class='ocrx_word' id='word_1_230' title='bbox 307 2706 410 2785; x_wconf 89' lang='lat' dir='ltr'><strong>regula</strong></span> <span class='ocrx_word' id='word_1_231' title='bbox 444 2710 598 2769; x_wconf 91' lang='lat' dir='ltr'><strong>nominum</strong></span> <span class='ocrx_word' id='word_1_232' title='bbox 632 2707 840 2770; x_wconf 86' lang='lat' dir='ltr'><strong>demonstrari.</strong></span> <span class='ocrx_word' id='word_1_233' title='bbox 893 2711 1158 2790; x_wconf 86' lang='lat' dir='ltr'><strong>quotienscumque</strong></span> <span class='ocrx_word' id='word_1_234' title='bbox 1194 2727 1303 2770; x_wconf 91' lang='lat' dir='ltr'><strong>nomen</strong></span> <span class='ocrx_word' id='word_1_235' title='bbox 1335 2709 1365 2768; x_wconf 91' lang='lat' dir='ltr'><strong>in</strong></span> <span class='ocrx_word' id='word_1_236' title='bbox 1400 2707 1603 2768; x_wconf 88' lang='lat' dir='ltr'><strong>declinatione</strong></span> 
     </span>
     <span class='ocr_line' id='line_1_25' title="bbox 308 2807 1603 2893; baseline -0.002 -20"><span class='ocrx_word' id='word_1_237' title='bbox 308 2830 392 2874; x_wconf 90' lang='lat' dir='ltr'><strong>casus</strong></span> <span class='ocrx_word' id='word_1_238' title='bbox 411 2807 416 2893; x_wconf 89' lang='grc'>1</span> <span class='ocrx_word' id='word_1_239' title='bbox 435 2810 602 2891; x_wconf 90' lang='lat' dir='ltr'><strong>superlluos</strong></span> <span class='ocrx_word' id='word_1_240' title='bbox 622 2810 773 2882; x_wconf 89' lang='lat' dir='ltr'><strong>habuerit,</strong></span> <span class='ocrx_word' id='word_1_241' title='bbox 798 2818 1037 2891; x_wconf 88' lang='lat' dir='ltr'><strong>sequestrantur,</strong></span> <span class='ocrx_word' id='word_1_242' title='bbox 1062 2820 1092 2873; x_wconf 93' lang='lat' dir='ltr'><strong>et</strong></span> <span class='ocrx_word' id='word_1_243' title='bbox 1106 2821 1177 2892; x_wconf 88' lang='lat' dir='ltr'><strong>quot</strong></span> <span class='ocrx_word' id='word_1_244' title='bbox 1192 2812 1404 2881; x_wconf 84' lang='lat' dir='ltr'><strong>remanserint,</strong></span> <span class='ocrx_word' id='word_1_245' title='bbox 1426 2809 1518 2871; x_wconf 92' lang='lat' dir='ltr'><strong>talem</strong></span> <span class='ocrx_word' id='word_1_246' title='bbox 1540 2811 1603 2872; x_wconf 89' lang='lat' dir='ltr'><strong>ior·</strong></span> 
     </span>
     <span class='ocr_line' id='line_1_26' title="bbox 307 2913 1604 2995; baseline -0.001 -21"><span class='ocrx_word' id='word_1_247' title='bbox 307 2913 527 2982; x_wconf 80' lang='lat' dir='ltr'><strong>maminotum:</strong></span> <span class='ocrx_word' id='word_1_248' title='bbox 551 2915 576 2973; x_wconf 91' lang='lat' dir='ltr'><strong>si</strong></span> <span class='ocrx_word' id='word_1_249' title='bbox 591 2920 666 2982; x_wconf 91' lang='lat' dir='ltr'><strong>tres,</strong></span> <span class='ocrx_word' id='word_1_250' title='bbox 690 2915 868 2983; x_wconf 91' lang='lat' dir='ltr'><strong>ternariam,</strong></span> <span class='ocrx_word' id='word_1_251' title='bbox 892 2916 917 2974; x_wconf 90' lang='lat' dir='ltr'><strong>si</strong></span> <span class='ocrx_word' id='word_1_252' title='bbox 933 2922 1083 2993; x_wconf 89' lang='lat' dir='ltr'><strong>quattuor,</strong></span> <span class='ocrx_word' id='word_1_253' title='bbox 1108 2916 1335 2995; x_wconf 89' lang='lat' dir='ltr'><strong>quaternariam.</strong></span> <span class='ocrx_word' id='word_1_254' title='bbox 1367 2913 1480 2974; x_wconf 90' lang='lat' dir='ltr'><strong>lormae</strong></span> <span class='ocrx_word' id='word_1_255' title='bbox 1496 2931 1604 2974; x_wconf 89' lang='lat' dir='ltr'><strong>casua·</strong></span> 
     </span>
     <span class='ocr_line' id='line_1_27' title="bbox 307 3013 1640 3096; baseline -0.001 -20"><span class='ocrx_word' id='word_1_256' title='bbox 307 3016 350 3077; x_wconf 90' lang='lat' dir='ltr'><strong>les</strong></span> <span class='ocrx_word' id='word_1_257' title='bbox 372 3017 574 3093; x_wconf 86' lang='lat' dir='ltr'><strong>significantur</strong></span> <span class='ocrx_word' id='word_1_258' title='bbox 595 3016 735 3076; x_wconf 90' lang='lat' dir='ltr'><strong>varietate</strong></span> <span class='ocrx_word' id='word_1_259' title='bbox 757 3013 965 3077; x_wconf 89' lang='lat' dir='ltr'><strong>declinationis</strong></span> <span class='ocrx_word' id='word_1_260' title='bbox 991 3019 1022 3076; x_wconf 93' lang='lat' dir='ltr'><strong>in</strong></span> <span class='ocrx_word' id='word_1_261' title='bbox 1052 3017 1162 3078; x_wconf 90' lang='lat' dir='ltr'><strong>ultimis</strong></span> <span class='ocrx_word' id='word_1_262' title='bbox 1190 3015 1324 3096; x_wconf 74' lang='lat' dir='ltr'><strong>syllabis,</strong></span> <span class='ocrx_word' id='word_1_263' title='bbox 1353 3024 1385 3076; x_wconf 89' lang='lat' dir='ltr'><strong>ut</strong></span> <span class='ocrx_word' id='word_1_264' title='bbox 1412 3015 1461 3076; x_wconf 92' lang='lat' dir='ltr'><strong>bie</strong></span> <span class='ocrx_word' id='word_1_265' title='bbox 1482 3016 1640 3076; x_wconf 56' lang='lat' dir='ltr'><strong>Aeneas*</strong></span> 
     </span>
     <span class='ocr_line' id='line_1_28' title="bbox 307 3117 1604 3205; baseline -0.001 -27"><span class='ocrx_word' id='word_1_266' title='bbox 307 3119 395 3179; x_wconf 90' lang='lat' dir='ltr'><strong>huius</strong></span> <span class='ocrx_word' id='word_1_267' title='bbox 416 3121 533 3179; x_wconf 80' lang='lat' dir='ltr'><strong>Aeneae</strong></span> <span class='ocrx_word' id='word_1_268' title='bbox 555 3117 623 3177; x_wconf 91' lang='lat' dir='ltr'><strong>huic</strong></span> <span class='ocrx_word' id='word_1_269' title='bbox 646 3119 762 3178; x_wconf 80' lang='lat' dir='ltr'><strong>Aeneae</strong></span> <span class='ocrx_word' id='word_1_270' title='bbox 783 3117 863 3179; x_wconf 88' lang='lat' dir='ltr'><strong>hune</strong></span> <span class='ocrx_word' id='word_1_271' title='bbox 885 3121 1005 3179; x_wconf 74' lang='lat' dir='ltr'><strong>Aenean</strong></span> <span class='ocrx_word' id='word_1_272' title='bbox 1028 3139 1045 3179; x_wconf 95' lang='lat' dir='ltr'><strong>o</strong></span> <span class='ocrx_word' id='word_1_273' title='bbox 1067 3123 1166 3205; x_wconf 81' lang='lat' dir='ltr'><strong>Aenea</strong></span> <span class='ocrx_word' id='word_1_274' title='bbox 1195 3118 1231 3182; x_wconf 88' lang='lat' dir='ltr'><strong>ab</strong></span> <span class='ocrx_word' id='word_1_275' title='bbox 1259 3119 1316 3179; x_wconf 90' lang='lat' dir='ltr'><strong>hoc</strong></span> <span class='ocrx_word' id='word_1_276' title='bbox 1338 3121 1445 3179; x_wconf 80' lang='lat' dir='ltr'><strong>Aenea.</strong></span> <span class='ocrx_word' id='word_1_277' title='bbox 1484 3118 1604 3178; x_wconf 85' lang='lat' dir='ltr'><strong>iornrae</strong></span> 
     </span>
     <span class='ocr_line' id='line_1_29' title="bbox 307 3203 1603 3301; baseline -0.001 -21"><span class='ocrx_word' id='word_1_278' title='bbox 307 3219 416 3281; x_wconf 89' lang='lat' dir='ltr'><strong>latinae</strong></span> <span class='ocrx_word' id='word_1_279' title='bbox 439 3218 624 3300; x_wconf 89' lang='lat' dir='ltr'><strong>appellantur</strong></span> <span class='ocrx_word' id='word_1_280' title='bbox 645 3221 694 3290; x_wconf 92' lang='lat' dir='ltr'><strong>ita,</strong></span> <span class='ocrx_word' id='word_1_281' title='bbox 718 3222 800 3281; x_wconf 93' lang='lat' dir='ltr'><strong>unita</strong></span> <span class='ocrx_word' id='word_1_282' title='bbox 824 3219 939 3282; x_wconf 88' lang='lat' dir='ltr'><strong>binaria</strong></span> <span class='ocrx_word' id='word_1_283' title='bbox 962 3224 1092 3283; x_wconf 89' lang='lat' dir='ltr'><strong>ternaria</strong></span> <span class='ocrx_word' id='word_1_284' title='bbox 1115 3203 1305 3301; x_wconf 86' lang='lat' dir='ltr'><strong>quaternaria</strong></span> <span class='ocrx_word' id='word_1_285' title='bbox 1321 3222 1458 3300; x_wconf 89' lang='lat' dir='ltr'><strong>quinaria</strong></span> <span class='ocrx_word' id='word_1_286' title='bbox 1472 3223 1603 3281; x_wconf 90' lang='lat' dir='ltr'><strong>senaria.</strong></span> 
     </span>
     <span class='ocr_line' id='line_1_30' title="bbox 308 3321 1606 3402; baseline 0.001 -20"><span class='ocrx_word' id='word_1_287' title='bbox 308 3325 389 3384; x_wconf 91' lang='lat' dir='ltr'><strong>unita</strong></span> <span class='ocrx_word' id='word_1_288' title='bbox 418 3331 474 3392; x_wconf 90' lang='lat' dir='ltr'><strong>est,</strong></span> <span class='ocrx_word' id='word_1_289' title='bbox 509 3321 626 3402; x_wconf 89' lang='lat' dir='ltr'><strong>quando</strong></span> <span class='ocrx_word' id='word_1_290' title='bbox 654 3341 757 3384; x_wconf 89' lang='lat' dir='ltr'><strong>omnes</strong></span> <span class='ocrx_word' id='word_1_291' title='bbox 785 3342 870 3384; x_wconf 90' lang='lat' dir='ltr'><strong>casus</strong></span> <span class='ocrx_word' id='word_1_292' title='bbox 897 3323 1009 3384; x_wconf 90' lang='lat' dir='ltr'><strong>similes</strong></span> <span class='ocrx_word' id='word_1_293' title='bbox 1037 3323 1093 3385; x_wconf 90' lang='lat' dir='ltr'><strong>sibi</strong></span> <span class='ocrx_word' id='word_1_294' title='bbox 1120 3332 1202 3394; x_wconf 79' lang='lat' dir='ltr'><strong>sunt,</strong></span> <span class='ocrx_word' id='word_1_295' title='bbox 1232 3333 1265 3385; x_wconf 93' lang='lat' dir='ltr'><strong>ut</strong></span> <span class='ocrx_word' id='word_1_296' title='bbox 1291 3324 1340 3384; x_wconf 91' lang='lat' dir='ltr'><strong>hic</strong></span> <span class='ocrx_word' id='word_1_297' title='bbox 1362 3339 1490 3400; x_wconf 91' lang='lat' dir='ltr'><strong>nequam</strong></span> <span class='ocrx_word' id='word_1_298' title='bbox 1512 3321 1606 3383; x_wconf 88' lang='lat' dir='ltr'><strong>huius</strong></span> 
     </span>
     <span class='ocr_line' id='line_1_31' title="bbox 309 3423 1606 3506; baseline 0 -21"><span class='ocrx_word' id='word_1_299' title='bbox 309 3443 435 3504; x_wconf 88' lang='lat' dir='ltr'><strong>nequam</strong></span> <span class='ocrx_word' id='word_1_300' title='bbox 458 3432 487 3485; x_wconf 91' lang='lat' dir='ltr'><strong>et</strong></span> <span class='ocrx_word' id='word_1_301' title='bbox 510 3423 634 3504; x_wconf 89' lang='lat' dir='ltr'><strong>reliqua.</strong></span> <span class='ocrx_word' id='word_1_302' title='bbox 673 3423 785 3485; x_wconf 91' lang='lat' dir='ltr'><strong>binaria</strong></span> <span class='ocrx_word' id='word_1_303' title='bbox 809 3425 932 3496; x_wconf 89' lang='lat' dir='ltr'><strong>dicitur,</strong></span> <span class='ocrx_word' id='word_1_304' title='bbox 962 3429 1100 3506; x_wconf 88' lang='lat' dir='ltr'><strong>quotiens</strong></span> <span class='ocrx_word' id='word_1_305' title='bbox 1127 3435 1189 3488; x_wconf 88' lang='lat' dir='ltr'><strong>tres</strong></span> <span class='ocrx_word' id='word_1_306' title='bbox 1212 3445 1298 3488; x_wconf 91' lang='lat' dir='ltr'><strong>casus</strong></span> <span class='ocrx_word' id='word_1_307' title='bbox 1318 3425 1401 3503; x_wconf 91' lang='lat' dir='ltr'><strong>longi</strong></span> <span class='ocrx_word' id='word_1_308' title='bbox 1423 3432 1509 3505; x_wconf 85' lang='lat' dir='ltr'><strong>sunt,</strong></span> <span class='ocrx_word' id='word_1_309' title='bbox 1539 3434 1606 3486; x_wconf 90' lang='lat' dir='ltr'><strong>tres</strong></span> 
     </span>
     <span class='ocr_line' id='line_1_32' title="bbox 309 3525 1643 3599; baseline 0.001 -13"><span class='ocrx_word' id='word_1_310' title='bbox 309 3525 428 3596; x_wconf 91' lang='lat' dir='ltr'><strong>breves,</strong></span> <span class='ocrx_word' id='word_1_311' title='bbox 455 3528 485 3586; x_wconf 93' lang='lat' dir='ltr'><strong>in</strong></span> <span class='ocrx_word' id='word_1_312' title='bbox 510 3525 680 3587; x_wconf 93' lang='lat' dir='ltr'><strong>nominibus</strong></span> <span class='ocrx_word' id='word_1_313' title='bbox 703 3526 817 3588; x_wconf 87' lang='lat' dir='ltr'><strong>scilieet</strong></span> <span class='ocrx_word' id='word_1_314' title='bbox 838 3528 1110 3599; x_wconf 70' lang='lat' dir='ltr'><strong>indeclinabilibus</strong></span> <span class='ocrx_word' id='word_1_315' title='bbox 1139 3536 1171 3590; x_wconf 91' lang='lat' dir='ltr'><strong>ut</strong></span> <span class='ocrx_word' id='word_1_316' title='bbox 1193 3529 1251 3589; x_wconf 92' lang='lat' dir='ltr'><strong>boc</strong></span> <span class='ocrx_word' id='word_1_317' title='bbox 1272 3546 1366 3589; x_wconf 90' lang='lat' dir='ltr'><strong>cornu</strong></span> <span class='ocrx_word' id='word_1_318' title='bbox 1388 3547 1406 3587; x_wconf 94' lang='lat' dir='ltr'><strong>o</strong></span> <span class='ocrx_word' id='word_1_319' title='bbox 1429 3545 1541 3596; x_wconf 92' lang='lat' dir='ltr'><strong>cornu,</strong></span> <span class='ocrx_word' id='word_1_320' title='bbox 1575 3528 1643 3587; x_wconf 70' lang='lat' dir='ltr'><strong>ine</strong></span> 
     </span>
     <span class='ocr_line' id='line_1_33' title="bbox 309 3627 1608 3711; baseline 0.001 -23"><span class='ocrx_word' id='word_1_321' title='bbox 309 3635 353 3688; x_wconf 90' lang='lat' dir='ltr'><strong>est</strong></span> <span class='ocrx_word' id='word_1_322' title='bbox 375 3629 571 3688; x_wconf 88' lang='lat' dir='ltr'><strong>nominativus</strong></span> <span class='ocrx_word' id='word_1_323' title='bbox 593 3632 775 3691; x_wconf 90' lang='lat' dir='ltr'><strong>aecusativus</strong></span> <span class='ocrx_word' id='word_1_324' title='bbox 798 3638 827 3691; x_wconf 94' lang='lat' dir='ltr'><strong>et</strong></span> <span class='ocrx_word' id='word_1_325' title='bbox 848 3634 997 3692; x_wconf 90' lang='lat' dir='ltr'><strong>vocativus</strong></span> <span class='ocrx_word' id='word_1_326' title='bbox 1019 3634 1148 3711; x_wconf 88' lang='lat' dir='ltr'><strong>correpti</strong></span> <span class='ocrx_word' id='word_1_327' title='bbox 1170 3639 1252 3700; x_wconf 91' lang='lat' dir='ltr'><strong>sunt,</strong></span> <span class='ocrx_word' id='word_1_328' title='bbox 1274 3631 1426 3709; x_wconf 89' lang='lat' dir='ltr'><strong>genetivus</strong></span> <span class='ocrx_word' id='word_1_329' title='bbox 1441 3627 1559 3689; x_wconf 85' lang='lat' dir='ltr'><strong>dativus</strong></span> <span class='ocrx_word' id='word_1_330' title='bbox 1576 3639 1608 3689; x_wconf 89' lang='lat' dir='ltr'><strong>ct</strong></span> 
     </span>
     <span class='ocr_line' id='line_1_34' title="bbox 309 3729 1609 3815; baseline 0.001 -23"><span class='ocrx_word' id='word_1_331' title='bbox 309 3729 453 3792; x_wconf 83' lang='lat' dir='ltr'><strong>ablativus</strong></span> <span class='ocrx_word' id='word_1_332' title='bbox 474 3731 622 3810; x_wconf 89' lang='lat' dir='ltr'><strong>producti.</strong></span> <span class='ocrx_word' id='word_1_333' title='bbox 660 3734 787 3792; x_wconf 91' lang='lat' dir='ltr'><strong>ternaria</strong></span> <span class='ocrx_word' id='word_1_334' title='bbox 817 3741 863 3794; x_wconf 89' lang='lat' dir='ltr'><strong>est</strong></span> <span class='ocrx_word' id='word_1_335' title='bbox 891 3735 998 3802; x_wconf 86' lang='lat' dir='ltr'><strong>lorma,</strong></span> <span class='ocrx_word' id='word_1_336' title='bbox 1033 3736 1169 3815; x_wconf 92' lang='lat' dir='ltr'><strong>quotiens</strong></span> <span class='ocrx_word' id='word_1_337' title='bbox 1196 3735 1394 3794; x_wconf 88' lang='lat' dir='ltr'><strong>nominativus</strong></span> <span class='ocrx_word' id='word_1_338' title='bbox 1420 3734 1609 3793; x_wconf 87' lang='lat' dir='ltr'><strong>accusativus</strong></span> 
     </span>
    </p>
   </div>
   <div class='ocr_carea' id='block_1_3' title="bbox 308 3969 1611 4320">
    <p class='ocr_par' dir='ltr' id='par_1_3' title="bbox 308 3969 1611 4320">
     <span class='ocr_line' id='line_1_35' title="bbox 379 3969 1609 4037; baseline 0.002 -17"><span class='ocrx_word' id='word_1_339' title='bbox 379 3970 441 4024; x_wconf 84' lang='lat' dir='ltr'><strong>Ood.</strong></span> <span class='ocrx_word' id='word_1_340' title='bbox 461 3970 540 4023; x_wconf 79' lang='lat' dir='ltr'><strong>Bam.</strong></span> <span class='ocrx_word' id='word_1_341' title='bbox 559 3971 606 4020; x_wconf 89' lang='lat' dir='ltr'><strong>th</strong></span> <span class='ocrx_word' id='word_1_342' title='bbox 624 3971 710 4023; x_wconf 83' lang='lat' dir='ltr'><strong>b-il.</strong></span> <span class='ocrx_word' id='word_1_343' title='bbox 788 3971 952 4023; x_wconf 85' lang='lat' dir='ltr'><strong>lsecundae</strong></span> <span class='ocrx_word' id='word_1_344' title='bbox 976 3987 1033 4022; x_wconf 83' lang='lat' dir='ltr'><strong>esse</strong></span> <span class='ocrx_word' id='word_1_345' title='bbox 1107 3970 1258 4037; x_wconf 72' lang='lat' dir='ltr'><strong>inumeri]</strong></span> <span class='ocrx_word' id='word_1_346' title='bbox 1277 3975 1353 4023; x_wconf 89' lang='lat' dir='ltr'><strong>modo</strong></span> <span class='ocrx_word' id='word_1_347' title='bbox 1428 3969 1609 4034; x_wconf 70' lang='lat' dir='ltr'><strong>bpetrisum-</strong></span> 
     </span>
     <span class='ocr_line' id='line_1_36' title="bbox 309 4039 1611 4106; baseline 0.002 -16"><span class='ocrx_word' id='word_1_348' title='bbox 309 4040 439 4092; x_wconf 82' lang='lat' dir='ltr'><strong>consultus</strong></span> <span class='ocrx_word' id='word_1_349' title='bbox 488 4041 606 4106; x_wconf 91' lang='lat' dir='ltr'><strong>componi</strong></span> <span class='ocrx_word' id='word_1_350' title='bbox 622 4057 695 4090; x_wconf 87' lang='lat' dir='ltr'><strong>casus</strong></span> <span class='ocrx_word' id='word_1_351' title='bbox 713 4057 729 4091; x_wconf 84' lang='lat' dir='ltr'><strong>a</strong></span> <span class='ocrx_word' id='word_1_352' title='bbox 747 4042 861 4094; x_wconf 85' lang='lat' dir='ltr'><strong>cadendo</strong></span> <span class='ocrx_word' id='word_1_353' title='bbox 879 4043 941 4092; x_wconf 89' lang='lat' dir='ltr'><strong>dieti</strong></span> <span class='ocrx_word' id='word_1_354' title='bbox 958 4057 1032 4091; x_wconf 76' lang='lat' dir='ltr'><strong>caseis</strong></span> <span class='ocrx_word' id='word_1_355' title='bbox 1049 4051 1107 4092; x_wconf 81' lang='lat' dir='ltr'><strong>srvot</strong></span> <span class='ocrx_word' id='word_1_356' title='bbox 1125 4059 1172 4092; x_wconf 82' lang='lat' dir='ltr'><strong>sex</strong></span> <span class='ocrx_word' id='word_1_357' title='bbox 1190 4058 1222 4092; x_wconf 88' lang='lat' dir='ltr'><strong>ex</strong></span> <span class='ocrx_word' id='word_1_358' title='bbox 1240 4042 1280 4092; x_wconf 91' lang='lat' dir='ltr'><strong>bis</strong></span> <span class='ocrx_word' id='word_1_359' title='bbox 1330 4042 1413 4094; x_wconf 77' lang='lat' dir='ltr'><strong>satia</strong></span> <span class='ocrx_word' id='word_1_360' title='bbox 1467 4039 1501 4091; x_wconf 88' lang='lat'><strong>10</strong></span> <span class='ocrx_word' id='word_1_361' title='bbox 1514 4043 1611 4092; x_wconf 70' lang='lat' dir='ltr'><strong>anal«)-</strong></span> 
     </span>
     <span class='ocr_line' id='line_1_37' title="bbox 308 4110 1534 4178; baseline 0.001 -19"><span class='ocrx_word' id='word_1_362' title='bbox 308 4113 352 4176; x_wconf 75' lang='lat' dir='ltr'><strong>gia</strong></span> <span class='ocrx_word' id='word_1_363' title='bbox 404 4110 437 4162; x_wconf 87' lang='grc'><strong>13</strong></span> <span class='ocrx_word' id='word_1_364' title='bbox 457 4125 619 4176; x_wconf 78' lang='lat' dir='ltr'><strong>neonemque</strong></span> <span class='ocrx_word' id='word_1_365' title='bbox 637 4111 738 4174; x_wconf 91' lang='lat' dir='ltr'><strong>oblique</strong></span> <span class='ocrx_word' id='word_1_366' title='bbox 790 4113 822 4164; x_wconf 89' lang='grc'><strong>14</strong></span> <span class='ocrx_word' id='word_1_367' title='bbox 846 4127 932 4162; x_wconf 85' lang='lat' dir='ltr'><strong>cesum</strong></span> <span class='ocrx_word' id='word_1_368' title='bbox 952 4128 1034 4162; x_wconf 86' lang='lat' dir='ltr'><strong>rerum</strong></span> <span class='ocrx_word' id='word_1_369' title='bbox 1055 4111 1181 4163; x_wconf 83' lang='lat' dir='ltr'><strong>iaciebant</strong></span> <span class='ocrx_word' id='word_1_370' title='bbox 1203 4112 1259 4162; x_wconf 88' lang='lat' dir='ltr'><strong>illut</strong></span> <span class='ocrx_word' id='word_1_371' title='bbox 1281 4123 1343 4178; x_wconf 86' lang='lat' dir='ltr'><strong>aput</strong></span> <span class='ocrx_word' id='word_1_372' title='bbox 1397 4112 1430 4162; x_wconf 82' lang='lat'><strong>17</strong></span> <span class='ocrx_word' id='word_1_373' title='bbox 1450 4121 1475 4161; x_wconf 89' lang='lat' dir='ltr'><strong>et</strong></span> <span class='ocrx_word' id='word_1_374' title='bbox 1493 4125 1534 4161; x_wconf 81' lang='lat' dir='ltr'><strong>ese</strong></span> 
     </span>
     <span class='ocr_line' id='line_1_38' title="bbox 310 4179 1607 4250; baseline 0.002 -18"><span class='ocrx_word' id='word_1_375' title='bbox 310 4180 342 4232; x_wconf 89' lang='lat'><strong>18</strong></span> <span class='ocrx_word' id='word_1_376' title='bbox 361 4179 451 4246; x_wconf 85' lang='lat' dir='ltr'><strong>est]es</strong></span> <span class='ocrx_word' id='word_1_377' title='bbox 524 4181 656 4236; x_wconf 75' lang='lat' dir='ltr'><strong>illelom,</strong></span> <span class='ocrx_word' id='word_1_378' title='bbox 728 4190 756 4230; x_wconf 91' lang='lat' dir='ltr'><strong>ut</strong></span> <span class='ocrx_word' id='word_1_379' title='bbox 774 4183 871 4232; x_wconf 90' lang='lat' dir='ltr'><strong>doctior</strong></span> <span class='ocrx_word' id='word_1_380' title='bbox 890 4183 933 4232; x_wconf 90' lang='lat' dir='ltr'><strong>illo</strong></span> <span class='ocrx_word' id='word_1_381' title='bbox 953 4182 1051 4232; x_wconf 82' lang='lat' dir='ltr'><strong>doctior</strong></span> <span class='ocrx_word' id='word_1_382' title='bbox 1072 4185 1104 4232; x_wconf 88' lang='lat' dir='ltr'><strong>ab</strong></span> <span class='ocrx_word' id='word_1_383' title='bbox 1124 4183 1167 4233; x_wconf 92' lang='lat' dir='ltr'><strong>illo</strong></span> <span class='ocrx_word' id='word_1_384' title='bbox 1238 4184 1269 4233; x_wconf 78' lang='lat'><strong>21</strong></span> <span class='ocrx_word' id='word_1_385' title='bbox 1288 4179 1346 4248; x_wconf 88' lang='lat' dir='ltr'><strong>sex]</strong></span> <span class='ocrx_word' id='word_1_386' title='bbox 1368 4198 1401 4233; x_wconf 88' lang='lat' dir='ltr'><strong>ex</strong></span> <span class='ocrx_word' id='word_1_387' title='bbox 1471 4180 1508 4232; x_wconf 76' lang='lat'><strong>23</strong></span> <span class='ocrx_word' id='word_1_388' title='bbox 1528 4182 1607 4250; x_wconf 86' lang='lat' dir='ltr'><strong>quot]</strong></span> 
     </span>
     <span class='ocr_line' id='line_1_39' title="bbox 310 4249 1611 4320; baseline 0.005 -23"><span class='ocrx_word' id='word_1_389' title='bbox 310 4251 377 4314; x_wconf 91' lang='lat' dir='ltr'><strong>qnod</strong></span> <span class='ocrx_word' id='word_1_390' title='bbox 429 4252 462 4303; x_wconf 84' lang='lat'><strong>25</strong></span> <span class='ocrx_word' id='word_1_391' title='bbox 481 4254 627 4302; x_wconf 86' lang='lat' dir='ltr'><strong>uarietatem</strong></span> <span class='ocrx_word' id='word_1_392' title='bbox 679 4249 714 4302; x_wconf 80' lang='lat'><strong>26</strong></span> <span class='ocrx_word' id='word_1_393' title='bbox 729 4251 790 4304; x_wconf 89' lang='lat' dir='ltr'><strong>huic</strong></span> <span class='ocrx_word' id='word_1_394' title='bbox 807 4252 949 4302; x_wconf 83' lang='lat' dir='ltr'><strong>ceneehue</strong></span> <span class='ocrx_word' id='word_1_395' title='bbox 967 4267 1062 4302; x_wconf 84' lang='lat' dir='ltr'><strong>aenean</strong></span> <span class='ocrx_word' id='word_1_396' title='bbox 1115 4253 1149 4304; x_wconf 81' lang='lat'><strong>29</strong></span> <span class='ocrx_word' id='word_1_397' title='bbox 1167 4251 1275 4320; x_wconf 85' lang='lat' dir='ltr'><strong>relique]</strong></span> <span class='ocrx_word' id='word_1_398' title='bbox 1296 4255 1367 4320; x_wconf 84' lang='lat' dir='ltr'><strong>regio</strong></span> <span class='ocrx_word' id='word_1_399' title='bbox 1418 4253 1451 4304; x_wconf 88' lang='lat' dir='ltr'><strong>at</strong></span> <span class='ocrx_word' id='word_1_400' title='bbox 1471 4263 1611 4320; x_wconf 80' lang='lat' dir='ltr'><strong>correptae</strong></span> 
     </span>
    </p>
   </div>
   <div class='ocr_carea' id='block_1_4' title="bbox 306 4456 1616 4945">
    <p class='ocr_par' dir='ltr' id='par_1_4' title="bbox 309 4456 1615 4736">
     <span class='ocr_line' id='line_1_40' title="bbox 380 4456 1612 4525; baseline 0.003 -17"><span class='ocrx_word' id='word_1_401' title='bbox 380 4458 410 4508; x_wconf 93' lang='grc'><strong>11</strong></span> <span class='ocrx_word' id='word_1_402' title='bbox 427 4456 565 4511; x_wconf 83' lang='lat' dir='ltr'><strong>ebletiaum</strong></span> <span class='ocrx_word' id='word_1_403' title='bbox 585 4457 673 4510; x_wconf 86' lang='lat' dir='ltr'><strong>Graeci</strong></span> <span class='ocrx_word' id='word_1_404' title='bbox 691 4473 740 4508; x_wconf 91' lang='lat' dir='ltr'><strong>non</strong></span> <span class='ocrx_word' id='word_1_405' title='bbox 758 4457 852 4509; x_wconf 85' lang='lat' dir='ltr'><strong>babent</strong></span> <span class='ocrx_word' id='word_1_406' title='bbox 863 4461 900 4509; x_wconf 81' lang='lat' dir='ltr'><strong>od</strong></span> <span class='ocrx_word' id='word_1_407' title='bbox 913 4459 989 4509; x_wconf 80' lang='lat' dir='ltr'><strong>verba</strong></span> <span class='ocrx_word' id='word_1_408' title='bbox 1001 4459 1096 4510; x_wconf 84' lang='lat' dir='ltr'><strong>Donati</strong></span> <span class='ocrx_word' id='word_1_409' title='bbox 1109 4459 1143 4510; x_wconf 83' lang='lat' dir='ltr'><strong>ab</strong></span> <span class='ocrx_word' id='word_1_410' title='bbox 1159 4461 1297 4523; x_wconf 83' lang='lat' dir='ltr'><strong>interprete</strong></span> <span class='ocrx_word' id='word_1_411' title='bbox 1315 4459 1449 4525; x_wconf 76' lang='lat' dir='ltr'><strong>adscripta</strong></span> <span class='ocrx_word' id='word_1_412' title='bbox 1464 4461 1612 4521; x_wconf 82' lang='lat' dir='ltr'><strong>pertinent.</strong></span> 
     </span>
     <span class='ocr_line' id='line_1_41' title="bbox 310 4526 1613 4595; baseline 0.005 -19"><span class='ocrx_word' id='word_1_413' title='bbox 310 4533 334 4576; x_wconf 84' lang='lat' dir='ltr'><strong>et</strong></span> <span class='ocrx_word' id='word_1_414' title='bbox 350 4526 465 4588; x_wconf 78' lang='lat' dir='ltr'><strong>sortasse</strong></span> <span class='ocrx_word' id='word_1_415' title='bbox 481 4529 545 4580; x_wconf 83' lang='lat' dir='ltr'><strong>boec</strong></span> <span class='ocrx_word' id='word_1_416' title='bbox 563 4545 615 4579; x_wconf 80' lang='lat' dir='ltr'><strong>earm</strong></span> <span class='ocrx_word' id='word_1_417' title='bbox 630 4533 661 4581; x_wconf 85' lang='lat' dir='ltr'><strong>iis</strong></span> <span class='ocrx_word' id='word_1_418' title='bbox 678 4543 743 4595; x_wconf 82' lang='lat' dir='ltr'><strong>quac</strong></span> <span class='ocrx_word' id='word_1_419' title='bbox 761 4531 912 4579; x_wconf 77' lang='lat' dir='ltr'><strong>antecedunt</strong></span> <span class='ocrx_word' id='word_1_420' title='bbox 928 4533 964 4579; x_wconf 68' lang='lat' dir='ltr'><strong>rto</strong></span> <span class='ocrx_word' id='word_1_421' title='bbox 979 4530 1154 4591; x_wconf 76' lang='lat' dir='ltr'><strong>cohaerebant,</strong></span> <span class='ocrx_word' id='word_1_422' title='bbox 1169 4537 1198 4578; x_wconf 81' lang='lat' dir='ltr'><strong>ut</strong></span> <span class='ocrx_word' id='word_1_423' title='bbox 1213 4530 1261 4581; x_wconf 86' lang='lat' dir='ltr'><strong>boc</strong></span> <span class='ocrx_word' id='word_1_424' title='bbox 1275 4533 1415 4580; x_wconf 83' lang='lat' dir='ltr'><strong>continuum</strong></span> <span class='ocrx_word' id='word_1_425' title='bbox 1427 4533 1514 4580; x_wconf 83' lang='lat' dir='ltr'><strong>lemaoa</strong></span> <span class='ocrx_word' id='word_1_426' title='bbox 1524 4546 1613 4593; x_wconf 53' lang='lat' dir='ltr'><strong>prae*</strong></span> 
     </span>
     <span class='ocr_line' id='line_1_42' title="bbox 309 4597 1613 4666; baseline 0.006 -21"><span class='ocrx_word' id='word_1_427' title='bbox 309 4597 427 4662; x_wconf 71' lang='lat' dir='ltr'><strong>seriptum</strong></span> <span class='ocrx_word' id='word_1_428' title='bbox 450 4607 529 4662; x_wconf 82' lang='lat' dir='ltr'><strong>esset,</strong></span> <span class='ocrx_word' id='word_1_429' title='bbox 553 4602 614 4650; x_wconf 87' lang='lat' dir='ltr'><strong>recti</strong></span> <span class='ocrx_word' id='word_1_430' title='bbox 640 4599 810 4649; x_wconf 84' lang='lat' dir='ltr'><strong>nominativus</strong></span> <span class='ocrx_word' id='word_1_431' title='bbox 831 4611 856 4650; x_wconf 86' lang='lat' dir='ltr'><strong>et</strong></span> <span class='ocrx_word' id='word_1_432' title='bbox 877 4601 1022 4659; x_wconf 83' lang='lat' dir='ltr'><strong>vocativus,</strong></span> <span class='ocrx_word' id='word_1_433' title='bbox 1042 4600 1134 4664; x_wconf 88' lang='lat' dir='ltr'><strong>reliqui</strong></span> <span class='ocrx_word' id='word_1_434' title='bbox 1157 4599 1266 4662; x_wconf 84' lang='lat' dir='ltr'><strong>obliqui:</strong></span> <span class='ocrx_word' id='word_1_435' title='bbox 1290 4600 1428 4651; x_wconf 81' lang='lat' dir='ltr'><strong>ablativum</strong></span> <span class='ocrx_word' id='word_1_436' title='bbox 1445 4603 1533 4666; x_wconf 85' lang='lat' dir='ltr'><strong>graeei</strong></span> <span class='ocrx_word' id='word_1_437' title='bbox 1557 4619 1613 4653; x_wconf 89' lang='lat' dir='ltr'><strong>non</strong></span> 
     </span>
     <span class='ocr_line' id='line_1_43' title="bbox 310 4666 1615 4736; baseline 0.006 -21"><span class='ocrx_word' id='word_1_438' title='bbox 310 4666 402 4718; x_wconf 86' lang='lat' dir='ltr'><strong>hebent</strong></span> <span class='ocrx_word' id='word_1_439' title='bbox 472 4669 506 4719; x_wconf 87' lang='grc'><strong>14</strong></span> <span class='ocrx_word' id='word_1_440' title='bbox 524 4670 590 4736; x_wconf 92' lang='lat' dir='ltr'><strong>apud</strong></span> <span class='ocrx_word' id='word_1_441' title='bbox 611 4667 762 4736; x_wconf 85' lang='lat' dir='ltr'><strong>Vergilium]</strong></span> <span class='ocrx_word' id='word_1_442' title='bbox 784 4670 847 4719; x_wconf 82' lang='lat' dir='ltr'><strong>Aen.</strong></span> <span class='ocrx_word' id='word_1_443' title='bbox 866 4668 902 4718; x_wconf 82' lang='lat' dir='ltr'><strong>Xl</strong></span> <span class='ocrx_word' id='word_1_444' title='bbox 921 4669 972 4722; x_wconf 77' lang='lat' dir='ltr'><strong>eds</strong></span> <span class='ocrx_word' id='word_1_445' title='bbox 1043 4672 1075 4722; x_wconf 81' lang='lat'><strong>15</strong></span> <span class='ocrx_word' id='word_1_446' title='bbox 1095 4669 1285 4720; x_wconf 76' lang='lat' dir='ltr'><strong>dicPutsteius</strong></span> <span class='ocrx_word' id='word_1_447' title='bbox 1354 4672 1451 4734; x_wconf 86' lang='lat' dir='ltr'><strong>equites</strong></span> <span class='ocrx_word' id='word_1_448' title='bbox 1467 4671 1615 4723; x_wconf 78' lang='lat' dir='ltr'><strong>Putsclaiua</strong></span> 
     </span>
    </p>

    <p class='ocr_par' dir='ltr' id='par_1_5' title="bbox 306 4737 1616 4945">
     <span class='ocr_line' id='line_1_44' title="bbox 380 4737 1615 4806; baseline 0.005 -19"><span class='ocrx_word' id='word_1_449' title='bbox 380 4737 412 4788; x_wconf 87' lang='grc'><strong>18</strong></span> <span class='ocrx_word' id='word_1_450' title='bbox 429 4737 543 4801; x_wconf 72' lang='lat' dir='ltr'><strong>fortasse</strong></span> <span class='ocrx_word' id='word_1_451' title='bbox 562 4741 733 4790; x_wconf 83' lang='lat' dir='ltr'><strong>nominativus</strong></span> <span class='ocrx_word' id='word_1_452' title='bbox 756 4739 881 4788; x_wconf 85' lang='lat' dir='ltr'><strong>ablativus</strong></span> <span class='ocrx_word' id='word_1_453' title='bbox 903 4749 928 4788; x_wconf 86' lang='lat' dir='ltr'><strong>et</strong></span> <span class='ocrx_word' id='word_1_454' title='bbox 945 4741 1069 4805; x_wconf 88' lang='lat' dir='ltr'><strong>septimus</strong></span> <span class='ocrx_word' id='word_1_455' title='bbox 1094 4755 1299 4801; x_wconf 84' lang='lat' dir='ltr'><strong>nonnumquam</strong></span> <span class='ocrx_word' id='word_1_456' title='bbox 1322 4741 1429 4791; x_wconf 89' lang='lat' dir='ltr'><strong>similem</strong></span> <span class='ocrx_word' id='word_1_457' title='bbox 1455 4743 1615 4806; x_wconf 84' lang='lat' dir='ltr'><strong>exprimunt</strong></span> 
     </span>
     <span class='ocr_line' id='line_1_45' title="bbox 310 4809 1616 4878; baseline 0.007 -24"><span class='ocrx_word' id='word_1_458' title='bbox 310 4821 421 4866; x_wconf 89' lang='lat' dir='ltr'><strong>sensum,</strong></span> <span class='ocrx_word' id='word_1_459' title='bbox 443 4815 468 4856; x_wconf 92' lang='lat' dir='ltr'><strong>ut</strong></span> <span class='ocrx_word' id='word_1_460' title='bbox 491 4809 588 4859; x_wconf 87' lang='lat' dir='ltr'><strong>doctior</strong></span> <span class='ocrx_word' id='word_1_461' title='bbox 605 4825 680 4872; x_wconf 87' lang='lat' dir='ltr'><strong>qnam</strong></span> <span class='ocrx_word' id='word_1_462' title='bbox 699 4810 749 4866; x_wconf 86' lang='lat' dir='ltr'><strong>ille,</strong></span> <span class='ocrx_word' id='word_1_463' title='bbox 770 4809 868 4858; x_wconf 87' lang='lat' dir='ltr'><strong>doctior</strong></span> <span class='ocrx_word' id='word_1_464' title='bbox 885 4809 938 4873; x_wconf 90' lang='lat' dir='ltr'><strong>iilo,</strong></span> <span class='ocrx_word' id='word_1_465' title='bbox 957 4811 1056 4860; x_wconf 86' lang='lat' dir='ltr'><strong>doctior</strong></span> <span class='ocrx_word' id='word_1_466' title='bbox 1072 4811 1104 4860; x_wconf 87' lang='lat' dir='ltr'><strong>ab</strong></span> <span class='ocrx_word' id='word_1_467' title='bbox 1118 4810 1170 4863; x_wconf 91' lang='lat' dir='ltr'><strong>illo.</strong></span> <span class='ocrx_word' id='word_1_468' title='bbox 1194 4811 1242 4860; x_wconf 83' lang='lat' dir='ltr'><strong>sed</strong></span> <span class='ocrx_word' id='word_1_469' title='bbox 1258 4810 1348 4860; x_wconf 81' lang='lat' dir='ltr'><strong>deinde</strong></span> <span class='ocrx_word' id='word_1_470' title='bbox 1362 4810 1486 4877; x_wconf 82' lang='lat' dir='ltr'><strong>quaedam</strong></span> <span class='ocrx_word' id='word_1_471' title='bbox 1500 4811 1536 4862; x_wconf 82' lang='lat' dir='ltr'><strong>de</strong></span> <span class='ocrx_word' id='word_1_472' title='bbox 1556 4815 1616 4878; x_wconf 73' lang='lat' dir='ltr'><strong>dis-</strong></span> 
     </span>
     <span class='ocr_line' id='line_1_46' title="bbox 306 4877 940 4945; baseline 0.006 -18"><span class='ocrx_word' id='word_1_473' title='bbox 306 4877 419 4939; x_wconf 76' lang='lat' dir='ltr'><strong>ferentia</strong></span> <span class='ocrx_word' id='word_1_474' title='bbox 434 4877 538 4930; x_wconf 82' lang='lat' dir='ltr'><strong>ablativi</strong></span> <span class='ocrx_word' id='word_1_475' title='bbox 551 4889 575 4930; x_wconf 86' lang='lat' dir='ltr'><strong>ct</strong></span> <span class='ocrx_word' id='word_1_476' title='bbox 590 4881 687 4945; x_wconf 82' lang='lat' dir='ltr'><strong>septimi</strong></span> <span class='ocrx_word' id='word_1_477' title='bbox 702 4893 776 4929; x_wconf 81' lang='lat' dir='ltr'><strong>cusae</strong></span> <span class='ocrx_word' id='word_1_478' title='bbox 790 4880 940 4931; x_wconf 76' lang='lat' dir='ltr'><strong>exciderunt</strong></span> 
     </span>
    </p>
   </div>
   <div class='ocr_carea' id='block_1_5' title="bbox 0 0 1690 5442">
    <p class='ocr_par' dir='ltr' id='par_1_6' title="bbox 0 0 1690 5442">
     <span class='ocr_line' id='line_1_47' title="bbox 0 0 1690 5442; baseline 0 0"><span class='ocrx_word' id='word_1_479' title='bbox 0 0 1690 5442; x_wconf 95' lang='lat' dir='ltr'><strong> </strong></span> 
     </span>
    </p>
   </div>
  </div>
 </body>
</html>
