3350 5442
355 330 419 395 260
896 332 1049 396 Pourutr

380 454 402 494 p.
415 442 504 482 aer-ae
517 439 539 480 n.

355 539 414 581 non
435 529 572 600 parcant,
601 538 660 599 quo
688 518 775 580 modo
805 519 930 582 dicimus
955 519 1057 583 lucum
1088 521 1124 583 ab
1148 541 1201 593 eo,
1229 521 1310 600 quod
1332 539 1391 583 non
1414 519 1526 592 luceat;
1555 524 1633 583 sicet

353 622 515 702 deponens.
548 619 652 683 iaisum
668 630 722 682 est.
754 639 822 682 nam
844 623 969 703 incipies
983 631 1013 683 et
1030 641 1188 685 commune
1209 623 1331 685 verbum
1355 623 1508 704 deponens
1532 624 1633 686 dicere:

354 741 421 784 nam
444 733 473 784 et
495 741 652 784 commune
673 722 797 785 verbum
819 743 834 784 r
856 723 985 786 litteram
1005 743 1067 786 non
1088 725 1220 805 deponit.
1265 745 1337 805 ergo
1359 727 1512 807 deponens
1534 727 1633 788 dictum

352 833 398 886 est
424 844 458 886 re
486 845 554 887 vera
583 825 620 887 ab
649 844 698 896 eo,
727 826 806 904 quod
834 826 963 906 deponat
988 845 1081 888 unum
1109 828 1312 907 participium,
1343 827 1423 906 quod
1444 830 1475 890 in
1498 828 1556 890 dus
1578 833 1633 889 erit

351 925 457 1008 loquor
480 927 602 990 verbum
626 935 671 989 est
693 927 856 1008 deponens:
880 928 927 988 iac
948 930 1138 1009 participium
1165 947 1306 1010 praeseus
1334 929 1474 1009 loquens,
1498 933 1632 1010 praeteri-

260 1066 281 1108 .·
350 1038 414 1091 tum
437 1029 567 1098 locutus,
597 1029 729 1091 futurum
751 1029 918 1100 locuturus;
947 1028 1113 1110 loquendus
1140 1050 1201 1092 non
1222 1030 1367 1093 debemus
1389 1031 1505 1101 dicere,
1530 1031 1586 1092 sed
1606 1035 1633 1092 si-

350 1131 418 1192 cubi
440 1133 600 1209 contigerit
621 1139 654 1193 ut
676 1131 772 1200 dicas,
796 1134 856 1192 iam
878 1149 1036 1193 commune
1058 1131 1183 1195 verbum
1205 1142 1259 1196 est.
1291 1133 1447 1195 luctandus
1468 1152 1533 1195 non
1556 1134 1631 1193 debe-

349 1252 415 1295 mus
438 1233 552 1301 dicere;
576 1233 627 1294 sed
652 1232 748 1294 sicubi
770 1235 930 1313 contigerit
944 1243 977 1295 ut
991 1215 1087 1304 dicas,
1110 1236 1168 1295 iam
1185 1238 1263 1297 scire
1286 1235 1377 1296 debes
1391 1239 1446 1296 ista
1468 1234 1632 1296 verbanno

349 1355 414 1397 esse
442 1336 635 1416 deponentia,
666 1335 718 1394 sed
746 1353 905 1396 commune
933 1335 1066 1397 verbum.
1112 1355 1180 1397 nam
1208 1355 1365 1399 commune
1392 1336 1519 1399 verbum
1550 1347 1632 1418 potest

347 1436 459 1499 babere
486 1439 675 1518 participium
703 1445 732 1498 et
759 1438 789 1498 iu
817 1437 874 1498 dus
902 1446 932 1497 et
962 1439 992 1497 in
1021 1456 1081 1503 rus.
1125 1447 1195 1518 puta
1221 1438 1328 1517 loquor
1350 1439 1468 1518 quando
1492 1439 1579 1508 dico,
1601 1441 1630 1498 ris

347 1558 413 1600 esse
436 1539 589 1620 deponens
612 1539 752 1602 verbum?
785 1546 857 1620 puta
880 1538 1002 1619 ‘loquor
1025 1558 1081 1617 ego
1103 1539 1182 1601 iiiam
1206 1543 1299 1603 rem'.
1345 1560 1404 1602 uon
1427 1542 1497 1602 iacit
1520 1539 1629 1622 loquen-

346 1641 415 1710 dus,
444 1641 497 1702 sed
524 1643 595 1703 iacit
621 1641 783 1703 locuturus
830 1659 847 1701 e
870 1642 1020 1702 contrario
1042 1643 1068 1702 si
1091 1640 1162 1703 reiis
1185 1642 1285 1704 dicere
1307 1641 1429 1724 ‘loquor
1451 1662 1467 1704 a
1491 1648 1553 1714 te’,
1576 1646 1629 1705 ian.

346 1745 485 1821 quoniam
508 1762 665 1805 commune
688 1742 809 1805 verbum
834 1751 893 1812 est,
918 1750 947 1803 et
968 1745 1001 1804 in
1024 1743 1028 1825 Ι
1052 1762 1105 1805 rus
1127 1744 1197 1804 ia'eit
1219 1745 1302 1807 etin
1325 1744 1393 1815 dus,
1416 1762 1476 1806 non
1500 1748 1629 1824 quonian

345 1863 361 1905 a
384 1845 544 1934 deponenti
573 1852 746 1925 usurpatum
775 1846 813 1906 sit
840 1843 898 1904 boc
925 1847 1130 1924 participium,
1159 1836 1214 1907 'sed
1241 1847 1307 1926 qnia
1331 1849 1390 1909 iam
1413 1865 1576 1934 commune
1597 1858 1629 1906 est

344 1944 477 2014 uerbum.
507 1965 617 2028 quaere
633 1947 709 2028 apud
728 1946 868 2016 Statium,
892 1953 1011 2007 centum
1035 1947 1225 2009 huiusmodi
1248 1949 1402 2028 partieipia
1424 1951 1467 2009 sie
1490 1950 1632 2011 invenies?

343 2049 394 2110 sed
416 2048 459 2109 ibi
480 2050 512 2110 in
534 2051 599 2129 ipso
621 2056 742 2110 auctore
764 2048 912 2112 invenies,
935 2067 1010 2127 quae
1026 2047 1075 2109 aiii
1089 2057 1205 2128 ponunt
1226 2067 1281 2128 pro
1304 2049 1534 2129 deponentibus,
1559 2050 1626 2112 iilun

342 2153 476 2232 posuisse
503 2171 558 2232 pro
586 2148 804 2212 communibus.
850 2149 928 2210 unde
949 2168 1005 2228 per
1027 2149 1104 2211 banc
1126 2148 1276 2211 licentiam
1301 2152 1460 2230 usurparit.
1507 2161 1627 2213 ceteruu

341 2261 482 2334 quantum
510 2254 639 2333 pertinet
666 2252 702 2313 ad
731 2250 861 2314 verbum.
888 2250 1056 2330 deponens,
1089 2271 1148 2313 non
1183 2251 1272 2313 debet
1302 2251 1415 2315 babere
1447 2255 1625 2334 participium

340 2356 433 2417 futuri
461 2357 604 2436 temporis
636 2353 716 2436 quod
743 2355 773 2413 in
803 2353 859 2413 dus
885 2353 955 2413 exit.
1000 2361 1046 2414 est
1074 2355 1162 2414 etiam
1190 2371 1348 2415 commune
1376 2353 1518 2416 uerbum:
1558 2375 1625 2416 com-

340 2475 431 2518 mune
452 2455 577 2518 verbum
599 2465 738 2537 quattuor
760 2454 851 2517 babet
871 2455 1041 2535 participia,
1058 2456 1219 2516 criminans
1234 2457 1408 2518 criminatus
1422 2458 1633 2519 criminaturus

339 2559 549 2621 criminandus.
594 2565 625 2621 et
651 2561 737 2619 iuste.
781 2575 849 2618 uam
883 2575 1040 2618 commune
1073 2556 1194 2618 verbum
1229 2564 1259 2618 et
1291 2559 1405 2637 agentis
1432 2567 1462 2620 et
1495 2563 1624 2639 patientis

338 2661 427 2723 babet
453 2662 716 2740 significationem
746 2657 836 2719 debet
864 2676 935 2736 ergo
963 2658 1076 2719 babere
1103 2659 1290 2739 participium
1318 2667 1347 2720 et
1375 2658 1412 2720 ab
1439 2663 1539 2722 activo
1568 2671 1623 2722 eta

336 2764 463 2842 passivo.
509 2763 568 2825 duo
596 2770 696 2824 autem
723 2759 850 2823 suntab
873 2762 981 2831 activo,
1010 2758 1068 2820 duo
1091 2778 1107 2820 a
1130 2761 1255 2840 passivo.
1301 2778 1372 2839 ergo
1393 2762 1470 2822 iuste
1494 2769 1623 2843 quattuor

336 2865 440 2934 babet,
469 2883 611 2944 praesens
640 2864 835 2943 praeteritum
863 2869 893 2922 et
919 2862 979 2924 duo
1006 2863 1122 2930 iutura,
1152 2868 1186 2922 ut
1208 2869 1252 2922 est
1274 2863 1435 2923 criminans
1456 2867 1622 2927 criminatu<

336 2967 546 3028 criminaturus
569 2963 780 3026 criminandus.
826 2964 880 3025 sed
901 2966 979 3026 seire
1002 2962 1146 3024 debemus
1167 2965 1222 3026 ista
1244 2972 1384 3045 quattuor
1405 2983 1465 3026 non
1489 2966 1530 3028 ab
1551 2975 1633 3028 utra-t

335 3087 393 3149 que
414 3075 498 3148 parte
526 3085 591 3130 esse
620 3074 772 3144 quattuor,
801 3065 854 3128 sed
882 3064 940 3125 duo
964 3083 1030 3127 esse
1051 3067 1274 3144 significationis
1296 3068 1406 3128 activae
1429 3075 1458 3128 et
1481 3067 1544 3128 duo
1566 3087 1620 3128 esse

334 3171 555 3249 significationis
582 3171 715 3250 passivae
741 3171 796 3247 (ne
824 3168 916 3236 iorte,
946 3166 1064 3247 quando
1091 3173 1122 3228 tu
1148 3169 1192 3227 ris
1220 3171 1265 3228 uti
1287 3169 1504 3246 significatione
1527 3173 1619 3235 actim,

335 3275 427 3334 utaris
459 3274 490 3332 in
523 3273 736 3350 significatione
771 3271 864 3332 activa
894 3277 1033 3349 quattuor
1065 3270 1258 3350 participiis),
1286 3269 1317 3329 id
1345 3275 1390 3330 est
1417 3273 1442 3331 si
1470 3273 1503 3332 in
1536 3272 1618 3334 rerbo

334 3375 485 3437 communi
514 3375 606 3435 uteris
635 3373 851 3452 significatione
881 3368 885 3450 Ι
915 3373 1022 3440 activa,
1052 3371 1110 3432 duo
1134 3370 1230 3432 babes
1253 3372 1423 3452 participia;
1454 3373 1481 3433 si
1502 3375 1618 3434 itemin

332 3476 423 3538 verbo
445 3479 510 3557 ipso
532 3477 682 3536 communi
704 3474 832 3536 roiueris
854 3474 897 3534 uti
919 3473 1132 3562 significatione
1154 3475 1285 3553 passiva,
1310 3474 1368 3534 duo
1390 3473 1484 3534 babes
1507 3476 1633 3556 partini-r

331 3579 389 3658 pia.
433 3597 471 3638 ne
504 3577 585 3640 dicas
619 3595 703 3655 ergo,
738 3575 807 3638 iicet
834 3575 907 3636 mibi
933 3576 965 3634 in
998 3574 1088 3635 latino
1122 3575 1255 3636 invenire
1288 3581 1427 3654 quattuor
1454 3577 1615 3656 participia:

332 3682 502 3759 negavimus
531 3681 609 3742 eninr
636 3681 734 3758 primo
763 3688 813 3740 aut
841 3695 985 3758 praesens
1012 3676 1200 3757 participium
1229 3678 1354 3738 inveniri
1383 3695 1399 3737 a
1429 3681 1547 3757 passivo
1573 3687 1616 3739 aut

329 3785 521 3863 praeteritum
550 3779 587 3843 ab
613 3782 721 3842 activo:
751 3799 788 3842 ne
815 3779 896 3841 dicas
922 3778 1010 3847 mihi,
1042 3795 1111 3838 ecce
1134 3777 1226 3838 babes
1246 3777 1387 3847 verbum,
1413 3777 1463 3840 ubi
1487 3788 1518 3841 et
1538 3797 1614 3859 prae·

329 3903 398 3946 sens
422 3891 480 3952 est,
505 3891 535 3944 et
556 3882 646 3944 babet
670 3883 915 3961 significationem
936 3889 967 3941 et
988 3881 1111 3940 activam
1128 3889 1157 3942 et
1171 3882 1323 3960 passivam.
1354 3879 1406 3940 sed
1423 3899 1484 3942 non
1499 3888 1613 3962 propter

327 3986 405 4048 bane
432 3987 656 4048 concessionem
686 3985 821 4045 concessi
848 3982 901 4044 tibi
928 3989 958 4042 et
985 3981 1070 4051 iilud,
1094 3988 1140 4052 ut,
1165 3981 1282 4062 quando
1305 3984 1349 4043 ris
1371 3985 1414 4043 uti
1436 3982 1473 4043 ad
1497 3986 1633 4046 activame

327 4088 587 4168 significationem,
611 4091 750 4166 quattuor
774 4086 845 4165 ipsis
867 4085 975 4154 utaris,
1005 4091 1035 4144 et
1062 4082 1156 4144 isdem
1179 4090 1317 4163 quattuor
1338 4083 1374 4144 ad
1398 4082 1487 4144 aliam
1508 4085 1608 4162 signiti-

326 4192 487 4260 eationem;
510 4189 563 4251 sed
585 4187 636 4250 ilia
659 4188 874 4267 significatione
889 4186 1011 4262 quando
1033 4188 1134 4255 ulma,
1159 4183 1274 4246 duobus
1288 4187 1395 4254 uteris;
1419 4187 1538 4267 quando
1552 4186 1606 4253 aiia,

323 4295 395 4354 item
417 4292 482 4353 aliis
503 4291 628 4353 duobus.

206 4415 311 4480 440,19
408 4394 471 4456 Hoc
499 4403 544 4456 est
571 4391 650 4472 quod
677 4391 803 4471 legimus
826 4392 914 4451 etiam
938 4391 969 4450 in
991 4396 1055 4450 arte
1078 4390 1243 4470 superiore.
1287 4390 1346 4451 iam
1368 4389 1450 4451 addit
1470 4390 1527 4453 alia
1547 4408 1603 4471 pro-

389 4617 405 4666 5
424 4615 554 4681 deponens
571 4631 618 4668 om.
632 4614 725 4674 ABG,
744 4611 805 4665 add.
820 4629 836 4662 a
906 4611 1069 4678 participium
1084 4626 1131 4664 em.
1144 4610 1236 4671 ΑΒΘ,
1250 4611 1312 4662 add.
1327 4607 1361 4661 a*
1430 4611 1512 4664 8sed
1528 4607 1603 4662 ond

392 4685 426 4736 10
441 4689 482 4735 uis
502 4701 559 4736 esse
577 4699 709 4735 commune
732 4684 839 4732 uerbum
861 4680 948 4733 Aac
1016 4681 1049 4731 lb
1069 4696 1163 4744 quaere
1179 4678 1267 4732 Boc*
1291 4696 1368 4745 quare
1386 4683 1411 4733 Α
1480 4683 1513 4732 27
1530 4682 1602 4730 actius

320 4756 399 4806 utam
419 4755 457 4805 Ob
475 4757 559 4806 aetius
576 4756 654 4804 uteris
669 4753 726 4804 AB
810 4749 846 4803 30
859 4752 895 4800 nti
914 4754 956 4817 (nt
972 4750 996 4799 Α
1014 4766 1083 4801 corr.
1103 4751 1138 4801 uti
1157 4747 1187 4814 a)
1201 4751 1235 4800 ed
1252 4751 1462 4818 significationem
1480 4753 1600 4818 prassinam

319 4825 404 4876 ABG
471 4824 503 4876 37
523 4826 569 4873 sed
587 4825 629 4875 iiie
647 4823 832 4890 significatione
851 4819 1078 4889 (significationem
1096 4836 1165 4871 corr.
1186 4836 1230 4872 -ne
1242 4822 1278 4885 Α)
1295 4821 1395 4871 duobus
1409 4823 1488 4873 uteris
1505 4819 1581 4872 Aac
