3350 5442
710 382 780 443 lits
1326 379 1386 445 531

94 568 158 634 hac
187 591 265 633 vero
292 575 362 631 arte
390 565 496 630 aliena
522 573 597 630 sunt
626 565 742 630 omnia.
786 588 891 653 neque
917 565 986 631 ulla
1013 567 1083 632 eius
1111 566 1270 632 memoria
1298 576 1390 632 extat

96 679 229 758 praeter
250 668 379 734 codices
403 677 539 755 excepto
561 691 626 734 uno
642 667 871 754 Neapolitano,
888 691 985 755 quem
999 669 1033 732 in
1049 668 1259 734 adnotatione
1278 691 1311 755 p.
1326 670 1388 734 527

95 772 241 837 indicavi
249 823 257 856 ,
280 772 341 837 sub
364 771 460 836 finem
483 770 587 856 quinti
609 769 727 834 decimi
750 769 873 836 sacculi
896 771 1045 856 scriptos.
1069 771 1211 837 etiamsi
1233 772 1335 856 igitur
1356 780 1390 836 et

95 875 167 962 ipse
201 874 284 941 liber
316 883 349 938 et
380 895 500 939 nomen
528 874 670 938 auctoris
698 873 751 937 cui
777 873 975 938 adscribitur
1001 871 1168 960 aliquanto
1196 872 1389 959 antiquioris

96 977 216 1042 aetatis
238 976 336 1041 fidem
363 975 499 1057 habeat,
528 995 625 1061 quam
648 971 862 1067 Palaemoniss
875 997 945 1058 ars,
974 997 1057 1062 qaae
1084 998 1150 1039 una
1171 998 1246 1040 cum
1267 972 1324 1040 illo
1347 975 1389 1039 ab

97 1078 192 1144 Italis
215 1087 248 1143 et
270 1077 392 1163 scripta
414 1085 447 1141 et
469 1075 557 1141 edita
579 1085 645 1161 est,
672 1085 783 1142 tamen
809 1099 851 1142 ne
877 1077 953 1142 huic
975 1077 1108 1163 quidem
1128 1075 1212 1143 libro
1234 1077 1390 1141 maiorem

97 1182 326 1246 auctoritatem
347 1178 468 1244 tribuo.
498 1189 565 1244 tam
588 1176 691 1243 multa
713 1180 798 1243 enim
821 1179 909 1244 etin
932 1178 1175 1245 delinitionibus
1199 1188 1231 1243 ct
1252 1180 1285 1244 in
1307 1177 1389 1242 divi·

99 1283 249 1349 sionibus
277 1283 421 1367 partium
448 1280 603 1346 orationis
633 1291 666 1347 et
687 1281 721 1344 in
743 1281 853 1347 verbis
875 1281 993 1369 quibus
1016 1291 1191 1368 praecepta
1213 1282 1294 1345 artis
1317 1279 1391 1344 offo·

98 1393 217 1449 rantur
243 1392 276 1448 ot
302 1383 337 1446 in
365 1405 483 1467 genere
510 1382 673 1448 tractandi
699 1405 719 1446 a
747 1405 836 1448 more
871 1385 1078 1470 antiquorum
1106 1383 1392 1467 grammaticorum

99 1485 314 1567 dissentiunt,
337 1494 375 1550 ut
396 1484 536 1550 recentis
559 1487 668 1571 potius
691 1508 789 1572 quam
816 1486 938 1552 veteris
965 1486 1133 1572 scripto1is
1161 1506 1292 1548 manum
1319 1505 1393 1569 pro-

99 1590 190 1654 dant.
235 1585 324 1674 quod
357 1607 552 1673 quamquam
584 1587 793 1652 manifestum
824 1610 898 1652 esse
929 1597 1010 1676 puto
1040 1589 1096 1651 uni
1129 1587 1259 1673 cuique,
1290 1585 1393 1670 siquis

99 1691 180 1755 haec
202 1711 276 1754 cum
297 1688 338 1752 iis
361 1709 445 1775 quae
467 1687 508 1752 de
530 1689 647 1753 iisdem
669 1689 765 1754 rebus
794 1713 814 1753 a
835 1689 1001 1756 veteribus
1029 1688 1251 1775 grammaticis
1273 1686 1395 1753 tradita

100 1803 178 1857 sunt
205 1812 383 1878 conparare
410 1790 575 1874 voluerit,
605 1801 715 1856 tamen
743 1814 808 1857 non
835 1790 924 1856 nulla
950 1814 1033 1878 quae
1060 1791 1124 1856 huc
1145 1775 1308 1877 pertinent
1329 1812 1394 1854 non

100 1896 264 1961 distinctis
287 1891 473 1978 generibus,
496 1891 554 1956 sed
577 1893 724 1958 ordinem
747 1892 822 1958 libri
845 1902 975 1958 secutus
997 1893 1031 1958 in
1053 1915 1117 1957 uno
1140 1900 1316 1979 conspeetu
1338 1913 1393 1977 po·

98 2020 193 2078 nam,
216 2019 249 2083 p.
275 1993 357 2059 1725
379 1999 442 2058 alia
465 1999 549 2058 nadis
572 2003 740 2075 pereprina
768 2002 909 2068 nomina,-
939 1996 1126 2077 insatiata
1153 2006 1196 2059 est
1223 2000 1394 2058 litterarum

99 2109 181 2165 inter
210 2119 241 2163 se
267 2102 436 2162 coeuntium
464 2117 527 2161 una
554 2104 715 2172 iuncturm·
741 2120 773 2184 p.
799 2098 880 2162 1726
909 2097 1060 2184 exempla
1082 2095 1285 2182 syllabarum
1307 2095 1394 2180 posi·

99 2205 190 2268 tione
222 2199 392 2284 longarum
426 2199 601 2262 maximam
630 2209 756 2286 partem
784 2199 916 2264 diversa
943 2199 984 2265 ab
1011 2200 1051 2264 iis
1079 2221 1160 2286 quos
1188 2197 1395 2282 grammatici

99 2324 222 2391 ponere
244 2310 483 2367 consueverunt
505 2301 616 2385 (cortis
640 2303 725 2366 enim
748 2311 780 2366 et
801 2325 863 2366 usu
885 2302 1014 2367 traditis
1030 2299 1186 2387 exemplis
1208 2300 1243 2363 in
1257 2300 1319 2364 hoo
1340 2321 1395 2383 go·

99 2427 179 2470 nero
201 2404 251 2469 uti
272 2400 405 2486 solent),
429 2425 495 2468 non
517 2401 606 2467 nulla
627 2425 704 2469 voro
728 2405 824 2470 etiam
847 2402 944 2490 plane
966 2425 1120 2492 perversa
1142 2411 1233 2486 sunt3
1256 2426 1288 2489 p.
1313 2402 1395 2466 1728

100 2517 132 2573 in
156 2511 262 2586 quidus
291 2509 404 2569 duobus
428 2507 674 2584 frequentissime
702 2513 893 2586 comparatio
920 2518 949 2570 et
974 2512 1140 2587 superlatio
1161 2514 1333 2585 spectatum
1362 2527 1394 2590 p.

103 2610 186 2675 1729
214 2630 254 2673 ex
282 2611 339 2672 itae
365 2627 452 2671 sensu
480 2619 522 2671 est
528 2631 540 2682 ;
567 2607 614 2673 ib.
638 2629 699 2673 una
727 2615 932 2688 appellatione
953 2629 1014 2688 per
1035 2628 1134 2673 amnes
1156 2611 1302 2673 articulos
1323 2613 1395 2686 effe-

100 2723 229 2784 rantur;
252 2733 284 2797 p.
311 2709 392 2773 1730
409 2715 521 2788 positio
543 2721 585 2774 est
607 2731 668 2789 qva
689 2719 856 2791 spectatur,
878 2721 978 2776 nitrum
1000 2715 1223 2788 interropativa
1244 2714 1305 2772 sint
1320 2729 1395 2788 pro

101 2821 225 2879 nomina
247 2849 289 2858 -
311 2821 364 2875 aut
384 2817 559 2891 responsiva
581 2849 623 2860 -
645 2823 699 2876 aut
719 2819 912 2892 seprepativa
933 2851 975 2861 -
998 2824 1052 2877 aut
1067 2817 1242 2893 privativa;
1264 2832 1296 2896 p.
1314 2811 1394 2874 1731

98 2925 223 2995 fissurae
243 2927 311 2979 sunt
332 2927 459 2993 septem,
484 2920 626 2994 simplex,
652 2925 684 2978 at
703 2921 787 2998 lopo,
810 2921 993 2997 composita,
1016 2926 1049 2980 ut
1070 2921 1188 2993 reiepo,
1212 2918 1395 2988 inchoativa,

102 3030 135 3082 vt
158 3022 291 3094 calesco,
313 3018 556 3094 frequentativa,
580 3028 613 3081 ut
633 3022 750 3095 lectito,
782 3021 1001 3094 desiderativa,
1026 3027 1059 3081 ut
1080 3021 1224 3093 dormito,
1249 3021 1396 3095 imperso-

103 3127 200 3198 nalis,
224 3129 256 3184 ut
275 3124 359 3198 pipat
381 3122 496 3197 taedet,
525 3128 555 3182 et
576 3124 702 3182 alterius
721 3122 861 3198 somnae,
892 3131 925 3184 vi
944 3129 1058 3196 statar,
1084 3137 1265 3198 parapopa,
1290 3127 1322 3181 ut
1339 3120 1396 3193 sa-

103 3244 187 3288 cesso
209 3228 323 3285 lacesso
344 3239 486 3300 eapesso;
514 3220 560 3285 ib.
582 3231 693 3309 quarta
722 3221 954 3306 (coniugatio),
981 3241 1048 3286 cum
1077 3225 1137 3285 alio
1159 3224 1288 3299 quolibet
1308 3224 1397 3283 modo

103 3330 226 3391 verbum
258 3329 402 3403 effertur,
437 3333 469 3386 ut
503 3327 593 3386 odisti
622 3329 782 3388 meministi
784 3346 796 3397 ;
829 3346 862 3409 p.
887 3323 968 3387 1732
997 3327 1143 3387 adverbia
1167 3330 1246 3398 fiunt
1275 3359 1310 3368 —
1344 3332 1397 3386 aut

102 3432 236 3505 elective,
261 3437 292 3489 ut
310 3429 422 3504 potius,
446 3435 499 3488 avt
520 3430 692 3503 discretive,
716 3439 748 3490 ut
769 3446 917 3502 seorsum,
943 3439 996 3490 aut
1017 3431 1246 3504 conprepative,
1275 3434 1308 3488 at
1335 3445 1397 3488 una

98 3535 223 3610 pariter
243 3533 347 3607 simvl,
370 3539 423 3590 avt
445 3532 640 3609 declinatae,
669 3537 701 3592 vt
718 3529 878 3603 ineditum
901 3526 1101 3606 inequalitas
1122 3541 1150 3590 et
1171 3531 1323 3606 quantitas
1346 3546 1396 3590 ac·

103 3636 212 3696 aidani
234 3633 386 3707 adverbio,
410 3650 478 3694 cvm
500 3641 553 3694 aut
575 3634 713 3694 absoluta
727 3639 797 3694 sunt
816 3633 976 3706 adverbia,
1001 3639 1035 3693 ui
1055 3634 1127 3693 baie
1149 3634 1220 3705 alte,
1245 3640 1298 3692 avt
1319 3647 1397 3692 com-

98 3737 257 3814 parativa,
283 3741 315 3794 ut
335 3736 439 3796 melius
461 3737 567 3807 vitius,
593 3743 647 3795 aut
667 3737 868 3811 superlativa,
893 3742 926 3795 at
947 3736 1056 3811 optime
1078 3736 1236 3803 altissime;
1258 3752 1291 3815 p.
1316 3730 1397 3794 1733

105 3842 150 3901 vis
171 3843 231 3910 est,
253 3851 320 3896 curn
342 3845 396 3898 aut
416 3839 634 3913 complectendi
652 3845 722 3898 svnt
742 3839 966 3898 coniunctiones
984 3870 1019 3879 —
1037 3843 1093 3896 avt
1113 3837 1271 3912 repetendi
1282 3868 1325 3880 —
1345 3843 1400 3897 aut

105 3945 230 4002 vincunt
249 3971 292 3986 —-
314 3947 368 4000 avt
388 3943 575 4002 consentiunt
597 3973 638 3983 -
660 3947 713 4000 aut
739 3941 925 4000 connexione
945 3945 1016 4000 svnt
1036 3941 1261 3999 coniunctiones
1287 3973 1322 3982 -
1346 3947 1400 4000 ant

104 4043 344 4119 supernexivae;
372 4060 404 4123 p.
429 4039 510 4103 1734
538 4038 577 4102 de
606 4037 903 4125 praepositionibus
932 4044 1104 4102 aecmmivo
1131 4048 1230 4101 antem
1258 4043 1399 4102 adnexae

1 4209 5 4218 ,
102 4148 281 4223 plerumque
310 4145 520 4206 adverbiorum
548 4147 606 4205 vim
635 4145 759 4214 iiaient;
787 4162 819 4226 p.
845 4139 926 4205 1736
954 4145 1120 4204 interiectio
1142 4149 1247 4203 est-
1270 4151 1324 4204 aut
1344 4160 1398 4203 re-

102 4247 255 4321 lectionis,
280 4253 313 4306 ut
334 4264 422 4308 evam
467 4243 503 4306 in
530 4243 591 4307 hoc
618 4242 718 4326 igitur
744 4241 786 4307 ab
816 4241 1055 4328 antiquioribus
1082 4239 1304 4326 grammaticis
1333 4239 1399 4304 dis-

108 4367 209 4410 sensu
231 4365 297 4408 non
320 4345 417 4410 debet
438 4366 589 4430 magnam
611 4346 679 4410 vim
701 4344 822 4411 habere
844 4342 934 4430 quod
955 4344 1116 4430 quaedam
1138 4365 1228 4425 sane,
1251 4364 1334 4428 quae
1356 4342 1398 4406 ab

107 4445 293 4532 antiquiore
318 4447 474 4512 memoria
501 4446 629 4532 possint
654 4455 833 4534 propagata
860 4444 982 4531 videri,
1009 4447 1044 4510 in
1070 4445 1133 4510 hoc
1163 4444 1247 4512 libro
1276 4446 1400 4530 scripta

108 4557 194 4614 sunt.
225 4571 301 4613 nam
323 4547 403 4613 nihil
426 4571 467 4613 ex
494 4548 555 4612 hoc
576 4571 695 4634 genere
717 4557 780 4631 est,
804 4547 889 4636 quod
912 4572 979 4614 non
995 4548 1038 4613 ab
1053 4546 1126 4612 aliis
1142 4568 1270 4635 quoque
1292 4568 1398 4631 gram·

107 4652 250 4732 maticis,
272 4651 307 4715 in
330 4651 442 4739 primis
459 4651 564 4715 Mario
587 4660 621 4714 et
635 4650 779 4716 Maximo
795 4650 981 4733 Victorino,
1004 4672 1085 4737 quos
1107 4650 1247 4737 scriptor
1269 4658 1398 4714 secutus

108 4777 180 4818 osso
208 4753 353 4838 videtur,
382 4754 536 4818 traditum
564 4754 617 4818 sit.
663 4775 740 4838 ergo
770 4755 798 4818 si
826 4775 940 4818 verum
968 4762 1033 4835 est,
1061 4751 1150 4839 quod
1177 4751 1308 4838 quidem
1334 4774 1398 4815 ano

107 4854 317 4942 Neapolitani
344 4855 463 4922 codicis
490 4856 674 4921 testimonio
702 4864 845 4938 constat,
873 4855 938 4921 iam
965 4853 1137 4922 andecimo
1166 4853 1296 4921 saeculo
1324 4855 1400 4925 huic
