3350 5442
694 331 765 393 ARS
1313 328 1376 395 343

1181 452 1203 493 p.
1217 439 1274 479 21123.
1288 440 1314 479 24
1328 438 1351 479 Ρ.

79 523 113 575 et
135 516 330 596 superlativo,
354 519 454 577 minus
476 527 506 575 et
528 518 650 577 minime
672 536 728 596 pro
743 517 940 578 diminutione
961 525 1121 596 ponuntur.
1152 518 1278 579 dicimus
1297 520 1376 579 enim

78 626 145 677 iam
161 645 163 648 ·
177 617 274 677 bonus
306 616 394 697 [adeo
417 616 548 697 bonus],
582 620 677 695 magis
709 618 819 691 honus,
849 622 976 681 maxime
1006 619 1115 690 bonus,
1145 622 1244 681 minus
1270 619 1375 691 bonus,

77 721 208 780 minime
236 708 342 780 bonus.
387 720 531 798 quaedam
553 722 746 781 inveniuntur
767 722 888 781 nomina
909 739 984 801 quae
1008 722 1223 799 significatione
1246 722 1375 782 diminu-

79 822 143 880 tiva
171 827 259 900 sunt&
286 820 439 881 intellectu
470 823 676 900 cooperativa,
711 831 744 882 ut
774 822 1003 900 grandiusculus
1035 823 1225 884 maiuscrdus
1269 823 1374 883 horum

49 923 166 981 5enim
188 924 298 1001 positio
320 925 419 1001 prima
440 942 499 983 non
523 922 689 983 absolutum
712 942 819 985 nomen
844 932 902 985 est:
927 942 995 985 nam
1016 924 1158 1001 grandior
1181 925 1375 1002 grandiuscu-

75 1023 126 1081 lus
144 1023 239 1099 sacit,
262 1027 361 1085 maior
381 1026 572 1086 maiuscula.

68 1114 74 1129 '
168 1126 285 1186 Genera
307 1129 476 1195 nominum,
501 1145 576 1205 quae
599 1127 746 1187 naturalia
769 1134 852 1197 sunt,
877 1126 936 1187 duo
959 1135 1041 1197 sunl,
1065 1134 1099 1187 ul
1120 1128 1241 1206 quidam
1265 1129 1372 1197 volunt,

76 1228 279 1288 masculinum
301 1235 331 1287 et
352 1230 544 1297 femininum,
574 1230 714 1307 quoniam
744 1248 829 1289 omne
858 1229 972 1288 scilieet
995 1229 1103 1289 animal
1125 1236 1230 1289 natura
1253 1249 1374 1291 necesse

77 1335 126 1388 est
155 1346 220 1389 esse
249 1336 300 1389 aut
328 1328 524 1389 masculinum
552 1337 604 1389 aut
632 1331 820 1391 femininum.
866 1330 944 1391 dicta
967 1338 1065 1391 aulem
1092 1330 1165 1391 haec
1188 1339 1257 1392 sunt
1278 1332 1315 1392 ah
1339 1352 1374 1392 eo

38 1442 62 1480 10
75 1447 203 1505 genera,
227 1431 306 1509 quod
327 1448 473 1507 generare
495 1438 628 1509 possunt.
674 1432 803 1512 denique
826 1434 852 1493 si
874 1430 1061 1511 simplicibus
1083 1438 1113 1492 el
1135 1434 1215 1491 veris
1237 1440 1267 1493 et
1288 1440 1373 1493 nalu-

77 1530 196 1591 ralibus
223 1532 395 1593 nominihus
423 1538 556 1601 utamur,
585 1533 719 1593 naturale
746 1536 877 1613 primum
910 1533 1106 1594 masculinum
1138 1551 1232 1611 genus
1265 1553 1372 1603 mares,

74 1633 258 1693 femininum
286 1635 414 1694 feminas
440 1633 665 1711 appellabimus
710 1636 762 1694 sed
789 1630 938 1716 quolniam
970 1633 1052 1715 [cum
1075 1635 1207 1695 dicamus
1230 1637 1301 1697 Cato
1325 1644 1375 1696 aut

75 1733 206 1804 Marcia,
238 1738 357 1796 nomina
386 1736 540 1796 hominum
568 1735 695 1797 dicimus
723 1756 799 1815 quae
827 1736 911 1817 quia]
936 1736 1050 1797 nullum
1070 1754 1180 1797 nornen
1203 1740 1301 1815 ipsum
1324 1745 1375 1798 eut

75 1854 143 1895 mas
171 1844 216 1897 est
243 1844 307 1919 aut·
322 1838 448 1908 lemina,
482 1839 586 1915 generi
611 1844 709 1898 tannen
736 1838 885 1909 subiacet,
919 1841 988 1918 quia
1022 1840 1157 1917 corporis
1182 1857 1290 1899 nomen
1319 1846 1372 1907 est,

40 1950 64 1987 1⁵
78 1944 163 1997 recte
190 1939 386 2000 masculinum
413 1956 508 2017 genus
536 1945 587 1999 aul
615 1940 805 2009 femininum,
842 1959 900 2001 non
932 1959 994 2001 mas
1021 1947 1072 2001 aut
1098 1941 1207 2001 semina
1236 1940 1373 2001 dicimus.

77 2058 139 2099 non
163 2043 243 2101 enim
266 2043 387 2102 nomina
409 2048 567 2119 generant,
597 2042 649 2101 scd
672 2060 815 2121 corpora,
846 2060 972 2121 quorum
994 2042 1044 2102 illa
1067 2050 1137 2103 sunt
1158 2045 1287 2104 nomine.
1333 2044 1373 2102 ila

77 2160 139 2201 non
168 2161 277 2203 nomen
305 2162 370 2204 mas
398 2151 450 2205 aut
476 2144 587 2203 lemine
614 2151 673 2213 est,
704 2144 757 2203 sed
785 2144 872 2204 lromo
901 2152 952 2205 aut
980 2144 1102 2213 animal,
1126 2146 1211 2205 cuius
1233 2144 1304 2205 illud
1329 2150 1374 2203 est

77 2261 199 2303 nomen.
243 2245 322 2324 quod
349 2263 417 2306 cum
444 2248 486 2305 ila
514 2248 567 2313 sit,
596 2253 731 2306 remanet
757 2254 790 2306 ut
818 2249 848 2305 in
882 2246 937 2306 hoc
965 2246 1017 2305 tali
1052 2246 1180 2307 dictione
1209 2248 1372 2315 nominum,

78 2346 159 2423 quod
183 2346 344 2408 masculina
367 2350 577 2427 potiusquam
600 2366 710 2417 mares,
735 2348 879 2408 feminina
902 2365 991 2426 quam
1013 2347 1139 2408 feminas
1161 2348 1296 2416 dicimus,
1320 2364 1371 2407 na·

41 2460 65 2500 ²⁰
79 2448 176 2507 turale
204 2452 325 2525 generis
351 2469 461 2511 nomen
488 2450 623 2510 videatur
652 2452 803 2510 omissum.
854 2455 944 2509 erunt
974 2456 1070 2529 lamen
1104 2450 1280 2528 principalia
1317 2446 1372 2508 sub

79 2549 170 2610 liuius
201 2551 281 2611 modi
311 2551 483 2613 nominihus
509 2569 631 2629 genera.
675 2569 751 2631 quae
779 2552 920 2630 quoniam
948 2552 989 2610 ita
1013 2550 1155 2629 appellari
1179 2557 1282 2631 coepta
1305 2556 1373 2611 sunl

79 2653 111 2711 in
134 2652 307 2713 nominihus
335 2655 544 2724 animantium,
574 2660 692 2714 extenta
719 2672 770 2713 res
798 2660 844 2712 est
870 2636 1099 2722 consuetudine,
1132 2659 1165 2712 ul
1187 2654 1277 2712 etiarn
1299 2652 1372 2712 haec

78 2775 156 2835 qnae
179 2761 279 2816 essent
300 2773 425 2817 sexuum
448 2758 582 2835 expertia
610 2756 774 2817 masculino
796 2772 907 2832 genere
931 2761 981 2816 aut
1003 2755 1147 2813 feminino
1169 2770 1280 2831 genere
1303 2770 1365 2811 ecn-

79 2864 234 2926 screntur,
268 2864 302 2917 ut
334 2875 385 2917 aer
419 2864 524 2937 portus
551 2864 631 2918 terra
658 2858 774 2919 domus.
818 2874 891 2934 ergo
918 2856 976 2916 duo
1003 2872 1113 2933 genera
1147 2853 1291 2915 naturalia
1320 2871 1372 2913 sen

31 2970 66 3015 ,25
79 2959 259 3039 principalia
294 2966 377 3028 sunt,
415 2958 612 3020 masculinum
644 2967 676 3019 et
707 2960 895 3019 femininum.
946 2959 1068 3017 tertium
1100 2975 1194 3034 genus
1222 2964 1267 3016 ost
1294 2955 1372 3035 quod

77 3069 221 3123 neutrum
243 3068 361 3130 vocant,
391 3062 470 3139 quod
498 3063 567 3140 quia
595 3063 627 3121 in
655 3061 702 3121 his
729 3067 845 3121 tantum
873 3057 965 3121 rebus
986 3059 1109 3129 dicitur,
1133 3076 1208 3137 quae
1232 3057 1374 3117 animales

78 3182 139 3225 non
161 3170 245 3232 sunt,
274 3162 415 3223 artificale
444 3163 565 3242 quidam
587 3170 701 3241 putant.
747 3181 806 3223 non
829 3163 908 3222 enirn
931 3162 1001 3230 hoc,
1031 3162 1184 3239 inquiunt,
1209 3158 1299 3219 habet
1320 3178 1372 3219 na·

79 3274 160 3335 lura,
191 3264 243 3325 sed
272 3267 353 3325 venit
379 3283 415 3324 ex
443 3272 516 3325 arte.
561 3265 611 3325 alii
639 3282 710 3323 vero
738 3273 768 3324 et
797 3264 853 3324 hoc
875 3262 1011 3325 naturale
1039 3279 1134 3339 genus
1156 3268 1237 3321 recte
1257 3268 1372 3339 putant.

78 3368 160 3447 quod
193 3369 274 3427 enirn
306 3372 412 3427 natura
443 3366 641 3427 masculinum
671 3368 802 3444 itemque
836 3366 1014 3425 femininum
1042 3383 1101 3424 non
1130 3366 1183 3431 sil,
1212 3362 1243 3423 id
1271 3363 1374 3424 dicunt

44 3475 220 3529 ³0neutrum
251 3486 316 3529 esse
350 3477 467 3531 natura.
513 3472 553 3528 ita
586 3486 662 3545 crgo
690 3469 749 3527 tria
776 3485 887 3544 genera
916 3468 1046 3545 primum
1074 3472 1180 3525 natura
1208 3466 1371 3525 constituit.

77 3572 155 3631 lianc
178 3577 280 3630 secuta
310 3589 372 3640 ars,
401 3572 510 3649 partim
539 3572 650 3629 rationi
677 3569 767 3629 alicui
789 3571 937 3636 serviens,
961 3585 1105 3644 generum
1128 3568 1191 3627 lere
1215 3583 1371 3626 numerum

78 3674 220 3740 retinuit,
255 3672 382 3733 naturali
414 3680 512 3733 tamen
540 3691 643 3732 rerum
670 3671 852 3731 discretione
882 3668 1007 3729 sublata.
1052 3686 1120 3729 narn
1148 3668 1290 3749 quicquid
1318 3686 1372 3747 per

147 3892 244 3943 2adeo
259 3894 341 3943 bonus
358 3909 404 3943 om.
419 3892 477 3943 BL
548 3894 564 3943 5
583 3906 633 3942 non
653 3889 767 3941 absoluto
784 3889 886 3940 nomine
905 3898 943 3939 est
961 3888 1025 3939 ΒΜ
1030 3887 1055 3935 L
1106 3886 1202 3937 dinen
1219 3888 1300 3938 maior
1318 3905 1373 3939 ma·

81 3963 195 4013 inscolus
219 3978 264 4012 om.
284 3962 347 4013 BM
353 3964 377 4011 L
448 3966 462 4013 7
488 3959 596 4029 Genera]
626 3963 753 4011 Varronis
776 3960 916 4009 doctrinam
939 3959 971 4009 de
993 3958 1140 4024 generibus,
1164 3974 1236 4023 qaam
1257 3960 1373 4024 sequitur

82 4033 242 4089 Consentius,
266 4034 416 4083 rettulerant
432 4033 587 4096 interpreter
605 4033 708 4093 Donati,
732 4028 835 4080 Seraim
853 4044 883 4091 p.
905 4029 973 4088 407,
992 4027 1035 4082 311.
1055 4026 1115 4088 492,
1131 4026 1173 4089 37,
1193 4027 1326 4090 Pompeias
1342 4046 1369 4093 p.

81 4101 139 4162 rsa,
154 4102 199 4164 23,
218 4102 335 4153 Iulianae
349 4118 377 4165 p.
398 4101 459 4166 318,
480 4104 524 4153 17:
543 4102 578 4164 cs.
603 4103 744 4152 Wilrnanna
760 4101 792 4150 de
814 4102 895 4154 Vara.
913 4098 973 4149 libr.
991 4114 1094 4165 mamm.
1112 4114 1140 4162 p.
1157 4096 1192 4149 32
1243 4097 1261 4147 8
1283 4106 1372 4147 natura

80 4187 126 4221 ono
138 4172 175 4221 M
242 4172 393 4235 lldietaqoe
406 4171 469 4221 haee
487 4172 543 4221 BL
616 4171 649 4221 10
666 4172 736 4219 ueris
754 4169 911 4219 naturalibus
931 4168 1074 4219 nominibus
1092 4175 1192 4217 utamur
1211 4168 1245 4217 M
1260 4168 1329 4217 neris
1348 4176 1372 4217 et

81 4241 239 4293 naturalibus
256 4250 357 4291 utamur
370 4241 424 4290 BL
497 4242 528 4292 12
543 4239 662 4304 laminas]
681 4239 817 4289 femininos
840 4240 861 4288 L
933 4238 965 4289 13
985 4253 1049 4301 qliae
1070 4235 1140 4303 quia]
1160 4237 1227 4300 quod
1244 4236 1277 4286 M
1292 4252 1370 4300 quon-

81 4326 153 4373 quam
173 4311 315 4362 marus.
334 4327 369 4361 ex
388 4310 548 4361 adnotatione
558 4311 757 4375 interpolatoris,
772 4310 945 4375 quieaeemplic
954 4309 1092 4372 adempte
1109 4308 1272 4370 definitionem
1287 4322 1371 4371 pram

80 4384 161 4431 malici
176 4385 365 4447 explicaverat,
387 4380 463 4430 verba
483 4383 575 4430 relicta
592 4395 649 4430 esce
666 4381 781 4430 videatur
851 4380 934 4443 ipsum
953 4377 1044 4443 (ipsud
1060 4375 1104 4439 M)
1122 4384 1166 4426 aut
1185 4375 1313 4426 masculus
1333 4384 1371 4426 est

82 4449 171 4499 BML
242 4451 276 4501 la
294 4447 363 4517 qnia]
386 4451 453 4514 qued
470 4451 504 4499 M
572 4450 604 4499 15
621 4464 671 4498 non
687 4449 815 4499 masculas
831 4456 874 4497 aut
890 4447 986 4496 lemine
1000 4447 1024 4495 L
1041 4460 1092 4495 nun
1111 4446 1251 4495 masculum
1270 4452 1313 4495 aul
1332 4445 1370 4495 le-

82 4521 173 4569 minam
191 4519 227 4569 M
296 4521 328 4571 17
348 4521 418 4569 masse
435 4528 479 4569 aut
497 4516 562 4568 femi
579 4527 618 4569 eat
631 4518 664 4568 M
732 4518 765 4569 18
783 4516 862 4583 qnod]
883 4517 988 4580 quaeL
1058 4512 1179 4580 dictione]
1202 4515 1370 4565 declinatione

82 4589 133 4639 BL
205 4592 238 4641 21
259 4604 324 4655 quac
344 4590 464 4654 quoniam
483 4604 540 4638 cum
563 4589 642 4637 itaL
711 4590 745 4638 22
763 4597 868 4638 extensa
887 4587 911 4635 l1
979 4582 1013 4637 23
1032 4594 1117 4635 essem
1137 4600 1244 4635 sexuum
1264 4594 1371 4651 experta

83 4662 303 4728 MLffisexum
324 4676 472 4742 expertaB
540 4676 575 4726 25
594 4682 632 4723 est
646 4690 691 4725 om.
709 4674 771 4724 ML
823 4672 858 4725 26
877 4673 943 4737 qnod
963 4670 1033 4737 quia]
1054 4670 1205 4735 quedth
1220 4672 1312 4741 qq3L

83 4748 113 4795 21
133 4747 210 4798 habet
223 4756 340 4797 naturam
362 4748 384 4796 L
455 4744 490 4795 29
505 4760 580 4808 quam
600 4745 667 4794 enim
684 4752 800 4794 naturam
813 4744 838 4793 L
909 4743 996 4792 dieunt
1013 4756 1059 4795 oni.
1077 4744 1116 4791 L:
1135 4742 1161 4791 id
1180 4752 1297 4792 neutrum
1313 4756 1370 4791 esse

83 4825 169 4867 natura
186 4818 263 4869 debet
281 4818 314 4867 M
383 4816 414 4868 31
430 4811 506 4880 hanc]
529 4815 592 4865 hace
611 4816 644 4866 M
708 4814 822 4880 sortasse
840 4814 930 4880 partim
950 4812 1147 4877 consuetudini,
1167 4812 1259 4879 panim
1278 4812 1369 4863 rationi
