3350 5442
666 1091 782 1166 W·
1169 1090 1175 1104 “

165 1149 393 1295 moram
420 1199 476 1293 ux
501 1197 667 1342 putiau
694 1197 1008 1294 eouuuunruo
1036 1197 1080 1292 u
1105 1198 1310 1294 uouauu

1384 1333 1400 1393 7

631 1575 679 1636 DE
701 1573 847 1637 NOMINE
1049 1605 1052 1609 ·
1128 1617 1150 1657 p.
1163 1605 1197 1645 33.
1210 1606 1235 1646 aa
1248 1604 1282 1644 aa.
1296 1603 1358 1644 aaa.

177 1695 276 1766 Quare
308 1695 457 1755 inchoavit
486 1693 616 1755 Donatus
645 1712 661 1753 3
691 1696 811 1755 nornine
845 1700 874 1754 et
902 1711 961 1753 non
995 1711 1010 1752 a
1042 1690 1154 1760 littera,
1187 1713 1253 1756 cum
1287 1691 1336 1753 alii
1368 1711 1383 1752 3

87 1794 189 1858 littera
213 1797 420 1858 inchoassent?
444 1796 547 1858 Sciens
573 1796 704 1857 Donatus
731 1797 798 1874 quia
825 1797 942 1881 etipsa
965 1795 1062 1855 littera
1085 1812 1194 1855 nomeu
1218 1800 1294 1863 erat,
1317 1790 1385 1852 ideo
1434 1788 1437 1795 ’

60 1899 241 1960 aiuchoavit
261 1919 275 1960 3
300 1901 419 1960 nomine
442 1907 471 1960 et
494 1917 552 1959 non
576 1917 591 1959 a
614 1898 720 1960 littera.
766 1897 829 1968 Ouo
853 1897 958 1957 modo?
980 1897 1053 1958 Puta
1076 1899 1102 1958 si
1124 1914 1269 1957 assumam
1291 1912 1385 1955 uuum

87 2020 217 2072 nomen,
246 2001 343 2063 divido
367 1999 439 2062 illud
462 2018 517 2080 per
544 1998 693 2082 syllabam}
716 2000 818 2074 ultima
841 1997 953 2080 syllaba
975 2017 1049 2080 quae
1071 1999 1264 2068 remanserit,
1288 1996 1385 2057 divido

86 2103 172 2164 illam
201 2122 254 2183 per
281 2103 410 2173 litteras,
440 2102 536 2163 littera
565 2121 640 2182 quae
668 2103 846 2164 remanserit
877 2102 967 2163 dividi
1001 2120 1060 2163 non
1093 2109 1192 2182 potest
1219 2108 1249 2161 et
1277 2119 1385 2161 nomen

88 2213 145 2266 est.
192 2204 260 2266 ideo
283 2225 297 2265 a
321 2207 441 2266 nomine
462 2203 611 2265 inchoavit
638 2210 667 2264 et
695 2222 755 2264 non
783 2223 799 2264 a
829 2203 936 2265 littera.
973 2239 1008 2247 -
1038 2204 1174 2265 Nomen
1203 2201 1386 2281 quidest?

86 2307 182 2368 Pars
216 2309 399 2368 orationis
436 2325 512 2367 cum
552 2325 654 2368 casu:
701 2306 766 2378 Quo
798 2305 887 2366 modo
920 2325 990 2385 pars
1022 2308 1166 2366 orationis
1198 2323 1265 2366 cum
1298 2304 1386 2364 casui

52 2430 75 2467 ιο
89 2409 166 2470 Pars
188 2409 345 2470 locutionis
367 2427 433 2470 eum
456 2428 534 2470 casu.
580 2409 644 2481 Quo
668 2406 774 2468 model
811 2407 886 2479 Quia
915 2410 1047 2489 quamvis
1075 2408 1251 2469 defectivum
1274 2407 1312 2465 sit
1333 2424 1385 2465 uo·

88 2530 176 2581 meu,
206 2512 270 2571 sine
299 2529 371 2572 casu
399 2529 466 2571 esse
494 2529 554 2572 non
582 2518 689 2590 potest.
733 2508 822 2572 habet
850 2510 929 2569 enim
958 2518 1009 2570 aut
1034 2528 1125 2570 unum
1154 2517 1205 2571 aut
1234 2508 1309 2569 duos
1337 2514 1387 2567 aut

89 2612 292 2694 qrrantosllbet
313 2613 351 2674 de
372 2615 435 2674 istis
458 2631 508 2673 sex
533 2611 659 2674 casibus.
701 2611 798 2682 Quare
817 2610 890 2671 dixit
912 2615 999 2690 ‘pars
1021 2613 1163 2673 orationis
1186 2630 1254 2672 cum
1277 2609 1385 2671 casu'l

89 2717 164 2787 Ouia
188 2733 264 2795 puer
285 2715 355 2776 iude
378 2712 599 2792 ambiguitatem
622 2711 724 2784 habet,
755 2732 790 2773 eo
814 2711 894 2791 quod
917 2716 1086 2793 pronomini
1109 2722 1139 2775 et
1160 2715 1314 2795 participio
1337 2731 1385 2772 33-

89 2835 141 2878 sus
171 2817 324 2888 accidunt,
353 2818 429 2878 sicut
458 2823 487 2876 et
514 2817 635 2877 nomini.
681 2815 752 2876 dicit
779 2817 938 2895 Pompeius
965 2815 1070 2896 ‘plane
1099 2818 1175 2877 scire
1203 2814 1295 2876 debes
1317 2815 1386 2891 quia

55 2919 142 2998 isqui
165 2913 293 3004 aliquam
316 2936 379 2979 rem
403 2918 506 2978 delinit
526 2919 565 2979 ita
589 2916 678 2978 debet
699 2917 837 2992 delinire,
870 2925 902 2977 ut
924 2927 954 2979 et
974 2919 1068 2998 ipsam
1090 2937 1155 2979 rem
1178 2918 1332 2998 exprimat,
1357 2924 1387 2976 et

90 3039 105 3079 3
130 3023 243 3082 ceteris
264 3019 354 3082 rebus
376 3021 524 3099 seiungat,
549 3021 588 3080 ita
613 3026 645 3080 ut
666 3021 748 3098 prius
771 3019 849 3081 dicat
869 3018 948 3101 quod
971 3039 1129 3082 commune
1152 3029 1210 3091 est,
1234 3027 1263 3079 et
1284 3027 1387 3098 postea

90 3121 172 3200 quod
197 3123 352 3203 proprium
375 3127 448 3183 est'.
495 3129 525 3183 et
552 3121 682 3183 Donatus
711 3121 787 3183 hanc
809 3120 943 3200 reguiam
965 3141 1085 3184 servans
1106 3124 1191 3202 prius
1212 3121 1286 3180 dixit
1307 3117 1387 3200 quod

91 3241 252 3285 commuue
276 3231 336 3294 est,
361 3231 390 3285 et
411 3231 511 3304 postea
536 3223 614 3303 quod
637 3225 791 3304 proprium
815 3232 869 3284 est.
899 3223 969 3284 dum
985 3224 1058 3285 dixit
1080 3225 1166 3285 ‘cum
1182 3228 1281 3294 casu',
1305 3240 1386 3282 com-

90 3344 212 3386 munem
236 3343 300 3386 rem
328 3327 415 3396 dixit,
446 3328 515 3406 quia
542 3327 712 3405 pronomini
741 3332 769 3386 et
796 3326 952 3405 participio
975 3344 1059 3387 casus
1081 3326 1234 3396 accidunt,
1258 3327 1336 3386 sicut
1358 3330 1387 3383 et

57 3454 80 3492 eo
94 3429 220 3489 nomini.
250 3426 302 3488 sed
325 3435 358 3488 ut
379 3427 459 3489 illam
483 3428 518 3489 ad
540 3429 753 3509 proprietatem
776 3427 971 3506 perduceret,
995 3428 1066 3488 dixit
1090 3430 1218 3509 ‘corpus
1233 3434 1284 3488 aut
1298 3429 1386 3496 rem',

92 3548 171 3610 quae
194 3535 308 3590 lantum
332 3528 420 3590 modo
442 3532 555 3590 nomini
577 3530 728 3600 accidunt,
758 3547 817 3589 uon
847 3528 911 3589 aliis
933 3527 1032 3590 rebus.
1066 3530 1145 3591 unde
1167 3529 1276 3598 Audax,
1300 3527 1387 3588 ‘deh-

93 3633 167 3692 nitio
191 3630 262 3711 quid
285 3632 348 3692 esti
371 3633 466 3692 oratio
489 3650 563 3713 quae
585 3630 614 3692 id
638 3631 675 3692 de
691 3648 748 3709 quo
771 3633 925 3710 quaeritur
947 3638 1049 3711 aperte
1072 3631 1215 3693 describit
1238 3638 1268 3692 et
1289 3630 1386 3691 deter-

93 3735 200 3803 minat,
228 3740 262 3794 ut
289 3741 362 3813 puta
390 3735 414 3794 si
442 3751 568 3814 quaeras
596 3753 612 3794 a
640 3752 702 3804 me,
731 3731 801 3813 quid
827 3735 867 3794 sit
895 3732 999 3804 homo,
1029 3733 1232 3813 respondebo,
1261 3731 1387 3793 ‘animal

93 3833 237 3897 rationale
259 3835 383 3896 mortale
406 3837 484 3897 risus
506 3838 626 3916 capax'.
656 3835 725 3896 dum
748 3835 822 3895 dixit
844 3834 997 3906 ‘animal',
1020 3855 1209 3896 communem
1224 3854 1289 3896 rem
1304 3835 1386 3903 dixit,

58 3941 163 4018 asquia
192 3954 279 3998 omne
309 3936 386 4018 quod
415 3939 483 3999 vivit
510 3945 540 3998 et
566 3957 621 4018 per
650 3957 681 3999 se
710 3944 846 3998 movetur
872 3956 962 4017 super
990 3945 1101 4000 terram
1129 3937 1236 3999 animal
1264 3937 1386 3997 dicitur:

69 4103 70 4106 Ἴ
95 4058 162 4100 nam
185 4037 309 4100 arbores
332 4046 362 4099 et
384 4047 482 4100 cetera
510 4038 677 4100 inanimalia
698 4049 867 4111 moventur,
897 4041 949 4102 sed
972 4059 1032 4102 non
1054 4059 1090 4100 ex
1113 4059 1159 4110 se,
1189 4041 1246 4101 nisi
1269 4057 1284 4100 a
1307 4047 1387 4100 tactu

96 4150 146 4202 aut
166 4139 295 4221 impulsu
319 4133 549 4202 cuiuslibet'rei.
588 4142 658 4203 dum
682 4141 755 4203 dixit
776 4142 967 4213 ε33333313,
983 4144 1148 4222 segregavit
1160 4142 1196 4203 ab
1212 4140 1387 4203 animalibus

96 4241 202 4323 brutis,
227 4249 257 4304 et
278 4243 336 4303 hoc
358 4241 445 4313 dixit,
463 4243 541 4324 quod
564 4263 721 4307 commuue
744 4244 833 4305 habet
855 4245 944 4307 honlo
966 4265 1033 4306 cum
1057 4244 1181 4325 angelis,
1199 4247 1267 4323 quia
1289 4241 1385 4322 augeli

159 4487 184 4543 R
205 4488 291 4544 editio
314 4487 447 4544 Romana
469 4505 498 4544 3.
522 4487 603 4546 1797
627 4505 643 4545 3
665 4491 765 4546 codice
786 4488 922 4546 Palatino
945 4481 1026 4546 1746
1050 4504 1192 4562 expressa

164 4651 244 4717 ilper
262 4652 378 4718 syllabas
395 4679 430 4692 -
448 4653 517 4702 illam
536 4669 582 4707 orn.
599 4655 631 4718 lt,
650 4654 711 4707 add.
731 4655 757 4704 B
828 4655 859 4705 ll
878 4652 966 4719 habet]
987 4655 1076 4704 habult
1092 4655 1130 4705 R·
1186 4656 1218 4706 14
1238 4653 1386 4721 Pompeius]

96 4719 327 4783 3303313333,
416 4722 504 4790 debes]
530 4723 645 4774 debetll
715 4725 747 4774 at
768 4723 880 4774 delinitio
895 4724 978 4775 -23
994 4727 1062 4775 risus
1079 4739 1161 4791 capax
1179 4741 1214 4774 33
1228 4725 1342 4776 Audacia
1354 4727 1387 4775 de

98 4798 157 4840 arte
173 4794 335 4856 pneumatica
353 4793 430 4850 libro,
458 4796 501 4858 qui
518 4802 555 4845 est
573 4797 597 4846 in
615 4795 702 4844 codice
719 4793 848 4845 Bernaasi
865 4793 916 4847 336
940 4803 964 4845 et
982 4795 1139 4860 Frisinpenei
1154 4797 1205 4846 234
1221 4798 1304 4860 petita
1328 4804 1388 4846 aunt

166 4864 197 4912 ‘24
217 4861 351 4932 rationale]
373 4865 520 4914 rationabile
536 4864 558 4915 ll
629 4864 662 4916 26
678 4873 814 4916 mouentur
834 4865 858 4916 B
873 4868 1040 4916 ruouebuutur
1058 4867 1080 4918 ll
1152 4867 1200 4916 uisi
1216 4866 1308 4919 adactu
1326 4867 1352 4918 B
