3350 5442
304 318 367 384 aaa
876 320 1015 403 [ssent]

332 441 352 480 p.
366 427 466 466 nsi-ss
480 425 502 466 u.
1409 441 1432 484 p.
1445 431 1491 471 su.
1504 433 1528 471 ιι
1539 431 1561 472 ι.

305 506 378 567 dum
403 505 415 586 ll
446 513 497 565 aut
523 512 639 585 tempus
668 515 717 566 aut
745 525 902 568 numerum
929 514 980 568 aut
1007 507 1152 568 ordinem.
1196 508 1292 570 locum
1321 511 1517 588 significantia
1537 511 1583 570 ad-

304 590 406 651 verbia
428 597 479 650 aut
501 591 531 650 iu
554 591 617 650 loeo
640 600 723 661 sunt,
747 601 779 652 ut
802 595 896 661 intus,
919 592 1020 653 autad
1036 593 1146 662 locum,
1170 601 1203 653 ut
1224 597 1318 663 intro,
1342 603 1393 655 aut
1414 613 1469 674 per
1483 594 1582 660 locum,

303 684 337 737 ut
359 676 427 744 bac,
452 681 502 735 aut
524 693 540 734 e
563 675 641 744 loco,
665 684 697 735 ut
720 677 800 736 hino.
845 684 978 756 tempora
1000 696 1075 757 quae
1103 679 1271 755 significant
1292 678 1432 740 adverbia
1454 687 1504 739 aut
1523 682 1583 740 iuti·

303 763 365 822 nita
388 767 470 828 sunt,
495 768 528 821 ut
550 757 554 840 l
579 760 734 838 aliquando
754 780 850 840 nuper
872 764 930 822 ium
953 762 1024 822 alias
1047 761 1222 842 iampridem
1237 765 1401 843 quondam,
1425 773 1476 824 aut
1497 765 1581 831 fruita,

304 855 337 906 ut
357 846 446 907 bodie
469 863 534 905 cras
557 844 714 924 perendie,
738 849 841 907 autin
864 847 987 907 contuso
1010 848 1107 915 finita,
1131 854 1163 907 ut
1185 849 1254 908 oiim
1277 867 1344 908 mox
1365 849 1484 908 taudem
1499 866 1602 927 saepe-³

303 932 401 992 subito
429 938 566 1008 repente,
595 939 646 989 urit
676 933 806 1008 perlecta
834 933 865 991 in
894 933 1033 1000 contuso,
1062 939 1095 990 ut
1115 933 1224 992 cotidie
1247 952 1365 1012 semper
1387 936 1514 1000 interea,
1536 945 1582 993 aut

303 1024 373 1076 sunt
399 1017 581 1094 praesentis,
612 1022 644 1074 ut
670 1018 867 1076 cummaxime
895 1035 983 1076 nuuc.
1027 1034 1182 1077 numerum
1217 1019 1412 1095 significantia
1441 1018 1579 1080 adverbia.

304 1108 337 1160 ut
358 1100 450 1160 semel
474 1099 521 1160 bis
548 1105 608 1168 ter,
638 1107 688 1159 aut
713 1101 863 1170 ordinem,
893 1107 926 1161 ut
953 1103 1060 1161 iterum
1091 1105 1180 1162 tertio
1202 1111 1316 1181 quarto,
1360 1110 1431 1163 sunt
1451 1103 1579 1163 adverbia

303 1194 353 1246 avit
375 1184 516 1262 negandi,
546 1192 578 1244 ut
606 1203 678 1254 uon,
707 1192 758 1244 aut
785 1184 978 1265 prohibendi,
1006 1193 1038 1245 ut
1060 1205 1113 1255 ue,
1142 1193 1191 1246 aut
1213 1188 1423 1266 promittendi,
1447 1196 1479 1247 ιιι
1499 1190 1579 1248 otiam

302 1271 421 1349 quidni,
446 1276 497 1329 aut
519 1261 755 1338 demonstrandi,
779 1277 812 1329 ut
827 1289 864 1330 en
880 1289 964 1340 ecce,
987 1271 1193 1350 autumandi,
1219 1280 1250 1331 ut
1274 1274 1401 1340 utinam,
1424 1281 1474 1332 aut
1495 1275 1614 1332 iuter-1⁰

303 1355 441 1433 rogandi,
466 1361 498 1414 ut
520 1372 573 1414 cur
595 1354 667 1434 quid
683 1373 775 1433 quare
791 1373 911 1434 nempe,
935 1363 986 1415 aut
1001 1356 1218 1426 similitudinis,
1243 1364 1276 1416 ut
1298 1356 1338 1417 ita
1360 1356 1484 1436 perinde
1500 1358 1580 1417 veluti

303 1458 358 1500 ceu
380 1440 484 1500 itidem
507 1443 592 1518 quasi
607 1440 734 1518 qualiter
757 1440 869 1507 taliter,
893 1447 944 1499 aut
966 1439 1133 1510 dubitandi,
1158 1448 1190 1501 ut
1211 1442 1353 1518 tortasse;
1376 1449 1427 1502 sut
1445 1454 1580 1522 ¹persona·

304 1526 372 1585 liter
400 1524 487 1594 tiunt,
516 1532 549 1584 ut
572 1542 688 1584 mecum
716 1531 830 1593 tecum,
860 1531 911 1585 aut
932 1524 1070 1595 elective,
1100 1533 1131 1585 ut
1153 1527 1265 1604 potius,
1289 1534 1340 1586 aut
1361 1526 1531 1595 discretive,
1552 1537 1583 1586 ut

302 1627 449 1678 seorsum,
473 1617 524 1670 aut
546 1610 768 1687 congregatim,
792 1616 896 1668 utuua
919 1613 1033 1688 pariter
1054 1609 1157 1680 simul,
1180 1618 1231 1670 aut
1252 1610 1443 1680 declinative,
1466 1620 1499 1672 ut
1519 1615 1580 1671 ιιιιι-

303 1694 396 1764 stitus,
420 1702 449 1753 ct
470 1712 545 1774 quae
568 1693 615 1754 his
638 1695 770 1772 proxima
794 1703 874 1762 sunt,
900 1702 931 1755 ut
947 1695 1067 1754 meatim
1090 1697 1194 1754 tuatim
1217 1697 1326 1775 raptim
1346 1699 1456 1756 sensim
1479 1711 1614 1757 corne-15

302 1780 395 1840 liatim
424 1783 559 1848 tractim:
588 1789 638 1840 sut
666 1785 736 1839 suut
763 1778 915 1847 hortandi,
947 1786 979 1839 ut
1007 1780 1086 1848 heia,
1116 1787 1167 1840 aut
1194 1780 1332 1848 vocandi,
1362 1787 1395 1840 ut
1422 1781 1510 1844 beus.
1538 1793 1585 1840 arrt

302 1863 516 1944 respondendi,
546 1871 579 1926 ut
605 1865 679 1932 beu;
708 1870 760 1924 aut
786 1871 924 1924 eventum
947 1864 1129 1941 significant,
1157 1867 1289 1924 ut-iorte
1311 1865 1452 1936 fortuitu;
1481 1874 1529 1925 aut
1549 1865 1586 1924 ab

302 1953 401 2010 animo
424 1958 593 2017 sumuntur,
616 1957 648 2010 ut
671 1951 822 2027 sapienter
845 1948 944 2018 docte,
968 1955 1018 2009 aut
1040 1967 1056 2008 a
1078 1967 1218 2028 corpore,
1242 1956 1275 2008 ut
1295 1949 1443 2019 valenter,
1468 1958 1517 2011 aut
1537 1968 1586 2009 ex·

302 2037 464 2104 trinsecus
494 2042 526 2095 ut
552 2033 628 2094 bene
656 2033 806 2110 fortunate
833 2033 990 2103 nobiliter;
1019 2040 1070 2094 aut
1096 2034 1216 2095 modum
1243 2034 1426 2111 significant,
1455 2045 1486 2095 ut
1516 2037 1586 2094 satis

301 2120 423 2198 largiter
444 2121 534 2180 nimis
555 2136 715 2198 parumper
736 2118 823 2198 plene
839 2124 930 2178 vaste.
960 2120 1069 2196 positio
1090 2119 1200 2178 accidit
1221 2118 1384 2188 adverbiis,
1407 2138 1474 2179 cum
1497 2139 1586 2198 quae·
1599 2131 1623 2166 ²⁰

194 2200 195 2203 ’
301 2205 367 2266 dam
390 2207 589 2284 praepositiva
604 2212 686 2272 suut,
710 2211 742 2264 ut
765 2201 908 2282 qualiter,
931 2203 1075 2282 quaedam
1090 2203 1290 2274 subiunctiva‚
1313 2212 1346 2264 ut
1360 2204 1471 2264 taliter.
1494 2205 1587 2280 ligura

301 2289 510 2351 adverbiorum
532 2289 642 2368 duplex
666 2294 723 2348 est:
748 2295 798 2348 aut
821 2289 900 2347 enim
924 2286 1069 2366 simplicia
1092 2295 1160 2347 sunt
1182 2287 1332 2358 adverbia,
1356 2295 1389 2348 ut
1410 2287 1514 2368 probe,
1537 2298 1586 2347 aut

300 2375 477 2454 composita,
500 2381 533 2434 ut
555 2373 702 2454 improbe.
746 2373 873 2452 qualitas
896 2381 925 2432 et
947 2375 1095 2451 quantitas
1116 2373 1255 2433 accidunt
1276 2373 1432 2443 adverbio,
1455 2391 1521 2433 eum
1537 2382 1587 2432 aut

301 2460 434 2521 absoluta
462 2467 530 2519 sunt
557 2457 712 2528 adverbia,
742 2469 774 2516 ut
797 2457 872 2516 bene
895 2456 967 2525 alte,
997 2464 1046 2517 aut
1067 2459 1280 2536 comparativa,
1305 2468 1337 2518 ut
1360 2457 1467 2518 melius
1488 2458 1587 2527 altius,

300 2554 353 2606 out
373 2544 566 2625 superlativa,
589 2551 621 2604 ιιι
644 2545 754 2623 optime
777 2542 928 2602 altissime.
1143 2563 1146 2567 ·
1601 2555 1625 2590 ει

800 2711 849 2772 DE
871 2709 1084 2774 rturtcuuu

383 2834 576 2914 Participium
604 2841 650 2893 est
675 2849 744 2912 pars
772 2831 916 2891 orationis
937 2837 1052 2910 partem
1076 2827 1089 2910 ll
1113 2848 1129 2891 a
1158 2832 1290 2901 nomine,
1320 2841 1434 2911 partem
1456 2851 1473 2892 a
1495 2831 1590 2892 verbo

299 2922 434 2999 capiens:
469 2938 486 2979 a
514 2919 634 2979 nomine
662 2935 755 2994 genus
783 2923 813 2975 et
840 2933 955 2985 casum,
983 2934 999 2975 a
1022 2914 1113 2975 verbo
1136 2923 1268 2995 tempora
1291 2925 1321 2976 et
1342 2917 1590 2995 significationes

299 3004 336 3065 ab
369 3014 493 3085 utroque
521 3021 676 3064 numerum
710 3010 741 3061 ct
767 3002 900 3079 liguram.
944 3002 1103 3079 participio
1136 3002 1274 3062 accidunt
1306 3020 1373 3071 sex,
1409 3003 1591 3079 significatio

299 3099 415 3169 tempus
437 3089 529 3166 ligura
552 3105 645 3166 genus
666 3104 807 3147 numerus
829 3103 925 3146 casus.
970 3087 1202 3163 significationes
1223 3095 1292 3146 suut
1313 3089 1459 3166 quinque,
1481 3090 1589 3150 activa.
1604 3106 1630 3143 s·

299 3193 373 3254 quse
401 3173 492 3235 habet
519 3173 578 3234 duo
604 3182 752 3250 tempora,
780 3189 923 3249 praesens
945 3178 976 3230 et
996 3172 1146 3240 futurum,
1176 3178 1210 3232 ut
1231 3171 1333 3249 legens
1354 3173 1486 3233 lecuxrus
1508 3172 1591 3249 lnaru

157 3317 160 3322 ,
195 3329 197 3333 ,
299 3278 417 3338 semper
439 3267 520 3319 caret
542 3255 730 3337 praeterito);
758 3257 891 3335 passiva,
920 3273 995 3334 quae
1023 3254 1112 3315 habet
1138 3255 1196 3315 duo
1218 3263 1366 3336 tempora,
1390 3260 1590 3337 praeteritum

299 3351 328 3404 et
350 3345 495 3416 futurum,
525 3351 558 3403 ut
586 3343 678 3403 lectus
705 3341 849 3418 legendus
877 3340 956 3419 (nam
977 3358 1120 3418 praesens
1141 3359 1199 3401 uon
1223 3341 1339 3423 babet);
1368 3351 1486 3411 neutra,
1510 3361 1590 3421 quar

299 3429 388 3490 babet
416 3445 556 3508 praeseus
585 3435 615 3487 et
642 3427 788 3495 futurum,
818 3433 850 3486 ιιι
878 3427 1001 3485 veniens
1029 3433 1186 3498 venturus;
1209 3425 1375 3506 deponens,
1399 3427 1592 3507 quaelubet

298 3517 355 3574 tria
377 3520 524 3592 tempora,
554 3531 694 3591 praesens
721 3513 915 3592 praeteritum
943 3518 973 3570 et
999 3511 1149 3579 futurum,
1178 3519 1211 3571 ut
1238 3514 1392 3591 suspicans
1417 3515 1590 3591 suspicatus
1603 3530 1628 3571 xz

298 3598 718 3677 suspicaturusqeummuuis,
742 3614 817 3675 quae
840 3594 930 3656 babet
951 3604 1086 3676 tempora
1108 3604 1250 3675 quatuor,
1274 3615 1416 3676 praeseus
1437 3602 1590 3676 praeteri·

297 3691 359 3743 tum
381 3689 411 3742 et
433 3683 539 3762 duplex
562 3683 707 3751 futurum,
732 3689 764 3742 ut
785 3681 939 3741 consolans
961 3682 1129 3742 consolatus
1152 3681 1355 3742 consolaturus
1377 3682 1588 3742 consolandus.

296 3777 428 3848 tempora
457 3768 622 3847 participiis
650 3766 787 3829 accidunt
814 3767 885 3835 tria,
914 3784 1071 3844 praesens,
1102 3774 1133 3826 ut
1161 3766 1277 3844 legens,
1307 3768 1516 3846 praeteritum,
1555 3778 1587 3827 ut

296 3852 404 3923 lectus,
439 3854 587 3922 futurum,
624 3858 657 3911 ut
684 3852 816 3913 lecturus
845 3858 877 3910 et
903 3850 1055 3927 legendus.
1100 3850 1391 3945 animadvertendum
1420 3859 1518 3911 autem
1548 3853 1589 3912 de

364 4106 471 4158 bbodie
485 4114 528 4157 aut
545 4121 601 4157 orus
624 4105 651 4156 V
667 4105 742 4155 hodie
761 4119 827 4156 utine
846 4117 936 4162 erese
1005 4105 1023 4157 6
1041 4106 1152 4170 qxvotidie
1175 4107 1200 4156 V
1267 4106 1418 4156 ‘lnumeros
1435 4107 1590 4174 significan·

296 4179 330 4226 tis
351 4179 376 4228 V
393 4186 437 4226 aru
456 4192 586 4227 numerum
605 4175 776 4242 significantis
793 4188 811 4231 ς
828 4190 961 4226 numerum
980 4176 1125 4242 significant
1139 4175 1325 4228 Lindemann
1377 4176 1394 4228 8
1412 4187 1473 4226 suut
1490 4179 1591 4228 eduxer—

298 4249 337 4296 bio
355 4247 428 4296 etium
448 4247 569 4312 negandi,
588 4255 616 4296 ut
629 4261 677 4294 nou
696 4245 773 4308 houd,
789 4245 939 4312 prohibendi
959 4258 975 4301 ς
1064 4245 1096 4296 to
1116 4245 1204 4309 quidni
1224 4256 1251 4296 ut
1266 4247 1302 4294 uti
1317 4255 1361 4296 sut
1379 4249 1539 4296 monstrandi
1564 4252 1596 4300 V

365 4317 397 4368 12
414 4317 521 4380 qualiter
541 4314 614 4367 sliter
632 4327 675 4365 sut
692 4315 824 4365 dubitandi
838 4317 861 4367 θ
878 4315 987 4380 qualiter
1001 4323 1026 4366 et
1041 4317 1113 4366 aliter
1128 4324 1153 4365 et
1168 4317 1301 4366 dubitandi
1318 4329 1335 4372 ς
1353 4315 1461 4378 qualiter
1479 4326 1524 4366 sut
1538 4319 1591 4368 du-

295 4385 391 4437 uiuendi
415 4387 441 4435 V
493 4385 525 4436 14
541 4400 655 4435 seorsum
674 4393 698 4434 et
713 4386 931 4452 congregotiuec
983 4383 1145 4453 deeliustive]
1165 4386 1320 4436 declaratiue
1339 4385 1366 4436 V
1436 4387 1470 4438 15
1487 4392 1590 4452 ruptim

295 4452 402 4521 sensim]
425 4455 523 4505 rsmtim
544 4455 635 4505 sentim
657 4455 684 4504 V
750 4450 919 4522 corneliatim]
946 4457 1063 4506 ternatim
1081 4470 1107 4511 ς.
1123 4461 1237 4519 sortasse
1254 4459 1418 4522 contemptim
1437 4459 1477 4506 uel
1494 4469 1591 4509 mutu-

294 4527 375 4576 riatim
465 4526 496 4576 17
516 4526 643 4575 sutenim
661 4533 778 4575 euentum
799 4526 852 4576 Vo'
927 4525 960 4578 18
977 4526 1085 4575 sumitur
1104 4527 1147 4581 (ὶς
1216 4526 1251 4576 20
1267 4527 1361 4576 accidit
1378 4526 1492 4592 (secedit
1513 4529 1548 4576 V
1554 4533 1592 4594 (ι’)

295 4595 320 4644 iu
338 4595 468 4646 aduerbiis
490 4596 516 4644 V
522 4595 567 4650 ὓς
635 4595 668 4644 22
685 4597 885 4661 sutcomposits
903 4605 931 4646 ut
946 4595 1060 4662 improbe
1077 4611 1124 4645 om.
1145 4597 1171 4646 V
1220 4597 1254 4646 23
1268 4596 1377 4659 qualitas
1395 4605 1440 4646 ιιιιι
1453 4601 1593 4662 quantitas

293 4666 391 4715 accedit
408 4665 435 4714 V
499 4661 688 4732 cum]quis(1'
774 4667 808 4716 24
825 4665 901 4714 ultius
919 4665 1072 4731 superistiue
1095 4667 1120 4714 V
1125 4665 1171 4719 θς
1252 4666 1286 4716 28
1302 4665 1518 4731 significationem
1542 4671 1593 4728 ὃς

363 4733 397 4784 33
409 4749 467 4783 nam
486 4736 612 4798 presentis
635 4737 662 4784 V
674 4749 731 4784 uem
750 4736 876 4800 praesenti
895 4734 918 4784 G
975 4733 1010 4786 39
1027 4735 1210 4785 aduerteudum
1227 4743 1312 4785 autem
1330 4735 1362 4783 de
1380 4739 1547 4802 temporibus
1566 4752 1594 4794 et

294 4803 557 4870 significationibusti
576 4804 758 4854 aduertendum
771 4813 856 4856 sutem
875 4805 1030 4873 temporibus
1048 4815 1087 4854 est
1102 4804 1330 4871 significationibus
1346 4804 1377 4858 V
