3350 5442
610 377 847 440 COMMENTVM
1100 441 1110 463 x
1313 373 1376 439 267

1139 480 1142 485 ’
1193 497 1214 538 p.
1227 484 1352 526 aaz-seu

84 559 267 641 expletivae,
300 563 369 643 quia
396 561 469 625 illud
491 564 569 643 quod
599 567 697 627 minus
725 565 835 627 dictum
865 573 930 626 erat
955 583 1079 627 accessu
1108 565 1196 627 huius
1229 564 1375 646 expletur.

84 671 115 725 et
140 677 237 743 paene
257 666 294 744 in
321 663 461 728 onanlbus
487 666 544 728 hoc
571 685 636 729 esse
663 668 803 729 invenies.
849 668 1000 746 equidem,
1029 667 1059 728 id
1087 677 1134 730 est
1159 684 1214 746 ego
1241 668 1376 748 quidem:

85 765 236 845 ‘equidem
258 765 392 829 volebam
415 767 515 830 ridere
536 769 773 848 praelectum’si
792 773 890 839 dicas,
913 777 943 831 et
963 771 989 831 si
1011 769 1092 832 dicas
1113 769 1261 831 ‘volebam
1276 770 1377 832 videre

84 869 292 946 praelectum’,
316 868 404 949 longe
425 869 504 932 aliud
528 877 582 933 est.
628 873 679 951 qui
703 871 773 934 dicit
794 872 942 935 ‘volebam
961 871 1063 934 videre
1084 872 1297 951 praelectum',
1320 873 1378 935 hoc

58 970 158 1032 edicit
179 969 362 1052 simpliciter,
386 971 531 1035 ‘volebam
553 973 654 1035 videro
676 975 887 1054 praelectum’3
910 977 962 1054 qni
983 974 1055 1036 dicit
1075 974 1226 1064 ‘equidem
1244 973 1377 1037 volebam

83 1072 188 1135 videre
202 1075 407 1154 praelectum’,
429 1077 485 1139 hcc
506 1078 588 1151 dicit,
613 1077 755 1139 ‘uolebam
781 1079 882 1140 cidere
900 1078 1102 1155 praefectum,
1125 1078 1182 1138 nisi
1196 1075 1270 1138 illud
1291 1079 1377 1140 tima·

82 1194 168 1247 rem,
192 1177 251 1238 nlsi
272 1175 348 1240 iilud
377 1177 523 1242 obesset'.
567 1199 636 1242 nam
659 1181 709 1259 qui
731 1179 803 1242 dicit
824 1180 979 1262 ‘equidem
1002 1178 1137 1240 volebam
1160 1178 1292 1250 videre',
1320 1178 1379 1241 hoc

82 1279 240 1357 significat,
263 1279 409 1343 ‘volebam
431 1280 542 1354 ridere,
566 1282 618 1344 sed
641 1281 697 1345 alia
719 1299 769 1344 res
789 1281 958 1353 intercedit,
982 1300 1058 1362 quae
1079 1279 1249 1361 probibet’;
1277 1284 1378 1360 ‘equi-

83 1382 153 1444 dem
177 1380 311 1443 volebam
334 1381 445 1461 legere,
467 1382 519 1446 sed
542 1383 616 1448 illud
637 1387 756 1448 timeo’.
790 1384 859 1447 ideo
881 1386 1020 1447 dicuntur
1043 1382 1214 1463 expletivae,
1238 1384 1378 1463 quoniam

48 1483 195 1546 uiolatae
217 1482 336 1564 aliquid,
360 1484 439 1564 quod
461 1504 521 1548 non
541 1483 546 1570 l
567 1504 740 1568 expressum
761 1496 815 1560 cst,
839 1487 893 1550 sed
914 1487 1000 1559 latet,
1022 1485 1095 1548 illud
1118 1487 1200 1567 ipsae
1220 1505 1270 1548 res
1292 1485 1379 1548 nobis

83 1586 302 1652 demonshant.

169 1688 252 1753 luter
273 1689 404 1752 causales
426 1697 455 1752 et
477 1691 637 1754 rationales
664 1701 711 1755 est
731 1693 911 1765 diilerenu'a,
945 1700 976 1754 et
1003 1699 1049 1754 est
1075 1691 1125 1752 hic
1150 1693 1277 1753 maxima
1304 1691 1452 1763 diiii-418,
1466 1701 1498 1751 1⁷

83 1791 190 1862 chilias,
216 1800 247 1853 et
268 1793 324 1854 nisi
339 1792 480 1856 adhibeas
495 1794 659 1876 prudenter
674 1797 878 1867 intentionem,
901 1815 962 1858 non
976 1793 1064 1856 lacile
1080 1794 1236 1864 discernis,
1260 1793 1379 1876 quando
1392 1770 1451 1832 ⁵¹⁶⁹
1463 1771 1498 1820 2⁰

84 1893 230 1956 debemus
253 1896 297 1958 utl
319 1894 437 1967 causali,
461 1897 579 1978 quando
601 1895 744 1960 debemus
766 1899 809 1962 uti
830 1897 977 1970 rationali,
999 1898 1078 1978 siqui
1099 1896 1178 1959 dicat
1199 1903 1270 1977 puta
1289 1895 1380 1976 fquid

51 2005 129 2058 uest
159 1996 318 2060 causalis’?
354 1999 424 2078 quid
453 2008 498 2062 est
519 2001 706 2064 rationalis’i
750 2003 909 2064 voluerunt
935 2001 1063 2061 maiores
1084 2000 1179 2061 nostrl
1204 1998 1290 2060 allam
1314 2016 1381 2060 esse
1487 2012 1494 2027 ·

84 2116 223 2170 causam,
254 2099 341 2163 allam
363 2105 519 2165 rationem.
565 2123 633 2166 nam
656 2121 743 2166 causa
765 2111 953 2185 potestesse
974 2104 1037 2165 sine
1058 2103 1189 2173 raucae,
1218 2102 1294 2187 ratio
1316 2103 1381 2164 sine

84 2219 176 2263 causa
204 2219 269 2264 esse
295 2222 356 2266 non
383 2211 490 2286 potest.
535 2215 606 2286 puta
634 2224 721 2268 causa
751 2214 796 2269 est
821 2205 906 2268 verbi
927 2224 1031 2276 causa,
1059 2205 1138 2283 siqui
1159 2203 1238 2265 dicat
1259 2202 1380 2265 ‘occido

82 2303 169 2367 illum
193 2305 355 2378 hominem,
377 2315 410 2369 ut
431 2306 533 2370 tollam
554 2325 604 2370 res
625 2311 747 2390 ipsius'.
790 2309 864 2371 haec
886 2327 973 2371 causa
995 2316 1054 2378 est,
1079 2324 1156 2385 quae
1177 2324 1232 2367 nos
1253 2308 1382 2387 inpingit

84 2407 119 2470 ad
142 2408 324 2479 laciendum,
347 2409 378 2470 id
400 2418 445 2472 est
466 2429 555 2472 cansa
578 2430 653 2491 quae
676 2430 731 2473 nos
753 2410 869 2492 inpellit
889 2411 925 2474 ad
948 2411 1071 2472 lacinus.
1116 2427 1191 2488 quae
1213 2414 1259 2470 est
1274 2410 1380 2472 causa?

50 2526 132 2574 acres
154 2510 245 2574 lucri.
288 2513 366 2574 ratio
388 2521 433 2575 est
454 2531 511 2594 qua
534 2515 646 2576 utimur
667 2515 699 2575 in
720 2514 867 2576 iaciendo.
912 2514 938 2576 si
960 2512 1040 2574 dicas
1063 2510 1171 2573 ‘debeo
1195 2510 1279 2572 iilum
1301 2512 1380 2572 occi·

85 2613 172 2684 dere;
198 2614 250 2675 sed
273 2615 299 2675 si
320 2613 393 2676 ulau
416 2613 519 2677 dixero
541 2613 637 2688 alicui,
660 2616 754 2695 prodo
777 2635 841 2689 me;
869 2616 923 2678 sed
945 2633 1076 2687 veneno,
1100 2613 1152 2675 sed
1174 2631 1229 2693 per
1250 2622 1378 2686 noctem,

84 2718 195 2795 nequis
222 2735 271 2780 me
297 2715 429 2778 videat’i
465 2719 544 2794 uide,
573 2727 715 2797 quantum
748 2721 874 2781 interest
904 2721 984 2780 inter
1018 2735 1138 2780 causam
1167 2726 1198 2779 et
1222 2717 1378 2779 rationem.

84 2818 173 2898 plano
196 2817 249 2880 ubl
272 2827 317 2881 est
338 2837 440 2891 causa,
470 2838 530 2888 non
557 2823 656 2883 statim
678 2828 723 2884 est
743 2823 829 2883 ratio.
865 2839 975 2902 ‚neque
1003 2821 1097 2890 enim,
1126 2819 1265 2901 quonlam
1291 2836 1381 2897 spero

84 2921 293 2992 hereditatem,
317 2919 412 2984 debeo
434 2922 518 2984 lllnm
540 2923 687 2986 occidere.
703 2951 709 2960 ·
725 2924 816 3005 qnid?
839 2925 865 2986 si
886 2931 971 3004 pater
993 2941 1077 2984 meus
1099 2922 1203 2992 luerit,
1225 2920 1381 3002 numquid,

50 3025 236 3102 aequoniam·
253 3041 343 3104 spero
365 3023 569 3096 hereditatem,
593 3026 687 3088 debeo
709 3034 824 3109 patrem
847 3043 946 3088 meum
967 3025 1127 3087 occideret
1153 3042 1225 3103 ergo
1247 3041 1309 3085 non
1330 3021 1382 3086 ubi

85 3134 253 3197 causaest,
276 3127 375 3188 statim
398 3133 427 3187 et
448 3129 524 3190 ratio
547 3135 603 3190 est.
641 3147 658 3190 e
681 3131 829 3192 contrario
852 3147 913 3191 non
935 3134 1005 3190 ante
1025 3133 1125 3209 potest
1145 3127 1273 3188 inveniri
1293 3126 1380 3195 ratio,

85 3230 142 3290 nisi
170 3247 261 3291 causa
289 3228 458 3308 praecedat.
503 3247 579 3308 quae
606 3234 715 3294 causa?
745 3235 829 3313 quia,
858 3232 884 3294 sl
911 3230 1007 3294 dicam
1035 3231 1084 3292 ‘in
1098 3226 1182 3290 vsolis
1208 3227 1383 3307 regionibns

86 3329 168 3393 solus
192 3331 321 3403 laclam’,
344 3349 469 3393 necesse
491 3340 537 3393 est
557 3341 590 3395 nt
611 3334 769 3420 praecedat
788 3333 792 3417 Ι
812 3337 901 3396 etiam
924 3353 1024 3406 causa,
1052 3351 1144 3416 quare
1165 3331 1308 3394 occidam.
1352 3337 1382 3394 et

85 3432 157 3512 quid
181 3432 306 3514 prodest
327 3434 384 3495 hoc
406 3436 502 3496 scire?
537 3444 660 3517 propter
681 3436 761 3499 illam
784 3455 918 3508 eausam,
943 3455 1032 3517 quam
1054 3435 1181 3514 legistis,
1204 3433 1275 3495 licet
1297 3431 1383 3497 nobis

54 3533 223 3597 incausales
247 3537 289 3597 uti
310 3555 366 3616 pro
389 3538 598 3610 rationalibus;
622 3558 680 3601 non
710 3541 823 3601 utimur
844 3559 899 3620 pro
923 3537 1091 3602 causalibus
1113 3536 1283 3599 rationales.
1326 3555 1381 3617 po·

86 3645 144 3699 test
165 3637 234 3699 lieri
248 3645 291 3709 nt,
314 3637 366 3700 nbi
386 3638 517 3703 volueris
539 3660 653 3721 ponere
675 3643 861 3712 rationalem,
884 3659 978 3721 ponas
999 3640 1042 3703 ibi
1064 3647 1094 3702 et
1108 3638 1258 3702 causalem
1271 3641 1303 3701 in
1318 3640 1383 3720 ipsa

87 3739 270 3809 elocutione;
294 3759 311 3804 a
333 3743 499 3815 contrario,
522 3743 574 3806 uhi
588 3724 642 3806 ‘est
664 3743 801 3816 causalis,
825 3762 885 3806 non
908 3745 1007 3806 statim
1028 3760 1122 3824 pones
1144 3751 1174 3804 ei
1195 3740 1381 3807 rationalem.

87 3845 200 3924 quare?
237 3843 304 3923 quia
332 3845 363 3906 in
386 3846 502 3906 ratione
525 3855 570 3908 est
591 3865 695 3918 causa,
723 3849 755 3909 in
783 3865 872 3909 causa
899 3865 959 3908 non
981 3847 1078 3908 statim
1107 3853 1153 3908 est
1179 3847 1266 3907 ratio.
1311 3859 1384 3921 ergo

88 3946 359 4025 quotienscumque
386 3946 424 4009 de
451 3966 539 4010 causa
570 3947 735 4027 loquimur,
770 3951 813 4011 uti
846 3948 990 4011 debemus
1011 3945 1193 4018 causalibus;
1230 3948 1381 4028 quotiens·

59 4065 220 4128 tecumque
242 4049 281 4110 de
303 4050 419 4112 ratione
442 4048 602 4128 loquimur,
627 4053 670 4114 uti
692 4051 835 4116 dehemus
857 4050 1060 4114 rationalibus.
1106 4059 1139 4112 ut
1163 4057 1234 4130 puta
1256 4050 1282 4111 si
1302 4047 1384 4110 dicas

89 4150 136 4220 ita,
159 4151 199 4214 ‘si
222 4151 357 4213 occidam
378 4150 472 4223 illum,
495 4153 613 4216 habebo
629 4157 694 4217 eius
708 4152 926 4226 hereditatem’,
949 4155 1089 4234 quoniam
1112 4153 1149 4214 de
1170 4152 1384 4232 significatione

91 4249 165 4320 lucri
194 4261 316 4326 tractas,
348 4255 415 4334 quia
443 4273 512 4336 spes
538 4255 615 4319 lucri
642 4264 671 4318 te
699 4259 779 4338 cogit
804 4258 843 4318 ad
870 4257 999 4326 lacinus,
1034 4255 1111 4318 bene
1131 4256 1226 4317 uteris
1259 4251 1384 4318 causali:

159 4460 340 4512 laeeessuso
390 4459 476 4528 explet
489 4461 712 4528 BGaexpletaA
763 4461 1147 4514 2inuenies0binuenieAB
1197 4452 1385 4524 dpraeiedinm

93 4537 116 4576 et
133 4529 157 4579 si
175 4529 248 4580 dicas
267 4529 385 4580 uolebam
404 4530 491 4583 ABG
538 4533 555 4585 6
575 4531 625 4582 hoo
642 4532 705 4582 dicit
724 4530 840 4584 volebam
863 4533 950 4582 videre
968 4531 1125 4598 praelectum
1146 4547 1193 4584 orn.
1210 4528 1294 4582 ABG
1352 4531 1386 4582 10

94 4599 158 4660 qood
176 4613 329 4666 expressum
346 4609 385 4651 est
402 4601 428 4652 B
478 4601 605 4652 lateretA
624 4600 792 4659 late„„B
843 4603 876 4655 18
892 4601 1074 4669 inpingetAC
1121 4602 1155 4653 22
1174 4601 1290 4654 videam.
1304 4599 1387 4652 Aac

158 4667 194 4720 29
212 4669 274 4734 quid
291 4670 397 4737 prodest
414 4671 463 4721 hoc
480 4673 534 4723 scis
553 4672 614 4736 quid
630 4681 734 4740 propter
748 4672 833 4730 Aac
901 4671 936 4723 34
952 4672 1075 4722 debemus
1089 4672 1121 4722 de
1139 4669 1286 4723 muralibus
1304 4669 1388 4722 ABG

160 4737 194 4789 db
212 4739 380 4790 rationalibus
398 4739 438 4792 Ob
453 4741 571 4793 rationali
591 4741 647 4794 AB
701 4741 735 4795 37
753 4743 814 4806 quia
832 4739 904 4810 spes]
923 4757 989 4806 quae
1007 4757 1067 4808 epea
1084 4740 1142 4792 AB
1148 4742 1170 4794 0
1225 4741 1291 4792 bene
1306 4740 1386 4792 uteris

95 4807 198 4872 censali,
216 4823 295 4859 caum
313 4810 379 4862 enlm
398 4821 437 4862 eat
455 4812 642 4864 Lindemaenua
660 4813 725 4864 bene
744 4813 822 4865 uteris
840 4811 936 4863 causali
953 4811 1060 4874 (causali
1078 4827 1125 4864 om.
1144 4813 1178 4870 B,
1195 4811 1257 4864 odd.
1276 4809 1305 4874 b)
1325 4825 1385 4862 cau-

97 4876 154 4930 salis
169 4879 237 4931 enim
255 4894 333 4932 cansa
349 4887 388 4932 est
403 4881 455 4934 BG
471 4882 535 4936 bene
555 4884 633 4938 uteris
651 4883 761 4941 causalis
779 4883 847 4934 euim
862 4883 973 4934 causalis
991 4883 1058 4934 enim
1075 4897 1154 4935 cauae
1170 4891 1209 4934 est
1224 4882 1249 4932 Α
