3350 5442
282 219 345 285 134
851 220 1005 281 POMPEll

323 357 328 369 .
341 331 418 371 sa-es
432 328 454 368 c.

283 343 396 470 tebtum
425 408 565 477 dicimus,
593 410 731 488 quotiens
759 413 826 488 post
853 407 945 487 pedes
973 406 1120 487 legitimos
1141 414 1278 488 superest
1300 404 1426 486 syllaba;
1448 405 1571 471 incisum

282 511 420 584 dicimus,
445 512 582 588 quotiens
603 510 645 570 ibi
667 510 732 571 finit
753 528 872 580 sensae,
897 508 948 570 ubi
969 528 1022 591 pes
1044 510 1117 569 lmit.

688 680 739 742 DE
760 679 942 743 PARTIBVS
965 678 1168 741 cuntionis

370 799 474 861 Partes
508 801 650 861 orationis
679 805 750 860 suut
776 807 858 859 octo:
894 798 971 879 apud
1007 782 1115 859 multos
1147 818 1253 860 novem
1286 800 1469 869 invenimus
1502 800 1575 879 apud

282 904 390 964 multos
418 902 537 971 decem,
568 902 647 980 apud
675 899 783 961 multos
813 900 968 969 undecim;
998 902 1165 961 invenimus
1195 910 1224 962 ει
1250 902 1389 982 quinque.
1435 901 1510 962 duas
1532 901 1598 961 eliis

282 1004 386 1065 dicunt
413 1016 512 1083 partes
540 1022 606 1065 esse
635 1004 793 1071 orationis:
830 1001 881 1063 alii
908 1002 1010 1064 dicunt
1037 1004 1168 1082 quinque
1196 1021 1260 1063 esse
1287 1010 1402 1083 partes,
1431 1003 1482 1064 alii
1504 1012 1577 1071 cetu,

282 1106 331 1167 alii
354 1124 476 1175 novem,
509 1103 558 1165 alii
580 1105 699 1175 decem,
731 1103 781 1164 alii
803 1104 951 1165 undecim.
991 1112 1090 1165 tamen
1114 1104 1243 1165 Donatus
1265 1106 1306 1164 ait
1328 1114 1406 1165 octo.
1452 1115 1497 1166 est
1519 1108 1579 1184 qui·

163 1223 224 1285 428,
239 1222 268 1270 ιι
283 1209 350 1269 dem
380 1210 516 1269 varietas.
558 1206 643 1266 multi
666 1202 670 1286 l
695 1206 798 1267 dicunt
825 1206 899 1268 duas
927 1225 991 1268 esse
1019 1214 1120 1287 partes
1148 1208 1306 1276 orationis,
1335 1225 1443 1268 nomen
1468 1215 1499 1267 et
1521 1226 1579 1268 ver-

286 1311 366 1379 bum,
390 1318 422 1370 ut
444 1311 522 1370 inter
544 1306 737 1389 pbilosopbos
761 1309 849 1368 etiam
871 1308 1049 1370 Aristoteliei
1072 1308 1187 1377 dicunt;
1211 1306 1296 1368 multi
1318 1308 1420 1369 dicunt
1442 1311 1578 1388 quinquo.

284 1414 335 1493 qui
357 1412 461 1473 dieunt
482 1413 614 1491 quinque
637 1429 702 1471 esse
724 1418 824 1489 partes
848 1411 1004 1481 orationis,
1035 1429 1201 1491 pronomen
1225 1409 1345 1481 tollunt,
1376 1413 1443 1488 quia
1467 1419 1578 1491 partem
1591 1432 1609 1469 n
1644 1422 1645 1425 ’

287 1516 415 1575 nominis
437 1512 538 1573 volunt
560 1530 641 1581 esse:
665 1511 839 1573 adverbium
863 1510 970 1574 tollunt
992 1520 1021 1573 ει
1042 1514 1246 1593 participium,
1271 1514 1339 1591 quia
1362 1520 1479 1592 partem
1503 1514 1579 1573 verbi

284 1634 350 1679 esse
378 1614 487 1676 volunt.
533 1622 690 1675 remanent
721 1631 793 1692 ergo
826 1616 974 1695 quinque,
1004 1633 1112 1676 nomen
1141 1614 1264 1675 verbum
1297 1617 1481 1695 praepositio
1514 1634 1579 1676 eou·
1644 1610 1645 1615 ’

283 1720 395 1779 iunctio
417 1718 594 1779 interiectio.
640 1716 690 1777 alii
713 1716 816 1776 dicunt
838 1735 943 1777 novem
967 1735 1047 1787 esse,
1077 1723 1250 1797 separantes
1272 1715 1410 1777 articulos
1433 1737 1450 1777 a
1474 1736 1579 1797 prono-

284 1812 423 1881 minibus.
468 1816 518 1879 alii
545 1818 649 1878 decem
677 1816 779 1878 dicunt
806 1837 873 1879 esse
901 1826 1000 1898 partes
1023 1820 1179 1890 orationis,
1209 1826 1381 1898 separantes
1403 1818 1580 1879 articulosa

283 1919 511 2004 pronominibus
535 1928 564 1980 et
586 1921 810 1981 interiectiones
832 1918 1051 1982 abadverbiis.
1083 1922 1160 1981 nosti
1184 1922 1262 1981 enim
1286 1919 1365 1998 quod
1389 1921 1467 2000 apud
1492 1922 1612 1982 Grae-'15

285 2044 336 2085 cos
357 2021 495 2085 similiter
517 2022 739 2083 interiectloues
762 2027 792 2082 et
813 2020 951 2083 adverbia
976 2022 1055 2083 idem
1078 2029 1157 2082 sunt.
1201 2022 1321 2082 interim
1345 2022 1478 2084 Donatus
1501 2042 1580 2084 secu·
1644 2058 1645 2063 .

184 2136 332 2202 temtus
360 2133 404 2186 est
432 2132 461 2185 et
490 2125 531 2185 ait
553 2128 639 2183 ‘octo
667 2130 737 2183 sunt
763 2132 863 2201 partes
880 2125 1059 2194 orationis&
1087 2122 1166 2203 quod
1197 2142 1299 2185 verum
1321 2131 1379 2192 est:
1404 2142 1509 2185 verum
1531 2130 1581 2183 ‘ex

224 2237 231 2251 ‘
285 2226 331 2287 bis
354 2226 430 2287 duae
452 2234 521 2287 sunt
542 2232 642 2305 partes
664 2226 807 2286 orationis
829 2223 1023 2305 principales,
1048 2222 1166 2307 nolmen
1190 2233 1218 2285 ει
1239 2225 1391 2287 verbum'.
1423 2234 1453 2285 et
1468 2244 1502 2285 re
1518 2244 1581 2286 vera

286 2349 345 2390 non
373 2336 471 2408 potest
497 2335 574 2389 stare
601 2328 666 2407 ipsa
696 2326 839 2396 elocutio,
868 2329 926 2387 nisi
955 2335 984 2387 et
1013 2346 1121 2389 nomen
1145 2326 1252 2389 babeat
1274 2336 1304 2388 et
1326 2327 1461 2388 verbum.
1508 2346 1581 2407 pone
1644 2312 1645 2315 ¹

285 2432 381 2492 solum
404 2448 585 2510 pronomen,
608 2448 687 2509 poue
708 2430 911 2509 participium,
942 2431 1197 2497 coniunctionem,
1220 2430 1490 2509 praepositionem,
1522 2428 1578 2490 noli
1592 2453 1612 2490 m

284 2551 398 2614 ponere
425 2551 536 2594 nomen
565 2541 594 2592 et
622 2531 762 2600 verbum,
794 2539 823 2591 et
851 2549 910 2592 non
940 2540 984 2591 est
1011 2530 1099 2610 plena
1122 2530 1257 2592 elocutio.
1304 2549 1375 2610 ergo
1398 2531 1467 2592 ideo
1491 2531 1581 2593 dictae

286 2642 356 2697 suut
382 2634 563 2713 principales
591 2642 691 2713 partes
721 2634 880 2703 orationis,
910 2634 1049 2712 quoniam
1079 2641 1109 2693 et
1137 2635 1218 2712 ipsae
1240 2633 1354 2694 iaciunt
1377 2631 1580 2707 elocutionem,

286 2746 316 2797 et
342 2736 399 2797 alia
428 2736 556 2797 elocutio
583 2738 646 2795 sine
679 2737 753 2816 ipsis
780 2734 863 2796 nulla
892 2742 945 2796 ost.
991 2753 1061 2795 ecce
1090 2736 1116 2796 si
1144 2735 1224 2795 dicas
1253 2736 1375 2797 ‘Cicero
1398 2742 1493 2805 oras’,
1518 2754 1582 2796 ecee

287 2838 392 2899 Cicero
421 2856 530 2898 nomeu
560 2844 617 2907 est,
648 2855 717 2897 oras
746 2836 919 2897 adverbium
949 2844 1007 2907 est,
1038 2844 1068 2897 et
1094 2854 1154 2897 uon
1183 2843 1228 2897 est
1249 2835 1338 2917 plena
1362 2836 1507 2909 elocutio,
1531 2839 1583 2898 nisi

287 2940 370 2999 dieas
398 2941 523 3001 ‘Cicero
552 2957 617 2999 cras
645 2940 750 2999 laciet'
780 2946 832 2999 aut
859 2938 982 2999 ‘diecti
1028 2938 1109 3000 vides
1137 2956 1208 3016 ergo
1236 2940 1376 3020 quoniam
1406 2959 1466 2999 non
1490 2947 1582 3020 potest
1594 2964 1614 3001 ss

288 3048 368 3103 stare
391 3040 536 3109 elocutio,
562 3042 619 3100 uisi
641 3060 749 3102 nomen
773 3051 803 3102 et
824 3040 947 3101 verbum
971 3042 1018 3105 sit.
1055 3047 1124 3118 puta
1148 3045 1233 3120 ‘post
1255 3044 1402 3122 tempus’:
1427 3042 1499 3122 quid
1522 3050 1583 3121 post

288 3144 426 3222 tempus?
450 3151 516 3223 post
537 3144 719 3222 praepositio
742 3152 800 3213 est,
826 3151 942 3223 tempus
965 3160 1075 3202 nornen
1098 3151 1152 3209 est,
1176 3150 1205 3203 et
1228 3150 1324 3204 tamen
1349 3161 1408 3203 non
1432 3152 1479 3204 est
1500 3143 1581 3223 plena

289 3244 426 3305 elocutio.
472 3244 539 3305 ideo
562 3262 633 3323 ergo
656 3244 710 3306 bas
738 3243 810 3305 duas
832 3246 905 3305 dicit
927 3263 991 3305 esse
1013 3251 1112 3323 partes
1134 3244 1329 3324 principales,
1359 3248 1502 3322 quoniam
1524 3248 1582 3306 sine

287 3348 360 3427 ipsis
388 3345 470 3407 nulla
496 3353 596 3426 potest
621 3354 701 3409 stare
728 3346 872 3417 elocutio,
901 3349 965 3407 sine
994 3348 1113 3407 nomine
1142 3355 1172 3407 et
1193 3345 1293 3406 verbo.
1337 3348 1366 3408 in
1390 3353 1505 3408 tantum
1529 3365 1582 3407 non

288 3456 385 3529 potest
411 3456 505 3517 stare,
533 3456 567 3509 ut
594 3457 711 3509 ceterae
738 3456 838 3528 partes
868 3450 1011 3509 orationis
1040 3468 1092 3510 sua
1121 3449 1240 3510 uomina
1269 3467 1328 3509 non
1351 3447 1502 3518 babeant,
1530 3449 1613 3511 nisiu

289 3551 359 3611 biuc
380 3549 523 3626 babeant,
547 3549 583 3611 ab
605 3548 664 3610 illis
686 3549 910 3630 principalibus.
957 3548 1026 3610 tolle
1049 3568 1167 3620 nomen,
1192 3559 1222 3611 et
1242 3570 1408 3630 pronomen
1432 3551 1509 3611 nibil
1532 3558 1581 3619 est,

290 3654 429 3732 quoniam
451 3652 584 3731 iungitur
599 3653 697 3713 ollicio
721 3654 859 3714 nominis
891 3650 1064 3714 adverbium
1086 3671 1135 3713 res
1158 3659 1202 3713 est
1223 3671 1298 3733 quae
1322 3654 1454 3731 iungitur
1481 3654 1581 3714 verbo:

289 3754 360 3816 tolle
383 3753 522 3823 verbum,
551 3761 581 3814 et
609 3773 668 3815 non
698 3757 755 3815 erit
781 3753 964 3815 adverbium.
1010 3756 1198 3834 participium
1221 3773 1282 3815 uon
1305 3763 1507 3834 potestesse,
1531 3756 1583 3815 nisi

289 3865 405 3937 partem
429 3857 555 3936 accipiat
569 3857 711 3926 nominis,
736 3864 850 3935 partem
867 3854 962 3916 verbi:
987 3856 1058 3916 tolle
1080 3856 1150 3916 istas
1170 3864 1281 3936 partes,
1305 3864 1334 3917 et
1356 3874 1415 3917 non
1439 3860 1497 3917 erit
1519 3876 1581 3937 par·

289 3960 434 4038 ticipium.
479 3960 716 4038 praepositiones
742 3948 966 4037 praeponuntur
989 3959 1115 4027 nomini,
1145 3958 1370 4019 coniunctiones
1393 3958 1484 4020 verba
1506 3956 1614 4041 conl-:s

289 4063 424 4140 iungunt.
470 4060 551 4121 vides
574 4079 645 4139 ergo
667 4060 746 4140 quod
769 4058 850 4121 nulla
873 4059 930 4120 alia
952 4079 1021 4139 pars
1047 4067 1145 4139 potest
1167 4060 1278 4121 habere
1300 4060 1418 4140 plenam
1442 4060 1581 4122 elocutio·

293 4182 551 4189 —n--o—-m—

360 4233 465 4281 2sxrn.
485 4246 518 4281 os
537 4232 701 4282 rosrrmusC
751 4230 768 4281 3
784 4246 816 4280 ει
835 4246 961 4281 enervens
980 4246 1113 4282 onnrvorus
1132 4246 1177 4280 om.
1193 4230 1287 4283 ABG:
1313 4246 1407 4283 vucrrvr
1428 4246 1581 4282 exrcnvlrvo

293 4317 410 4354 nonime
425 4317 528 4353 eonem.
549 4315 698 4352 ortumve
711 4342 735 4354 ..
756 4300 838 4363 (corr.
860 4316 952 4351 ronnei
979 4300 1153 4365 unsunirvcv)
1174 4302 1213 4349 A:
1238 4302 1327 4368 incipit
1346 4302 1377 4351 de
1400 4304 1497 4352 maiore
1516 4313 1581 4367 parve

293 4373 414 4423 orationis
431 4370 436 4438 Ι
451 4374 541 4437 incipit
559 4373 610 4431 iam
627 4379 733 4423 tractare
751 4372 783 4420 de
800 4372 914 4437 partibus
934 4372 1054 4421 orationis
1073 4372 1135 4423 adcl.
1155 4388 1172 4420 a
1259 4370 1276 4422 o
1295 4372 1406 4436 quinque
1424 4388 1482 4421 esse
1502 4382 1581 4436 partes

293 4444 347 4494 Be
360 4442 471 4507 quinque
490 4458 547 4493 esse
563 4452 650 4509 partes
667 4441 789 4492 orationis
807 4440 838 4490 a*
860 4442 971 4504 quinque
990 4440 1087 4491 esseA
1157 4440 1190 4491 16
1213 4441 1279 4491 idem
1298 4440 1337 4492 Ob
1356 4444 1444 4491 eadem
1464 4442 1487 4491 A
1494 4441 1519 4491 B

294 4512 327 4563 19
345 4512 393 4561 εἰει
413 4521 457 4563 εει
476 4528 568 4563 εοιεεε
583 4511 675 4562 habeut
690 4520 733 4560 eut
749 4512 856 4579 uerburp
876 4512 900 4561 A
907 4512 958 4561 Bc
1015 4512 1048 4563 25
1067 4511 1142 4559 lactet
1160 4519 1203 4560 εει
1218 4512 1283 4561 dicet
1301 4512 1373 4561 Btla
1389 4510 1449 4562 lacit
1468 4520 1512 4561 aut
1527 4512 1582 4561 dicit

293 4583 318 4631 A
389 4582 423 4633 26
442 4582 503 4645 quid
520 4591 579 4648 post
597 4591 698 4648 tempus
716 4598 762 4634 om.
782 4581 815 4643 A,
833 4581 929 4632 adda
999 4580 1032 4632 32
1050 4580 1135 4631 olllclo
1154 4580 1228 4631 Boa
1247 4582 1360 4632 cilicium
1378 4581 1403 4630 Α
1457 4598 1522 4646 quse
1540 4580 1582 4628 ad-

294 4651 407 4718 iungitur
426 4668 443 4701 a
464 4668 528 4716 quae
542 4694 567 4705 ..
587 4652 701 4719 iungitur
719 4652 742 4700 Α
831 4650 866 4702 34
884 4660 982 4717 purtem
1002 4653 1110 4717 accipiat
1126 4652 1236 4701 nominis
1254 4661 1352 4717 partem
1369 4652 1438 4703 uerbi
1458 4652 1481 4701 A
1500 4658 1582 4718 partes

294 4722 403 4787 accipiat
419 4722 520 4789 (capiat
536 4724 557 4773 G
573 4722 697 4789 suscipiat
711 4719 749 4784 B)
769 4721 879 4771 nominis
897 4728 1032 4787 partesque
1051 4722 1121 4771 uerbi
1142 4721 1212 4771 eea
