3350 5442
617 339 816 402 exornem
1299 314 1364 400 ‘321
1472 357 1475 366 ·

77 527 219 594 luvenalis
241 529 298 590 boc
321 529 411 590 breve
433 531 543 609 posuit.
581 529 622 590 lla
646 530 710 590 eius
733 526 912 608 exemplum.
943 525 1090 589 luvenalis
1112 526 1371 607 ‘thyrsumque

76 639 206 694 tenent
229 641 263 694 et
283 631 450 708 subligar
472 632 586 692 hooi’.

625 733 644 772 s
709 733 728 774 e
793 730 810 768 s

606 903 655 964 [th
676 901 835 964 PEDleS
1073 888 1076 892 ’
1192 911 1214 953 r·
1229 897 1340 940 runo.

121 1097 128 1110 κ
157 1024 215 1085 l’es
230 1023 301 1101 quid
317 1025 380 1083 est?
404 1021 587 1101 Syllabarum
605 1031 634 1081 et
648 1029 818 1101 temporum
842 1028 923 1082 certa
946 1021 1152 1095 dinumeratio.
1183 1020 1370 1091 Quomodo?
1450 1097 1455 1104 Ι

53 1127 147 1198 sOuia
169 1145 248 1186 unus
266 1127 389 1206 quisque
411 1144 464 1205 pes
492 1130 606 1186 certum
636 1141 794 1186 nanterum
823 1121 1003 1202 syllabarum
1032 1131 1062 1183 et
1082 1130 1251 1202 temporum
1273 1122 1371 1184 habet.

75 1228 137 1298 Ouo
167 1227 274 1289 modo?
309 1229 344 1289 Vt
371 1236 441 1308 puta
471 1229 497 1288 si
525 1225 620 1286 dicam
650 1225 817 1305 spondam,
848 1233 879 1285 et
906 1231 1003 1286 certas
1031 1223 1157 1305 syllabas
1184 1225 1275 1286 habet
1297 1226 1371 1288 duas

75 1329 174 1408 longas
208 1339 237 1391 et
269 1339 349 1392 certa
385 1337 525 1410 quattuor
560 1337 708 1408 tempora;
743 1330 785 1388 sie
819 1346 897 1389 unus
924 1329 1050 1408 quisque
1082 1347 1144 1407 pes.
1190 1329 1247 1390 Pes
1278 1347 1370 1408 quare

75 1433 188 1493 dictust
221 1428 295 1504 Quia
324 1451 412 1512 quem
441 1431 477 1493 ad
504 1430 624 1492 modum
654 1450 709 1492 nos
736 1433 793 1492 iter
822 1429 948 1510 pedibus
969 1431 1136 1508 gradimur,
1159 1431 1201 1492 ita
1225 1438 1254 1491 et
1276 1437 1370 1491 metra

75 1553 126 1614 per
148 1534 242 1614 pedes
263 1533 347 1614 gradi
370 1534 517 1596 videntur.
548 1531 615 1593 ideo
637 1549 691 1611 pes
712 1534 775 1613 ipse
797 1532 908 1602 dictus,
932 1551 968 1592 eo
991 1532 1071 1610 quod
1093 1534 1167 1612 ipsis
1189 1534 1320 1594 nitamur
1342 1542 1372 1592 et

44 1651 64 1689 ιο
76 1639 145 1715 ipsis
167 1636 341 1697 incedamus
363 1654 417 1715 per
439 1642 543 1696 metra.

158 1739 242 1810 Quae
264 1738 402 1799 accidunt
424 1739 476 1799 uni
499 1739 606 1817 cuique
629 1735 717 1816 pedi?
739 1738 820 1798 Arsis
843 1745 873 1798 et
894 1737 996 1806 thesis,
1020 1755 1166 1798 numerus
1180 1735 1370 1816 syllabarum,

77 1851 207 1920 tempus,
230 1840 389 1910 resolutio,
412 1841 521 1918 ligura,
545 1847 684 1900 metrum.
729 1837 803 1910 Quid
827 1848 874 1900 est
894 1841 987 1900 arsis?
1024 1839 1168 1909 Elevatio,
1198 1839 1228 1899 id
1251 1846 1296 1900 est
1325 1841 1371 1900 in·

77 1943 191 2004 choatio
214 1945 316 2022 portis.
361 1941 436 2012 Quid
460 1947 505 2002 est
527 1941 636 2002 thesis?
672 1940 797 2011 Positio,
822 1941 852 2001 id
875 1950 921 2002 est
942 1942 1008 2002 linis
1030 1943 1131 2021 partis.
1176 1941 1372 2012 Quomodo?

76 2046 144 2106 Puta
169 2046 196 2106 si
218 2045 312 2106 dicam
336 2044 484 2123 prudens,
507 2042 579 2104 illud
602 2061 658 2122 pru
682 2041 806 2104 elevatio
830 2052 890 2113 est,
913 2043 987 2104 illud
1011 2043 1085 2104 dens
1107 2044 1224 2122 positio.
1262 2041 1295 2102 ln
1318 2044 1370 2103 tri·

46 2159 65 2196 1⁵
77 2146 194 2225 syllabis
222 2153 251 2208 et
279 2145 475 2226 tetrasyllabis
502 2145 629 2225 pedibus
656 2152 729 2226 quot
756 2143 884 2225 syllabas
911 2144 1124 2228 sibiyvindicat
1151 2146 1227 2205 arsis
1249 2153 1279 2205 et
1301 2155 1373 2224 quot

78 2249 187 2310 thesis?
222 2248 255 2310 ln
283 2247 456 2327 trisyllabis,
486 2249 511 2310 si
539 2249 571 2308 in
598 2248 693 2327 prima
716 2246 853 2308 hahuerit
875 2254 1044 2317 accentum,
1074 2255 1106 2308 ut
1128 2254 1199 2326 puta
1221 2247 1370 2315 dominus,

77 2351 147 2411 duas
170 2349 297 2431 syllabas
326 2350 453 2411 vindicat
474 2351 549 2410 arsis
572 2357 601 2410 et
623 2367 712 2410 unam
735 2348 836 2410 thesis.
881 2369 949 2410 nam
972 2353 998 2410 si
1026 2348 1208 2429 paenultima
1230 2347 1296 2410 loco
1319 2348 1370 2408 ha-

78 2452 172 2513 huerit
201 2459 370 2523 accentum,
400 2461 433 2514 ut
457 2460 527 2532 puta
557 2451 675 2521 beatus,
704 2451 779 2513 arsis
801 2450 930 2512 vindicat
951 2470 1041 2512 unam
1064 2450 1206 2530 syllabam
1229 2461 1259 2513 et
1280 2450 1372 2512 thesis

79 2555 159 2614 duas
206 2556 248 2615 sio
272 2563 302 2615 et
326 2563 458 2634 tempora
481 2552 646 2615 secundum
670 2554 865 2630 quantitatem
888 2551 1067 2631 syllabarum
1091 2553 1148 2614 sibi
1169 2553 1370 2614 vindicabunt.

47 2657 140 2727 ²⁰an
164 2656 254 2717 modo
278 2675 421 2716 numerus
443 2654 640 2736 syllabarum?
676 2656 708 2716 Si
731 2673 767 2714 ex
790 2653 904 2714 duabus
925 2655 1022 2716 trihus
1044 2664 1094 2716 aut
1122 2662 1262 2733 quattuor
1283 2654 1370 2733 sylla·

79 2759 120 2820 his
149 2767 266 2820 constat
294 2761 357 2838 ipse
385 2777 447 2837 pes.
492 2757 557 2829 Quo
585 2757 673 2818 modo
701 2757 838 2836 tempus?
882 2756 960 2828 Quot
993 2763 1125 2836 tempora
1159 2756 1266 2818 haheat
1295 2775 1373 2818 unus

78 2863 202 2940 quisque
223 2879 292 2941 pes:
327 2861 352 2921 si
375 2860 544 2940 pyrrichius
564 2859 667 2930 luerit,
696 2857 754 2918 duo
775 2867 912 2938 tempora
934 2857 1038 2928 hahet;
1068 2861 1094 2919 si
1114 2857 1266 2938 spondeus
1287 2867 1372 2938 quat·

80 2969 158 3033 tuor:
183 2965 227 3024 sic
250 2972 280 3023 et
303 2981 378 3022 uirus
402 2964 527 3042 quisque
548 2980 610 3040 pes.
657 2961 722 3033 Qun
747 2960 835 3021 modo
858 2959 1020 3021 resolutio?
1052 2962 1083 3022 Si
1106 2960 1213 3022 accidit
1235 2962 1287 3020 uni
1310 2962 1370 3021 oui·

78 3083 131 3143 que
159 3064 231 3144 pedi
258 3063 414 3134 resolutio,
443 3065 468 3124 si
502 3081 571 3124 non.
617 3061 812 3133 Quomodo?
848 3062 920 3122 Puta
950 3065 976 3123 si
998 3062 1094 3122 dicam
1116 3063 1243 3125 ‘Saulus
1262 3044 1373 3126 Paulus

47 3181 68 3221 rs
79 3167 185 3228 Christi
209 3185 277 3226 cum
302 3167 376 3227 iacta
400 3170 554 3243 negaret'‚
584 3166 614 3225 in
643 3163 690 3226 his
712 3164 902 3226 sermonibus
923 3163 1083 3226 trochaeus
1111 3184 1165 3244 pes
1187 3175 1244 3227 est:
1278 3167 1303 3226 si
1325 3185 1372 3227 re·

78 3267 155 3328 solvo
179 3269 312 3348 priorem
335 3265 492 3347 syllabam,
522 3269 554 3327 srt
575 3267 645 3328 inde
668 3267 881 3328 antibacchius.
926 3267 1015 3328 huius
1039 3267 1223 3348 exemplum,
1247 3267 1372 3329 ‘Saulus

79 3369 183 3431 Paulus
206 3369 317 3432 Christi
338 3388 406 3430 cum
431 3369 506 3429 lacta
536 3374 687 3447 negaret'.
731 3369 789 3429 iam
813 3368 862 3429 hic
886 3368 923 3430 de
951 3368 1055 3430 solidis
1076 3373 1182 3431 scissio
1203 3371 1245 3431 lit.
1290 3372 1373 3431 Sicut

79 3472 168 3533 solida
198 3471 390 3541 scinduntur,
414 3479 540 3550 possunt
560 3470 681 3532 solidari
703 3473 802 3540 scissa,
827 3490 864 3532 an
887 3471 965 3530 noni
987 3471 1064 3532 llicit
1085 3473 1284 3534 Terentianus
1306 3477 1372 3534 ‘so-

78 3572 132 3634 lida
161 3573 257 3634 scindi
285 3579 424 3652 possunt,
453 3575 543 3636 scissa
566 3572 688 3634 solidari
710 3592 768 3634 non
793 3576 944 3652 possunt'.
990 3572 1042 3632 sed
1064 3575 1245 3646 invenimus,
1269 3574 1321 3637 ubi
1343 3584 1373 3636 et

50 3678 165 3736 useissa
187 3674 360 3736 solidentur.
406 3677 448 3736 lla
471 3676 536 3737 eius
558 3674 735 3755 exemplum.

228 3777 373 3838 Tenuis
394 3795 461 3838 nee
483 3776 591 3840 lanae
613 3797 679 3857 per
702 3775 845 3838 caelum
869 3775 1011 3838 vellera
1033 3778 1138 3839 terri.

81 3898 143 3940 nam
166 3883 197 3940 in
220 3881 278 3940 isto
301 3897 388 3940 versu
418 3886 448 3940 et
469 3881 559 3941 scissa
588 3879 752 3942 solidantur
780 3887 811 3940 et
837 3878 930 3940 solida
953 3880 1139 3943 scinduntur.
1177 3881 1372 3952 Quomodo?

82 3980 189 4044 Tenuia
221 3988 251 4042 et
279 3982 425 4044 scinditur
454 3991 484 4042 et
511 3982 668 4052 solidatur,
697 3983 764 4062 quia
791 3990 821 4043 te
849 3983 907 4044 nn‘a
936 3982 1047 4062 syllaba
1076 3993 1134 4054 est,
1164 4004 1205 4046 nu
1229 3985 1339 4057 altera,
1362 3989 1372 4047 i

83 4085 178 4154 tertia,
208 4103 225 4144 a
256 4093 373 4174 qrrarta:
412 4102 451 4144 nu
480 4084 608 4145 secunda
637 4083 746 4163 syllaba
774 4083 933 4154 scinditur,
958 4093 988 4146 et
1008 4087 1102 4165 ipsius
1125 4086 1254 4167 syllabae
1276 4091 1371 4168 prima

53 4183 172 4246 utiliora
195 4205 214 4246 n
238 4187 333 4265 priori
354 4184 483 4264 syllabae
506 4186 663 4256 solidatum
691 4187 821 4248 secunda
850 4206 919 4248 vero
940 4186 1039 4249 littera
1062 4207 1081 4248 u
1103 4188 1245 4250 solidatur
1267 4192 1373 4252 tertiae

83 4285 221 4364 syllabae;
253 4294 284 4348 et
310 4295 414 4366 quarta
444 4286 555 4367 syllaba
577 4288 723 4350 scinditur
746 4289 783 4350 de
805 4287 864 4350 loei
886 4291 933 4351 sui
955 4289 1059 4351 ordine
1082 4298 1112 4351 et
1133 4290 1277 4354 solidatur
1299 4291 1371 4354 alte·

84 4389 141 4450 rius
162 4389 239 4469 parti
263 4397 293 4448 et
314 4388 384 4450 lacit
405 4391 518 4459 tenvia,
542 4397 574 4450 ut
596 4392 634 4451 sit
655 4410 710 4470 pes
732 4390 879 4471 dactylus:
904 4401 933 4453 et
956 4411 1025 4453 eece
1047 4394 1150 4454 scissio
1173 4401 1203 4453 et
1225 4394 1370 4455 solidatio.

85 4489 144 4560 Ouo
171 4492 259 4552 modo
288 4491 400 4569 tigura‘l
444 4491 507 4562 Qua
536 4493 629 4569 figura
657 4512 734 4554 nnus
762 4496 887 4573 quisque
908 4513 963 4574 pes
985 4501 1113 4555 notetur.
1157 4497 1182 4556 si
1203 4497 1373 4575 pyrrichius

84 4608 132 4668 pes
153 4593 254 4662 luerit,
285 4611 321 4653 ex
349 4591 463 4654 duabus
493 4593 633 4654 brevibus
662 4603 791 4665 constat,
814 4616 869 4676 per
892 4597 949 4657 diro
971 4629 990 4646 ν
1011 4595 1162 4658 notandus
1185 4604 1231 4659 est
1252 4631 1270 4648 ν
1287 4619 1320 4668 ν;
1344 4607 1374 4660 et

151 4763 163 4813 l
184 4761 320 4830 luvenalis]
336 4773 385 4817 sat.
400 4765 425 4827 6,
441 4765 475 4815 70
526 4765 561 4815 28
578 4764 757 4831 Terentianus]
777 4783 800 4818 v.
815 4767 897 4818 2226:
915 4768 951 4830 cs.
968 4770 1079 4834 Pompei.
1091 4785 1120 4833 p.
1135 4769 1169 4820 57
1183 4770 1225 4819 ed.
1241 4769 1319 4824 Lina.

85 4831 114 4882 31
134 4832 225 4901 tenuia]
244 4837 324 4899 Very.
343 4851 430 4898 peorp.
449 4837 459 4884 l
478 4833 527 4886 397

133 4923 304 4968 cutatusmct
320 4925 409 4967 rmum
425 4926 450 4968 v.
821 4913 822 4916 ’
1128 4924 1168 4988 21
