3350 5442
272 210 337 275 200
847 210 1001 273 conruit

298 334 320 373 p.
333 320 423 361 ast-ot
436 317 459 359 L.

273 403 365 470 tiens,
393 397 446 460 sed
476 396 671 477 aliquatenus.
717 415 785 459 nam
809 394 814 479 Ι
838 417 908 461 ecce
929 400 1027 481 posito
1048 401 1170 461 nomine
1190 398 1309 481 plenam
1332 400 1405 463 iacis
1426 400 1570 463 elocutio·

273 522 357 573 nem,
391 504 489 581 posito
521 502 698 581 pronomine
731 501 938 581 semiplenam.
982 501 1102 583 quando
1136 504 1215 564 enim
1247 503 1374 565 dicimus
1405 503 1573 583 ‘Vergilius

273 606 391 685 scripsit
413 601 547 665 bucolica
557 606 577 673 ’‚
606 610 636 663 et
658 605 710 681 qui
736 605 775 663 sit
802 605 852 683 qui
880 606 1000 685 scripsit
1021 603 1143 685 etquid
1165 608 1203 665 sit
1224 605 1303 686 quod
1325 607 1445 686 scripsit
1467 614 1572 667 noturn

274 714 327 776 est,
351 714 381 767 et
403 724 463 767 noo
485 703 578 766 babes
599 706 678 785 quod
700 707 846 786 requiras.
891 708 917 767 si
939 714 1045 792 autem.
1061 707 1143 768 dieas
1164 709 1246 787 ‘ipse
1268 709 1386 787 scripsit
1407 710 1573 787 georgiea’,

274 808 345 889 quid
367 809 487 889 scripsit
508 816 610 868 notum
634 816 692 877 est,
716 808 767 887 qui
790 809 911 888 scripsit
931 826 992 869 non
1014 816 1060 869 est
1081 816 1195 871 notunr.
1239 809 1308 870 ideo
1330 809 1462 870 delinivit
1482 810 1602 889 ‘pro-⁵

275 930 384 973 nornen
413 918 460 972 est
485 928 557 991 pars
584 912 740 980 orationis,
769 929 845 991 quae
872 912 969 991 posita
990 927 1046 988 pro
1068 912 1189 971 nomine
1210 912 1309 971 minus
1330 911 1450 991 quidem
1472 910 1573 992 plene,

275 1014 354 1075 idem
377 1022 476 1075 tamen
491 1014 665 1091 signiticat’.
695 1011 822 1073 dicendo
844 1015 917 1092 ‘pro
939 1015 1058 1073 nomine
1079 1015 1192 1093 posita’
1216 1012 1348 1075 ostendit
1368 1014 1453 1092 iungi
1475 1013 1575 1074 olticio

276 1118 418 1185 nominis;
442 1115 569 1177 dicendo
590 1116 706 1176 ‘minus
727 1115 848 1195 quidem
869 1114 975 1195 plene’
998 1115 1127 1178 ostendit
1147 1114 1275 1196 aliquam
1295 1116 1493 1177 differentiam
1509 1133 1577 1175 esse

276 1221 354 1280 inter
376 1237 486 1279 nomen
509 1226 539 1279 et
559 1235 735 1297 pronomen.

361 1320 536 1382 Prononrini
558 1318 697 1381 accidunt
717 1319 792 1381 baec
814 1338 880 1391 sex,
904 1318 1028 1400 qualitas
1049 1338 1143 1400 genus
1165 1339 1308 1382 numerus
1328 1322 1423 1398 irgura
1445 1339 1578 1401 persona
1595 1338 1619 1375 ιι

158 1438 219 1501 435,
232 1438 371 1487 stersus.
409 1421 534 1500 qualitas
555 1423 765 1502 pronominum
788 1422 951 1485 secundnm
974 1424 1064 1484 istum
1086 1422 1263 1504 [Donatum]
1286 1425 1317 1483 in
1339 1423 1413 1484 duas
1435 1422 1579 1483 dividitur

279 1532 392 1605 partes,
415 1523 580 1585 secundum
603 1521 732 1585 Probum
755 1524 786 1583 in
809 1531 963 1603 quattuor,
987 1525 1150 1595 secundum
1173 1524 1249 1585 alios
1270 1527 1302 1585 in
1323 1524 1477 1604 plurimas.
1521 1524 1580 1584 sed

278 1630 356 1689 scire
384 1626 474 1688 debes
502 1627 642 1705 quoniam
671 1645 738 1687 vera
765 1633 810 1687 est
837 1626 969 1688 delinitio
991 1629 1077 1690 istius
1101 1625 1235 1708 [bonati]
1259 1636 1289 1689 et
1311 1627 1409 1688 brevis
1431 1634 1462 1687 ct
1483 1625 1580 1688 utilis

279 1734 304 1791 si
332 1732 412 1791 enirn
440 1730 602 1789 recesseris
629 1748 644 1789 a
673 1726 789 1790 duabus
816 1728 965 1809 partibus,
995 1728 1109 1790 lucilius
1137 1738 1184 1791 est
1210 1737 1244 1792 ut
1271 1728 1450 1809 multiplices
1471 1728 1582 1790 eredas

280 1850 368 1913 «quaro
392 1838 539 1909 quattuor.
568 1838 619 1891 aut
641 1831 715 1891 duas
736 1830 907 1901 credamus,
931 1850 1004 1911 quas
1026 1831 1101 1892 dixit
1121 1833 1263 1901 bonatus,
1286 1840 1336 1892 aut
1357 1830 1479 1900 multas,
1502 1851 1582 1911 quas
1597 1846 1622 1885 1⁵

281 1935 419 1994 eliserunt
446 1932 511 2005 alii,
542 1952 601 1992 rrorr
629 1939 804 2021 quattuor„
822 1951 894 2012 quas
921 1932 995 1993 dixit
1016 1932 1140 1993 Probus.
1185 1933 1251 1994 ride
1280 1952 1352 2013 ergo
1374 1933 1582 1994 definitionem

281 2037 402 2098 llonati:
433 2036 473 2096 ait
499 2036 543 2095 sic
565 2034 712 2105 DonatuS,
743 2037 859 2095 ‘omnia
888 2037 1065 2115 pronomina
1094 2045 1144 2095 aot
1165 2038 1248 2096 finita
1269 2045 1340 2097 sunt
1359 2044 1411 2098 aut
1431 2036 1548 2096 infinita
1558 2037 1580 2095 '.

281 2139 346 2200 ride
374 2144 404 2198 et
430 2136 550 2215 collige:
581 2138 656 2197 istae
684 2144 753 2197 sunt
780 2136 967 2197 definitiones
995 2137 1084 2209 duae,
1115 2156 1191 2217 quae
1217 2137 1494 2210 naturaliterliunt
1521 2156 1584 2197 nec

281 2241 367 2302 aliter
395 2249 519 2319 possunt
546 2238 618 2311 dici,
652 2246 721 2319 puta
750 2240 849 2301 omnia
878 2241 1054 2319 pronomina
1082 2247 1132 2301 aut
1163 2241 1244 2301 linita
1274 2247 1343 2301 sunt
1375 2248 1427 2301 aut
1451 2240 1582 2300 infinita.

282 2343 361 2405 unde
388 2342 446 2403 boc
473 2339 599 2421 probas?
632 2359 753 2421 possum
782 2344 861 2401 enim
883 2359 945 2402 non
967 2341 1090 2402 credere
1113 2351 1143 2402 ct
1164 2341 1264 2402 dicere
1286 2340 1345 2401 boc
1365 2340 1471 2401 lalsunr
1494 2360 1583 2408 esse;
1598 2363 1624 2398 -ιι

283 2446 319 2506 da
342 2444 565 2513 necessitatem,
588 2445 727 2520 quoniam
748 2444 813 2523 ipsa
835 2443 895 2505 duo
921 2442 1033 2504 habent
1054 2462 1119 2505 esse
1141 2446 1332 2524 pronomina,
1355 2444 1436 2505 linita
1460 2452 1490 2503 et
1507 2424 1583 2503 inti·

283 2544 353 2609 nila.
397 2548 478 2608 brrita
502 2544 640 2606 dicuntur
663 2544 738 2623 quae
760 2547 910 2625 rccipiunt
930 2563 1089 2625 personas,
1112 2547 1224 2607 Infinita
1248 2544 1298 2605 illa
1320 2564 1396 2625 quac
1417 2563 1476 2605 non
1500 2547 1585 2605 reci·

283 2652 368 2730 piurrt
389 2666 541 2730 personas.
588 2656 617 2707 et
644 2647 701 2709 hoc
729 2654 773 2707 est
797 2650 956 2726 integrunt.
1001 2665 1068 2708 nam
1091 2650 1117 2709 si
1138 2649 1220 2709 linita
1243 2656 1312 2707 sunt
1332 2646 1382 2707 illa
1404 2664 1479 2727 quae
1502 2648 1585 2707 reci·
1666 2629 1667 2638 ἵ

284 2754 369 2833 piunt
387 2767 543 2831 personas
568 2767 690 2811 necesse
714 2756 758 2809 est
779 2754 812 2809 ιιι
833 2750 932 2809 οιιιιιιι
949 2767 1025 2829 quae
1047 2768 1107 2811 non
1129 2751 1278 2830 recipiunt
1300 2767 1443 2829 personas
1463 2750 1585 2810 inlinita

285 2855 353 2915 sint.
383 2859 412 2913 ct
433 2852 580 2931 separavit
602 2869 702 2912 veram
724 2853 940 2913 necessitatem.
971 2849 1088 2912 Probtu
1109 2858 1206 2912 autern
1228 2853 1269 2913 ita
1291 2851 1434 2919 delinivit,
1459 2854 1584 2913 ‘omnia
1599 2872 1624 2911 ss

284 2956 461 3035 pronomina
490 2962 540 3015 aut
566 2954 646 3015 linita
675 2959 744 3013 sunt
772 2960 822 3013 aut
848 2954 961 3014 intinita
983 2960 1034 3014 aut
1055 2955 1153 3014 miuus
1176 2972 1262 3035 quam
1286 2954 1366 3015 linita
1388 2961 1440 3013 aut
1460 2970 1585 3031 posses·

270 3058 376 3118 ,sira'.
421 3054 473 3117 sed
496 3073 554 3115 una
576 3073 647 3135 pars
668 3073 737 3115 vera
761 3063 805 3116 est
826 3054 902 3125 sola,
926 3073 983 3136 qua
1006 3054 1079 3115 dixit
1105 3056 1186 3117 fruita
1208 3074 1274 3117 esse
1295 3056 1488 3136 pronomina;
1512 3053 1587 3115 illae

287 3168 347 3220 tres
369 3165 470 3238 partes
492 3157 613 3217 inlinitis
635 3156 789 3218 accedunt.
824 3176 884 3238 quo
906 3157 1013 3219 modo?
1036 3175 1105 3218 nam
1127 3174 1225 3237 neque
1246 3160 1360 3219 inlinito
1383 3157 1490 3219 accidit
1511 3176 1587 3237 pcr-

287 3280 372 3329 sooa,
403 3276 499 3337 neque
526 3260 625 3319 minus
648 3277 734 3339 quam
764 3260 847 3319 linito
870 3258 976 3320 accidit
996 3277 1133 3340 persona.
1172 3278 1242 3338 ergo
1265 3259 1334 3340 quid
1360 3258 1363 3339 l
1388 3279 1463 3340 opus
1484 3261 1588 3321 iuerat

286 3362 518 3425 subdivisionem
548 3378 676 3441 ponere,
705 3379 772 3421 cum
802 3369 901 3442 partes
933 3362 1084 3422 divisionis
1111 3370 1236 3442 poneret
1264 3359 1310 3443 [ut
1343 3362 1519 3423 divisionem
1555 3370 1587 3422 et
1600 3387 1625 3423 :n

286 3464 515 3527 subdivisionem
538 3461 697 3545 poneret]i
721 3462 797 3524 berre
820 3463 877 3524 boc
899 3463 972 3524 lecit
986 3464 1130 3533 bonatus;
1153 3465 1209 3525 istc
1231 3471 1330 3525 autem
1352 3483 1442 3525 unam
1465 3470 1586 3542 partem

289 3602 565 3611 —-.——-—·—--
572 3604 591 3608 -.

360 3668 549 3721 ilaeitABO
599 3668 746 3719 2dieantos
765 3669 790 3719 A
849 3669 910 3721 {iet
928 3670 971 3734 qui
990 3667 1071 3733 (qnod
1091 3670 1115 3718 A
1133 3684 1201 3718 corr.
1222 3669 1263 3732 qni
1279 3667 1310 3733 n)
1328 3669 1362 3719 sit
1378 3677 1402 3718 et
1418 3669 1461 3733 qni
1479 3668 1589 3733 scripsit

288 3739 433 3805 (scripserit
452 3754 520 3790 corr.
544 3740 647 3806 scripsit
665 3738 706 3803 B)
726 3752 750 3789 et
774 3740 835 3802 quid
866 3741 899 3788 sit
921 3741 990 3803 quod
1016 3742 1118 3803 scripsit
1147 3738 1292 3803 (scripserit
1313 3738 1401 3803 noa)
1428 3748 1515 3786 notum
1546 3748 1589 3785 est

289 3810 372 3861 ABG
441 3811 457 3861 5
475 3812 518 3872 qui
539 3810 640 3875 scripsit
658 3824 707 3858 noo
728 3819 767 3857 est
784 3818 872 3858 notum
889 3809 915 3857 A
933 3810 990 3873 quis
1008 3820 1046 3858 est
1064 3811 1106 3870 qui
1123 3810 1255 3873 scripserit
1277 3824 1325 3857 oon
1346 3818 1384 3859 est
1402 3817 1489 3857 notum
1508 3807 1589 3857 nea

358 3878 474 3929 delloiuit
491 3880 516 3928 A
539 3878 627 3928 delinit
646 3877 690 3927 Ba
713 3878 802 3927 definit
820 3879 855 3927 its
874 3878 911 3929 0.-
932 3886 1040 3929 ceterum
1062 3894 1113 3929 non
1133 3880 1227 3929 Donati
1249 3880 1312 3928 inec
1335 3879 1446 3942 definitio
1464 3885 1515 3935 est,
1538 3877 1591 3926 sed

288 3949 370 4002 Probi
386 3950 465 4000 instit.
480 3957 528 3999 nrt.
543 3964 572 4012 p.
588 3947 646 4009 131,
661 3948 686 3997 2.
701 3950 744 4012 qui
759 3950 809 3997 nisi
822 3963 897 3999 error
910 3956 949 3998 est
960 3951 1124 4013 praenuntiet,
1141 3950 1270 4011 crespiensi
1283 3951 1368 4013 possis
1378 3963 1457 4011 supro
1476 3944 1538 4007 199,
1552 3945 1589 3995 32

288 4028 346 4087 post
367 4020 402 4068 ait
419 4019 532 4070 Donatus
553 4017 635 4067 Probi
650 4031 735 4066 nomen
752 4018 879 4068 excidisse
950 4018 965 4066 7
991 4018 1075 4068 cilicio
1096 4020 1207 4089 nopnirris
1233 4020 1383 4084 pronomine
1405 4016 1526 4084 (prooem
1545 4016 1588 4078 B)

290 4088 503 4139 dicendoABG
571 4087 692 4137 llistoro
708 4087 832 4137 Donatum
851 4087 1190 4139 Ba:l)onotomom.AO
1241 4092 1273 4141 12
1291 4086 1412 4153 Probum]
1432 4087 1509 4137 instit.
1530 4094 1588 4137 nrt.

287 4176 314 4224 p.
335 4158 394 4217 131,
410 4160 444 4209 25
515 4155 547 4207 16
565 4156 673 4207 uidesO
742 4157 775 4208 18
792 4157 853 4207 uide
868 4158 1009 4223 collegitA
1078 4156 1250 4209 duosBOn*
1269 4159 1372 4208 diuinae
1389 4157 1414 4205 A
1483 4158 1588 4206 tinen

290 4230 416 4293 recipiunt
433 4227 504 4277 BCn
519 4240 565 4275 nec
582 4226 705 4293 recipiunt
720 4228 744 4278 A
816 4229 851 4279 ‘23
869 4237 893 4278 et
913 4228 961 4278 hoc
979 4237 1017 4279 est
1034 4229 1162 4293 integrum
1180 4242 1237 4276 nant
1257 4230 1279 4279 si
1294 4228 1364 4278 linita
1382 4238 1441 4276 sont
1458 4226 1502 4275 illa
1518 4242 1588 4289 qnae

291 4298 417 4364 recipiunt
440 4310 563 4363 personas
588 4312 693 4347 necesse
717 4306 755 4350 est
774 4298 829 4347 AB
853 4309 878 4347 et
897 4298 944 4347 boc
962 4309 1000 4348 ιιι
1018 4299 1144 4363 integrum
1164 4313 1222 4347 nam
1245 4300 1266 4348 si
1286 4298 1356 4348 linito
1374 4304 1434 4349 sont
1455 4297 1499 4345 illa
1520 4312 1588 4357 qnae

291 4368 417 4433 recipiunt
440 4380 562 4433 personas
589 4376 627 4417 est
655 4367 702 4417 hoe
727 4371 854 4435 integrum
880 4383 939 4417 naor
965 4370 988 4419 ιι
1009 4368 1080 4417 linita
1096 4376 1155 4417 sont
1172 4368 1215 4417 illa
1233 4383 1298 4431 quae
1317 4369 1442 4433 recipiunt
1459 4379 1587 4430 personas

291 4440 427 4504 (personas
444 4453 490 4492 om.
512 4436 540 4499 b)
558 4451 662 4487 necesse
681 4446 720 4487 est
739 4438 799 4490 (lab
872 4440 905 4488 24
922 4447 949 4487 ιιι
967 4453 1013 4489 om.
1031 4437 1066 4502 A,
1085 4440 1147 4491 add.
1168 4454 1185 4486 n
1255 4438 1289 4490 26
1307 4447 1351 4487 aot
1373 4435 1471 4486 inlinitn
1484 4450 1532 4488 om.
1551 4437 1586 4495 Α,

292 4508 352 4561 add.
373 4524 389 4556 n
458 4508 492 4557 27
511 4521 562 4556 una
576 4507 720 4572 parsBCn
739 4524 789 4558 una
803 4522 849 4573 per
866 4509 932 4558 seA
983 4525 1033 4571 qoa
1053 4509 1105 4559 Bc
1121 4509 1218 4571 quinA
1289 4508 1321 4559 28
1339 4506 1443 4556 introitis
1461 4507 1589 4556 accedunt

294 4578 477 4627 Lindemannoc
495 4578 522 4626 in
541 4577 642 4625 inlicitis
657 4578 781 4629 accedunt
797 4578 850 4629 AG
865 4580 890 4627 in
910 4578 1017 4629 infinitis
1036 4579 1153 4628 accidunt
1173 4578 1216 4628 Bc
1285 4578 1382 4628 secedit
1400 4574 1482 4625 ABG
1551 4574 1588 4623 29

294 4646 386 4697 accidit
404 4648 429 4697 B
447 4646 544 4697 aceedit
562 4647 624 4701 AC:
645 4652 702 4699 item
718 4664 746 4713 p.
764 4649 814 4699 201
834 4649 933 4699 accedit
949 4656 997 4703 ete.
1016 4655 1161 4702 constanter
1178 4646 1262 4700 ABG
1278 4650 1391 4711 exceptis
1405 4649 1505 4710 paone,
1519 4660 1589 4711 quae

292 4716 362 4781 infra
381 4718 493 4769 indicata
510 4724 567 4767 ιιιιιι
