<?xml version="1.0" encoding="UTF-8"?>
<!DOCTYPE html PUBLIC "-//W3C//DTD XHTML 1.0 Transitional//EN"
    "http://www.w3.org/TR/xhtml1/DTD/xhtml1-transitional.dtd">
<html xmlns="http://www.w3.org/1999/xhtml" xml:lang="en" lang="en">
 <head>
  <title>
</title>
<meta http-equiv="Content-Type" content="text/html;charset=utf-8" />
  <meta name='ocr-system' content='tesseract 3.04.00' />
  <meta name='ocr-capabilities' content='ocr_page ocr_carea ocr_par ocr_line ocrx_word'/>
</head>
<body>
  <div class='ocr_page' id='page_1' title='image "./grammaticilatin02hagagoog_0015.png"; bbox 0 0 3350 5442; ppageno 0'>
   <div class='ocr_carea' id='block_1_1' title="bbox 275 331 1011 396">
    <p class='ocr_par' dir='ltr' id='par_1_1' title="bbox 275 331 1011 396">
     <span class='ocr_line' id='line_1_1' title="bbox 275 331 1011 396; baseline 0.011 -9"><span class='ocrx_word' id='word_1_1' title='bbox 275 331 295 396; x_wconf 90' lang='grc'>6</span> <span class='ocrx_word' id='word_1_2' title='bbox 835 331 1011 396; x_wconf 73' lang='lat' dir='ltr'><strong>ctuuouu</strong></span> 
     </span>
    </p>
   </div>
   <div class='ocr_carea' id='block_1_2' title="bbox 222 515 1639 4895">
    <p class='ocr_par' dir='ltr' id='par_1_2' title="bbox 222 515 1612 911">
     <span class='ocr_line' id='line_1_2' title="bbox 272 515 1560 600; baseline 0 -18"><span class='ocrx_word' id='word_1_3' title='bbox 272 519 301 584; x_wconf 88' lang='lat' dir='ltr'><strong>is</strong></span> <span class='ocrx_word' id='word_1_4' title='bbox 324 518 426 600; x_wconf 89' lang='lat' dir='ltr'><strong>enim,</strong></span> <span class='ocrx_word' id='word_1_5' title='bbox 450 518 528 583; x_wconf 91' lang='lat' dir='ltr'><strong>dum</strong></span> <span class='ocrx_word' id='word_1_6' title='bbox 549 515 669 584; x_wconf 89' lang='lat' dir='ltr'><strong>librum</strong></span> <span class='ocrx_word' id='word_1_7' title='bbox 692 540 712 582; x_wconf 97' lang='lat' dir='ltr'><strong>a</strong></span> <span class='ocrx_word' id='word_1_8' title='bbox 734 539 785 582; x_wconf 88' lang='lat' dir='ltr'><strong>me</strong></span> <span class='ocrx_word' id='word_1_9' title='bbox 807 539 981 584; x_wconf 83' lang='lat' dir='ltr'><strong>excussum</strong></span> <span class='ocrx_word' id='word_1_10' title='bbox 1003 539 1075 584; x_wconf 87' lang='lat' dir='ltr'><strong>esse</strong></span> <span class='ocrx_word' id='word_1_11' title='bbox 1097 519 1218 600; x_wconf 87' lang='lat' dir='ltr'><strong>nescit,</strong></span> <span class='ocrx_word' id='word_1_12' title='bbox 1247 518 1364 586; x_wconf 91' lang='lat' dir='ltr'><strong>iterum</strong></span> <span class='ocrx_word' id='word_1_13' title='bbox 1386 539 1461 582; x_wconf 91' lang='lat' dir='ltr'><strong>cum</strong></span> <span class='ocrx_word' id='word_1_14' title='bbox 1482 516 1560 582; x_wconf 89' lang='lat' dir='ltr'><strong>Put-</strong></span> 
     </span>
     <span class='ocr_line' id='line_1_3' title="bbox 273 617 1560 704; baseline -0.001 -20"><span class='ocrx_word' id='word_1_15' title='bbox 273 619 355 687; x_wconf 90' lang='lat' dir='ltr'><strong>sohii</strong></span> <span class='ocrx_word' id='word_1_16' title='bbox 376 620 517 686; x_wconf 80' lang='lat' dir='ltr'><strong>editione</strong></span> <span class='ocrx_word' id='word_1_17' title='bbox 539 617 711 704; x_wconf 81' lang='lat' dir='ltr'><strong>diligenter</strong></span> <span class='ocrx_word' id='word_1_18' title='bbox 732 642 807 685; x_wconf 91' lang='lat' dir='ltr'><strong>eum</strong></span> <span class='ocrx_word' id='word_1_19' title='bbox 828 620 968 687; x_wconf 87' lang='lat' dir='ltr'><strong>contulit</strong></span> <span class='ocrx_word' id='word_1_20' title='bbox 990 630 1023 686; x_wconf 90' lang='lat' dir='ltr'><strong>et</strong></span> <span class='ocrx_word' id='word_1_21' title='bbox 1044 642 1119 686; x_wconf 87' lang='lat' dir='ltr'><strong>suas</strong></span> <span class='ocrx_word' id='word_1_22' title='bbox 1135 621 1270 686; x_wconf 77' lang='lat' dir='ltr'><strong>schedas</strong></span> <span class='ocrx_word' id='word_1_23' title='bbox 1288 620 1473 686; x_wconf 81' lang='lat' dir='ltr'><strong>humaniter</strong></span> <span class='ocrx_word' id='word_1_24' title='bbox 1493 640 1560 684; x_wconf 91' lang='lat' dir='ltr'><strong>me-</strong></span> 
     </span>
     <span class='ocr_line' id='line_1_4' title="bbox 273 713 1612 810; baseline -0.001 -24"><span class='ocrx_word' id='word_1_25' title='bbox 273 744 347 787; x_wconf 89' lang='lat' dir='ltr'><strong>cum</strong></span> <span class='ocrx_word' id='word_1_26' title='bbox 369 723 631 788; x_wconf 79' lang='lat' dir='ltr'><strong>communicavit.</strong></span> <span class='ocrx_word' id='word_1_27' title='bbox 653 713 794 809; x_wconf 70' lang='lat' dir='ltr'><strong>&#39;quibus</strong></span> <span class='ocrx_word' id='word_1_28' title='bbox 817 724 1004 809; x_wconf 79' lang='lat' dir='ltr'><strong>conparatis</strong></span> <span class='ocrx_word' id='word_1_29' title='bbox 1028 745 1100 788; x_wconf 89' lang='lat' dir='ltr'><strong>cum</strong></span> <span class='ocrx_word' id='word_1_30' title='bbox 1122 723 1163 787; x_wconf 90' lang='lat' dir='ltr'><strong>iis</strong></span> <span class='ocrx_word' id='word_1_31' title='bbox 1190 733 1275 810; x_wconf 84' lang='lat' dir='ltr'><strong>quae</strong></span> <span class='ocrx_word' id='word_1_32' title='bbox 1295 745 1355 808; x_wconf 91' lang='lat' dir='ltr'><strong>ego</strong></span> <span class='ocrx_word' id='word_1_33' title='bbox 1378 721 1561 809; x_wconf 81' lang='lat' dir='ltr'><strong>exscripse-</strong></span> <span class='ocrx_word' id='word_1_34' title='bbox 1608 777 1612 784; x_wconf 89' lang='lat'><strong>.</strong></span> 
     </span>
     <span class='ocr_line' id='line_1_5' title="bbox 222 823 1300 911; baseline -0.001 -22"><span class='ocrx_word' id='word_1_35' title='bbox 222 829 227 838; x_wconf 86' lang='lat'>&#39;</span> <span class='ocrx_word' id='word_1_36' title='bbox 272 847 343 889; x_wconf 90' lang='lat' dir='ltr'><strong>ram</strong></span> <span class='ocrx_word' id='word_1_37' title='bbox 364 823 524 911; x_wconf 90' lang='lat' dir='ltr'><strong>quaedam</strong></span> <span class='ocrx_word' id='word_1_38' title='bbox 546 845 630 911; x_wconf 92' lang='lat' dir='ltr'><strong>quae</strong></span> <span class='ocrx_word' id='word_1_39' title='bbox 651 845 757 890; x_wconf 90' lang='lat' dir='ltr'><strong>meam</strong></span> <span class='ocrx_word' id='word_1_40' title='bbox 780 823 986 910; x_wconf 81' lang='lat' dir='ltr'><strong>diligentiam</strong></span> <span class='ocrx_word' id='word_1_41' title='bbox 1007 825 1159 910; x_wconf 88' lang='lat' dir='ltr'><strong>fugerant</strong></span> <span class='ocrx_word' id='word_1_42' title='bbox 1180 825 1300 890; x_wconf 89' lang='lat' dir='ltr'><strong>inveni.</strong></span> 
     </span>
    </p>

    <p class='ocr_par' dir='ltr' id='par_1_3' title="bbox 242 923 1639 4895">
     <span class='ocr_line' id='line_1_6' title="bbox 358 923 1563 1013; baseline 0.001 -23"><span class='ocrx_word' id='word_1_43' title='bbox 358 923 552 994; x_wconf 85' lang='lat' dir='ltr'><strong>Cledonium</strong></span> <span class='ocrx_word' id='word_1_44' title='bbox 567 927 601 991; x_wconf 92' lang='lat' dir='ltr'><strong>in</strong></span> <span class='ocrx_word' id='word_1_45' title='bbox 615 927 697 993; x_wconf 91' lang='lat' dir='ltr'><strong>urbe</strong></span> <span class='ocrx_word' id='word_1_46' title='bbox 712 926 997 1012; x_wconf 82' lang='lat' dir='ltr'><strong>Constantinopoli</strong></span> <span class='ocrx_word' id='word_1_47' title='bbox 1019 938 1124 993; x_wconf 90' lang='lat' dir='ltr'><strong>artem</strong></span> <span class='ocrx_word' id='word_1_48' title='bbox 1144 928 1392 1013; x_wconf 86' lang='lat' dir='ltr'><strong>grammaticam</strong></span> <span class='ocrx_word' id='word_1_49' title='bbox 1414 927 1563 998; x_wconf 87' lang='lat' dir='ltr'><strong>docuisse</strong></span> 
     </span>
     <span class='ocr_line' id='line_1_7' title="bbox 273 1022 1564 1116; baseline 0.001 -23"><span class='ocrx_word' id='word_1_50' title='bbox 273 1037 306 1094; x_wconf 92' lang='lat' dir='ltr'><strong>et</strong></span> <span class='ocrx_word' id='word_1_51' title='bbox 329 1027 523 1114; x_wconf 89' lang='lat' dir='ltr'><strong>dignitatem</strong></span> <span class='ocrx_word' id='word_1_52' title='bbox 545 1028 701 1094; x_wconf 87' lang='lat' dir='ltr'><strong>habuisse</strong></span> <span class='ocrx_word' id='word_1_53' title='bbox 717 1029 857 1095; x_wconf 87' lang='lat' dir='ltr'><strong>Romani</strong></span> <span class='ocrx_word' id='word_1_54' title='bbox 872 1030 1031 1094; x_wconf 90' lang='lat' dir='ltr'><strong>senatoris</strong></span> <span class='ocrx_word' id='word_1_55' title='bbox 1047 1029 1215 1116; x_wconf 87' lang='lat' dir='ltr'><strong>inscriptio</strong></span> <span class='ocrx_word' id='word_1_56' title='bbox 1231 1022 1308 1095; x_wconf 92' lang='lat' dir='ltr'><strong>libri</strong></span> <span class='ocrx_word' id='word_1_57' title='bbox 1323 1030 1428 1095; x_wconf 89' lang='lat' dir='ltr'><strong>docet.</strong></span> <span class='ocrx_word' id='word_1_58' title='bbox 1461 1051 1564 1116; x_wconf 90' lang='lat' dir='ltr'><strong>quare</strong></span> 
     </span>
     <span class='ocr_line' id='line_1_8' title="bbox 273 1129 1564 1219; baseline 0.002 -25"><span class='ocrx_word' id='word_1_59' title='bbox 273 1152 312 1194; x_wconf 92' lang='lat' dir='ltr'><strong>ea</strong></span> <span class='ocrx_word' id='word_1_60' title='bbox 333 1151 462 1218; x_wconf 90' lang='lat' dir='ltr'><strong>quoque</strong></span> <span class='ocrx_word' id='word_1_61' title='bbox 484 1152 568 1219; x_wconf 91' lang='lat' dir='ltr'><strong>quae</strong></span> <span class='ocrx_word' id='word_1_62' title='bbox 590 1130 631 1195; x_wconf 91' lang='lat' dir='ltr'><strong>de</strong></span> <span class='ocrx_word' id='word_1_63' title='bbox 659 1130 772 1198; x_wconf 87' lang='lat' dir='ltr'><strong>schola</strong></span> <span class='ocrx_word' id='word_1_64' title='bbox 792 1132 825 1195; x_wconf 91' lang='lat' dir='ltr'><strong>in</strong></span> <span class='ocrx_word' id='word_1_65' title='bbox 849 1129 1010 1216; x_wconf 81' lang='lat' dir='ltr'><strong>Capitolio</strong></span> <span class='ocrx_word' id='word_1_66' title='bbox 1037 1131 1152 1197; x_wconf 90' lang='lat' dir='ltr'><strong>habita</strong></span> <span class='ocrx_word' id='word_1_67' title='bbox 1172 1143 1305 1198; x_wconf 90' lang='lat' dir='ltr'><strong>narrata</strong></span> <span class='ocrx_word' id='word_1_68' title='bbox 1326 1141 1404 1196; x_wconf 88' lang='lat' dir='ltr'><strong>sunt</strong></span> <span class='ocrx_word' id='word_1_69' title='bbox 1424 1154 1457 1217; x_wconf 92' lang='lat' dir='ltr'><strong>p.</strong></span> <span class='ocrx_word' id='word_1_70' title='bbox 1482 1131 1564 1196; x_wconf 83' lang='grc'><strong>1866</strong></span> 
     </span>
     <span class='ocr_line' id='line_1_9' title="bbox 274 1231 1563 1320; baseline 0.001 -24"><span class='ocrx_word' id='word_1_71' title='bbox 274 1241 362 1298; x_wconf 90' lang='lat' dir='ltr'><strong>recte</strong></span> <span class='ocrx_word' id='word_1_72' title='bbox 383 1233 432 1299; x_wconf 90' lang='lat' dir='ltr'><strong>ita</strong></span> <span class='ocrx_word' id='word_1_73' title='bbox 453 1233 760 1319; x_wconf 86' lang='lat' dir='ltr'><strong>interpretabimur,</strong></span> <span class='ocrx_word' id='word_1_74' title='bbox 782 1244 819 1299; x_wconf 91' lang='lat' dir='ltr'><strong>ut</strong></span> <span class='ocrx_word' id='word_1_75' title='bbox 842 1231 1034 1297; x_wconf 83' lang='lat' dir='ltr'><strong>Oledonium</strong></span> <span class='ocrx_word' id='word_1_76' title='bbox 1057 1233 1189 1320; x_wconf 89' lang='lat' dir='ltr'><strong>publico</strong></span> <span class='ocrx_word' id='word_1_77' title='bbox 1211 1255 1345 1298; x_wconf 90' lang='lat' dir='ltr'><strong>munere</strong></span> <span class='ocrx_word' id='word_1_78' title='bbox 1367 1232 1563 1320; x_wconf 88' lang='lat' dir='ltr'><strong>professoris</strong></span> 
     </span>
     <span class='ocr_line' id='line_1_10' title="bbox 273 1320 1564 1422; baseline 0.001 -22"><span class='ocrx_word' id='word_1_79' title='bbox 273 1334 608 1421; x_wconf 77' lang='lat' dir='ltr'><strong>artisgrammaticae</strong></span> <span class='ocrx_word' id='word_1_80' title='bbox 629 1335 663 1400; x_wconf 91' lang='lat' dir='ltr'><strong>in</strong></span> <span class='ocrx_word' id='word_1_81' title='bbox 686 1333 848 1422; x_wconf 81' lang='lat' dir='ltr'><strong>Capitolio</strong></span> <span class='ocrx_word' id='word_1_82' title='bbox 871 1335 1019 1407; x_wconf 76' lang='lat' dir='ltr'><strong>functum</strong></span> <span class='ocrx_word' id='word_1_83' title='bbox 1040 1357 1112 1400; x_wconf 89' lang='lat' dir='ltr'><strong>esse</strong></span> <span class='ocrx_word' id='word_1_84' title='bbox 1134 1320 1292 1401; x_wconf 86' lang='lat' dir='ltr'><strong>dicamus.</strong></span> <span class='ocrx_word' id='word_1_85' title='bbox 1322 1357 1426 1422; x_wconf 90' lang='lat' dir='ltr'><strong>neque</strong></span> <span class='ocrx_word' id='word_1_86' title='bbox 1449 1335 1564 1402; x_wconf 91' lang='lat' dir='ltr'><strong>dubito</strong></span> 
     </span>
     <span class='ocr_line' id='line_1_11' title="bbox 273 1436 1565 1525; baseline 0.002 -24"><span class='ocrx_word' id='word_1_87' title='bbox 273 1439 353 1525; x_wconf 89' lang='lat' dir='ltr'><strong>quin</strong></span> <span class='ocrx_word' id='word_1_88' title='bbox 381 1459 423 1502; x_wconf 84' lang='lat' dir='ltr'><strong>ex</strong></span> <span class='ocrx_word' id='word_1_89' title='bbox 449 1438 500 1502; x_wconf 89' lang='lat' dir='ltr'><strong>his</strong></span> <span class='ocrx_word' id='word_1_90' title='bbox 526 1437 608 1524; x_wconf 88' lang='lat' dir='ltr'><strong>ipsis</strong></span> <span class='ocrx_word' id='word_1_91' title='bbox 632 1437 767 1518; x_wconf 88' lang='lat' dir='ltr'><strong>scholis,</strong></span> <span class='ocrx_word' id='word_1_92' title='bbox 795 1438 915 1524; x_wconf 88' lang='lat' dir='ltr'><strong>quibus</strong></span> <span class='ocrx_word' id='word_1_93' title='bbox 937 1436 991 1502; x_wconf 91' lang='lat' dir='ltr'><strong>ille</strong></span> <span class='ocrx_word' id='word_1_94' title='bbox 1013 1447 1115 1514; x_wconf 81' lang='lat' dir='ltr'><strong>artem</strong></span> <span class='ocrx_word' id='word_1_95' title='bbox 1139 1439 1262 1504; x_wconf 91' lang='lat' dir='ltr'><strong>Donati</strong></span> <span class='ocrx_word' id='word_1_96' title='bbox 1283 1437 1493 1525; x_wconf 81' lang='lat' dir='ltr'><strong>interpretari</strong></span> <span class='ocrx_word' id='word_1_97' title='bbox 1515 1459 1565 1503; x_wconf 92' lang='lat' dir='ltr'><strong>so·</strong></span> 
     </span>
     <span class='ocr_line' id='line_1_12' title="bbox 274 1537 1565 1626; baseline 0 -22"><span class='ocrx_word' id='word_1_98' title='bbox 274 1537 382 1620; x_wconf 88' lang='lat' dir='ltr'><strong>lebat,</strong></span> <span class='ocrx_word' id='word_1_99' title='bbox 411 1537 495 1616; x_wconf 89' lang='lat' dir='ltr'><strong>liber</strong></span> <span class='ocrx_word' id='word_1_100' title='bbox 525 1561 621 1626; x_wconf 91' lang='lat' dir='ltr'><strong>quem</strong></span> <span class='ocrx_word' id='word_1_101' title='bbox 649 1539 808 1605; x_wconf 90' lang='lat' dir='ltr'><strong>habemus</strong></span> <span class='ocrx_word' id='word_1_102' title='bbox 836 1539 993 1623; x_wconf 85' lang='lat' dir='ltr'><strong>originem</strong></span> <span class='ocrx_word' id='word_1_103' title='bbox 1021 1540 1162 1605; x_wconf 85' lang='lat' dir='ltr'><strong>duxerit.</strong></span> <span class='ocrx_word' id='word_1_104' title='bbox 1206 1563 1248 1604; x_wconf 85' lang='lat' dir='ltr'><strong>ex</strong></span> <span class='ocrx_word' id='word_1_105' title='bbox 1275 1540 1336 1604; x_wconf 89' lang='lat' dir='ltr'><strong>hoc</strong></span> <span class='ocrx_word' id='word_1_106' title='bbox 1351 1540 1452 1614; x_wconf 25' lang='lat' dir='ltr'><strong>*enim</strong></span> <span class='ocrx_word' id='word_1_107' title='bbox 1473 1539 1565 1605; x_wconf 84' lang='lat' dir='ltr'><strong>fonte</strong></span> 
     </span>
     <span class='ocr_line' id='line_1_13' title="bbox 273 1630 1567 1728; baseline 0 -22"><span class='ocrx_word' id='word_1_108' title='bbox 273 1641 486 1728; x_wconf 90' lang='lat' dir='ltr'><strong>repetendum</strong></span> <span class='ocrx_word' id='word_1_109' title='bbox 508 1651 560 1706; x_wconf 89' lang='lat' dir='ltr'><strong>est</strong></span> <span class='ocrx_word' id='word_1_110' title='bbox 580 1639 679 1723; x_wconf 91' lang='lat' dir='ltr'><strong>illud,</strong></span> <span class='ocrx_word' id='word_1_111' title='bbox 702 1640 791 1727; x_wconf 92' lang='lat' dir='ltr'><strong>quod</strong></span> <span class='ocrx_word' id='word_1_112' title='bbox 813 1639 953 1726; x_wconf 91' lang='lat' dir='ltr'><strong>plurima</strong></span> <span class='ocrx_word' id='word_1_113' title='bbox 974 1663 1057 1728; x_wconf 91' lang='lat' dir='ltr'><strong>quae</strong></span> <span class='ocrx_word' id='word_1_114' title='bbox 1078 1642 1113 1704; x_wconf 93' lang='lat' dir='ltr'><strong>in</strong></span> <span class='ocrx_word' id='word_1_115' title='bbox 1135 1630 1283 1706; x_wconf 86' lang='lat' dir='ltr'><strong>Cledonii</strong></span> <span class='ocrx_word' id='word_1_116' title='bbox 1304 1639 1389 1707; x_wconf 92' lang='lat' dir='ltr'><strong>libro</strong></span> <span class='ocrx_word' id='word_1_117' title='bbox 1411 1639 1567 1726; x_wconf 89' lang='lat' dir='ltr'><strong>leguntur</strong></span> 
     </span>
     <span class='ocr_line' id='line_1_14' title="bbox 274 1741 1567 1832; baseline -0.001 -24"><span class='ocrx_word' id='word_1_118' title='bbox 274 1764 348 1808; x_wconf 90' lang='lat' dir='ltr'><strong>cum</strong></span> <span class='ocrx_word' id='word_1_119' title='bbox 376 1742 589 1832; x_wconf 89' lang='lat' dir='ltr'><strong>amplioribus</strong></span> <span class='ocrx_word' id='word_1_120' title='bbox 617 1743 874 1825; x_wconf 86' lang='lat' dir='ltr'><strong>commentariis,</strong></span> <span class='ocrx_word' id='word_1_121' title='bbox 902 1763 984 1829; x_wconf 91' lang='lat' dir='ltr'><strong>quos</strong></span> <span class='ocrx_word' id='word_1_122' title='bbox 1012 1742 1121 1809; x_wconf 90' lang='lat' dir='ltr'><strong>Servii</strong></span> <span class='ocrx_word' id='word_1_123' title='bbox 1149 1741 1202 1808; x_wconf 89' lang='lat' dir='ltr'><strong>vel</strong></span> <span class='ocrx_word' id='word_1_124' title='bbox 1230 1742 1338 1828; x_wconf 87' lang='lat' dir='ltr'><strong>Sergii</strong></span> <span class='ocrx_word' id='word_1_125' title='bbox 1364 1752 1397 1807; x_wconf 89' lang='lat' dir='ltr'><strong>et</strong></span> <span class='ocrx_word' id='word_1_126' title='bbox 1418 1743 1567 1830; x_wconf 91' lang='lat' dir='ltr'><strong>Pompeii</strong></span> 
     </span>
     <span class='ocr_line' id='line_1_15' title="bbox 275 1845 1566 1941; baseline 0.001 -31"><span class='ocrx_word' id='word_1_127' title='bbox 275 1846 461 1912; x_wconf 85' lang='lat' dir='ltr'><strong>nominibus</strong></span> <span class='ocrx_word' id='word_1_128' title='bbox 483 1846 659 1941; x_wconf 86' lang='lat' dir='ltr'><strong>inseriptqs</strong></span> <span class='ocrx_word' id='word_1_129' title='bbox 681 1845 856 1924; x_wconf 88' lang='lat' dir='ltr'><strong>habemus,</strong></span> <span class='ocrx_word' id='word_1_130' title='bbox 880 1845 1096 1910; x_wconf 90' lang='lat' dir='ltr'><strong>consentiunt.</strong></span> <span class='ocrx_word' id='word_1_131' title='bbox 1141 1866 1217 1909; x_wconf 91' lang='lat' dir='ltr'><strong>nam</strong></span> <span class='ocrx_word' id='word_1_132' title='bbox 1244 1867 1308 1911; x_wconf 91' lang='lat' dir='ltr'><strong>non</strong></span> <span class='ocrx_word' id='word_1_133' title='bbox 1334 1845 1436 1912; x_wconf 90' lang='lat' dir='ltr'><strong>solum</strong></span> <span class='ocrx_word' id='word_1_134' title='bbox 1457 1869 1566 1912; x_wconf 92' lang='lat' dir='ltr'><strong>rerum</strong></span> 
     </span>
     <span class='ocr_line' id='line_1_16' title="bbox 274 1947 1567 2033; baseline 0.002 -21"><span class='ocrx_word' id='word_1_135' title='bbox 274 1948 309 2012; x_wconf 91' lang='lat' dir='ltr'><strong>in</strong></span> <span class='ocrx_word' id='word_1_136' title='bbox 329 1947 379 2013; x_wconf 91' lang='lat' dir='ltr'><strong>his</strong></span> <span class='ocrx_word' id='word_1_137' title='bbox 402 1947 495 2014; x_wconf 89' lang='lat' dir='ltr'><strong>libris</strong></span> <span class='ocrx_word' id='word_1_138' title='bbox 518 1947 713 2013; x_wconf 89' lang='lat' dir='ltr'><strong>traditarum</strong></span> <span class='ocrx_word' id='word_1_139' title='bbox 729 1947 914 2012; x_wconf 84' lang='lat' dir='ltr'><strong>strationis</strong></span> <span class='ocrx_word' id='word_1_140' title='bbox 930 1947 1121 2033; x_wconf 87' lang='lat' dir='ltr'><strong>disputandi</strong></span> <span class='ocrx_word' id='word_1_141' title='bbox 1143 1948 1287 2012; x_wconf 84' lang='lat' dir='ltr'><strong>maxima</strong></span> <span class='ocrx_word' id='word_1_142' title='bbox 1302 1958 1352 2012; x_wconf 92' lang='lat' dir='ltr'><strong>est</strong></span> <span class='ocrx_word' id='word_1_143' title='bbox 1373 1947 1567 2030; x_wconf 87' lang='lat' dir='ltr'><strong>similitudo,</strong></span> 
     </span>
     <span class='ocr_line' id='line_1_17' title="bbox 274 2049 1567 2141; baseline -0.001 -26"><span class='ocrx_word' id='word_1_144' title='bbox 274 2072 357 2138; x_wconf 85' lang='lat' dir='ltr'><strong>quae</strong></span> <span class='ocrx_word' id='word_1_145' title='bbox 379 2049 511 2138; x_wconf 91' lang='lat' dir='ltr'><strong>quidem</strong></span> <span class='ocrx_word' id='word_1_146' title='bbox 533 2050 617 2116; x_wconf 91' lang='lat' dir='ltr'><strong>libro</strong></span> <span class='ocrx_word' id='word_1_147' title='bbox 639 2049 779 2130; x_wconf 90' lang='lat' dir='ltr'><strong>Donati,</strong></span> <span class='ocrx_word' id='word_1_148' title='bbox 803 2071 900 2135; x_wconf 90' lang='lat' dir='ltr'><strong>quem</strong></span> <span class='ocrx_word' id='word_1_149' title='bbox 922 2050 1040 2114; x_wconf 89' lang='lat' dir='ltr'><strong>docem</strong></span> <span class='ocrx_word' id='word_1_150' title='bbox 1062 2051 1166 2116; x_wconf 90' lang='lat' dir='ltr'><strong>secuti</strong></span> <span class='ocrx_word' id='word_1_151' title='bbox 1189 2061 1287 2141; x_wconf 86' lang='lat' dir='ltr'><strong>sunt,</strong></span> <span class='ocrx_word' id='word_1_152' title='bbox 1303 2050 1405 2115; x_wconf 90' lang='lat' dir='ltr'><strong>tribui</strong></span> <span class='ocrx_word' id='word_1_153' title='bbox 1426 2059 1567 2137; x_wconf 89' lang='lat' dir='ltr'><strong>poterat,</strong></span> 
     </span>
     <span class='ocr_line' id='line_1_18' title="bbox 274 2149 1569 2238; baseline 0 -22"><span class='ocrx_word' id='word_1_154' title='bbox 274 2151 334 2217; x_wconf 92' lang='lat' dir='ltr'><strong>sed</strong></span> <span class='ocrx_word' id='word_1_155' title='bbox 361 2154 461 2218; x_wconf 87' lang='lat' dir='ltr'><strong>etiam</strong></span> <span class='ocrx_word' id='word_1_156' title='bbox 492 2153 607 2217; x_wconf 89' lang='lat' dir='ltr'><strong>eadem</strong></span> <span class='ocrx_word' id='word_1_157' title='bbox 627 2151 697 2216; x_wconf 89' lang='lat' dir='ltr'><strong>fere</strong></span> <span class='ocrx_word' id='word_1_158' title='bbox 718 2149 954 2217; x_wconf 88' lang='lat' dir='ltr'><strong>vocabulorum</strong></span> <span class='ocrx_word' id='word_1_159' title='bbox 976 2152 1127 2238; x_wconf 82' lang='lat' dir='ltr'><strong>exempla</strong></span> <span class='ocrx_word' id='word_1_160' title='bbox 1148 2161 1181 2218; x_wconf 88' lang='lat' dir='ltr'><strong>et</strong></span> <span class='ocrx_word' id='word_1_161' title='bbox 1203 2162 1350 2218; x_wconf 90' lang='lat' dir='ltr'><strong>veterum</strong></span> <span class='ocrx_word' id='word_1_162' title='bbox 1372 2154 1569 2238; x_wconf 89' lang='lat' dir='ltr'><strong>scriptorum</strong></span> 
     </span>
     <span class='ocr_line' id='line_1_19' title="bbox 274 2251 1568 2341; baseline -0.002 -21"><span class='ocrx_word' id='word_1_163' title='bbox 274 2255 463 2321; x_wconf 87' lang='lat' dir='ltr'><strong>testimonia</strong></span> <span class='ocrx_word' id='word_1_164' title='bbox 484 2253 526 2319; x_wconf 93' lang='lat' dir='ltr'><strong>ad</strong></span> <span class='ocrx_word' id='word_1_165' title='bbox 549 2251 679 2339; x_wconf 84' lang='lat' dir='ltr'><strong>regulas</strong></span> <span class='ocrx_word' id='word_1_166' title='bbox 701 2251 890 2340; x_wconf 87' lang='lat' dir='ltr'><strong>probandas</strong></span> <span class='ocrx_word' id='word_1_167' title='bbox 912 2253 1080 2340; x_wconf 85' lang='lat' dir='ltr'><strong>adscripta</strong></span> <span class='ocrx_word' id='word_1_168' title='bbox 1103 2265 1194 2335; x_wconf 90' lang='lat' dir='ltr'><strong>sunt,</strong></span> <span class='ocrx_word' id='word_1_169' title='bbox 1217 2266 1315 2341; x_wconf 89' lang='lat' dir='ltr'><strong>atque</strong></span> <span class='ocrx_word' id='word_1_170' title='bbox 1331 2276 1373 2320; x_wconf 85' lang='lat' dir='ltr'><strong>ex</strong></span> <span class='ocrx_word' id='word_1_171' title='bbox 1388 2253 1470 2341; x_wconf 89' lang='lat' dir='ltr'><strong>ipsis</strong></span> <span class='ocrx_word' id='word_1_172' title='bbox 1485 2256 1568 2319; x_wconf 87' lang='lat' dir='ltr'><strong>artis</strong></span> 
     </span>
     <span class='ocr_line' id='line_1_20' title="bbox 274 2353 1571 2444; baseline 0.001 -24"><span class='ocrx_word' id='word_1_173' title='bbox 274 2357 460 2444; x_wconf 87' lang='lat' dir='ltr'><strong>praeceptis</strong></span> <span class='ocrx_word' id='word_1_174' title='bbox 482 2355 643 2443; x_wconf 90' lang='lat' dir='ltr'><strong>quaedam</strong></span> <span class='ocrx_word' id='word_1_175' title='bbox 669 2353 828 2420; x_wconf 87' lang='lat' dir='ltr'><strong>similibus</strong></span> <span class='ocrx_word' id='word_1_176' title='bbox 852 2355 963 2420; x_wconf 86' lang='lat' dir='ltr'><strong>verbis</strong></span> <span class='ocrx_word' id='word_1_177' title='bbox 985 2366 1149 2442; x_wconf 87' lang='lat' dir='ltr'><strong>concepta·</strong></span> <span class='ocrx_word' id='word_1_178' title='bbox 1164 2357 1325 2422; x_wconf 87' lang='lat' dir='ltr'><strong>invenias.</strong></span> <span class='ocrx_word' id='word_1_179' title='bbox 1360 2378 1498 2444; x_wconf 91' lang='lat' dir='ltr'><strong>quarum</strong></span> <span class='ocrx_word' id='word_1_180' title='bbox 1518 2379 1571 2421; x_wconf 90' lang='lat' dir='ltr'><strong>re-</strong></span> 
     </span>
     <span class='ocr_line' id='line_1_21' title="bbox 273 2455 1569 2544; baseline -0.002 -20"><span class='ocrx_word' id='word_1_181' title='bbox 273 2481 346 2525; x_wconf 91' lang='lat' dir='ltr'><strong>rum</strong></span> <span class='ocrx_word' id='word_1_182' title='bbox 379 2481 453 2524; x_wconf 89' lang='lat' dir='ltr'><strong>cum</strong></span> <span class='ocrx_word' id='word_1_183' title='bbox 480 2457 623 2544; x_wconf 90' lang='lat' dir='ltr'><strong>plurima</strong></span> <span class='ocrx_word' id='word_1_184' title='bbox 648 2455 800 2544; x_wconf 85' lang='lat' dir='ltr'><strong>exempla</strong></span> <span class='ocrx_word' id='word_1_185' title='bbox 825 2479 885 2543; x_wconf 89' lang='lat' dir='ltr'><strong>per</strong></span> <span class='ocrx_word' id='word_1_186' title='bbox 912 2478 1040 2522; x_wconf 90' lang='lat' dir='ltr'><strong>omnem</strong></span> <span class='ocrx_word' id='word_1_187' title='bbox 1062 2457 1212 2523; x_wconf 84' lang='lat' dir='ltr'><strong>Oledonii</strong></span> <span class='ocrx_word' id='word_1_188' title='bbox 1240 2456 1360 2525; x_wconf 88' lang='lat' dir='ltr'><strong>librum</strong></span> <span class='ocrx_word' id='word_1_189' title='bbox 1389 2457 1569 2544; x_wconf 88' lang='lat' dir='ltr'><strong>deprehen-</strong></span> 
     </span>
     <span class='ocr_line' id='line_1_22' title="bbox 275 2558 1571 2647; baseline 0.002 -22"><span class='ocrx_word' id='word_1_190' title='bbox 275 2559 410 2643; x_wconf 84' lang='lat' dir='ltr'><strong>dantur,</strong></span> <span class='ocrx_word' id='word_1_191' title='bbox 433 2570 503 2626; x_wconf 88' lang='lat' dir='ltr'><strong>tum</strong></span> <span class='ocrx_word' id='word_1_192' title='bbox 524 2558 621 2624; x_wconf 88' lang='lat' dir='ltr'><strong>facile</strong></span> <span class='ocrx_word' id='word_1_193' title='bbox 644 2559 781 2646; x_wconf 87' lang='lat' dir='ltr'><strong>adparet</strong></span> <span class='ocrx_word' id='word_1_194' title='bbox 802 2559 850 2624; x_wconf 87' lang='lat' dir='ltr'><strong>ita</strong></span> <span class='ocrx_word' id='word_1_195' title='bbox 872 2570 1084 2647; x_wconf 89' lang='lat' dir='ltr'><strong>conparatum</strong></span> <span class='ocrx_word' id='word_1_196' title='bbox 1107 2583 1177 2625; x_wconf 88' lang='lat' dir='ltr'><strong>esse</strong></span> <span class='ocrx_word' id='word_1_197' title='bbox 1200 2582 1274 2625; x_wconf 90' lang='lat' dir='ltr'><strong>eum</strong></span> <span class='ocrx_word' id='word_1_198' title='bbox 1296 2583 1507 2642; x_wconf 88' lang='lat' dir='ltr'><strong>consensum,</strong></span> <span class='ocrx_word' id='word_1_199' title='bbox 1529 2572 1571 2627; x_wconf 91' lang='lat' dir='ltr'><strong>ut</strong></span> 
     </span>
     <span class='ocr_line' id='line_1_23' title="bbox 275 2659 1570 2751; baseline 0 -23"><span class='ocrx_word' id='word_1_200' title='bbox 275 2684 314 2728; x_wconf 90' lang='lat' dir='ltr'><strong>ea</strong></span> <span class='ocrx_word' id='word_1_201' title='bbox 336 2683 420 2751; x_wconf 88' lang='lat' dir='ltr'><strong>quae</strong></span> <span class='ocrx_word' id='word_1_202' title='bbox 442 2662 592 2727; x_wconf 88' lang='lat' dir='ltr'><strong>similiter</strong></span> <span class='ocrx_word' id='word_1_203' title='bbox 615 2661 704 2749; x_wconf 89' lang='lat' dir='ltr'><strong>apud</strong></span> <span class='ocrx_word' id='word_1_204' title='bbox 725 2659 799 2726; x_wconf 91' lang='lat' dir='ltr'><strong>illos</strong></span> <span class='ocrx_word' id='word_1_205' title='bbox 822 2663 1054 2746; x_wconf 85' lang='lat' dir='ltr'><strong>grammaticos</strong></span> <span class='ocrx_word' id='word_1_206' title='bbox 1082 2665 1205 2749; x_wconf 88' lang='lat' dir='ltr'><strong>scripta</strong></span> <span class='ocrx_word' id='word_1_207' title='bbox 1228 2673 1305 2727; x_wconf 93' lang='lat' dir='ltr'><strong>sunt</strong></span> <span class='ocrx_word' id='word_1_208' title='bbox 1326 2685 1431 2750; x_wconf 90' lang='lat' dir='ltr'><strong>neque</strong></span> <span class='ocrx_word' id='word_1_209' title='bbox 1453 2684 1474 2726; x_wconf 91' lang='lat' dir='ltr'><strong>a</strong></span> <span class='ocrx_word' id='word_1_210' title='bbox 1495 2661 1570 2728; x_wconf 86' lang='lat' dir='ltr'><strong>Cle-</strong></span> 
     </span>
     <span class='ocr_line' id='line_1_24' title="bbox 275 2762 1570 2849; baseline -0.002 -18"><span class='ocrx_word' id='word_1_211' title='bbox 275 2766 373 2832; x_wconf 89' lang='lat' dir='ltr'><strong>donio</strong></span> <span class='ocrx_word' id='word_1_212' title='bbox 404 2787 445 2830; x_wconf 85' lang='lat' dir='ltr'><strong>ex</strong></span> <span class='ocrx_word' id='word_1_213' title='bbox 472 2763 601 2829; x_wconf 90' lang='lat' dir='ltr'><strong>illorum</strong></span> <span class='ocrx_word' id='word_1_214' title='bbox 624 2762 717 2829; x_wconf 91' lang='lat' dir='ltr'><strong>libris</strong></span> <span class='ocrx_word' id='word_1_215' title='bbox 745 2763 812 2849; x_wconf 92' lang='lat' dir='ltr'><strong>peti</strong></span> <span class='ocrx_word' id='word_1_216' title='bbox 834 2785 939 2849; x_wconf 92' lang='lat' dir='ltr'><strong>neque</strong></span> <span class='ocrx_word' id='word_1_217' title='bbox 962 2762 1005 2826; x_wconf 91' lang='lat' dir='ltr'><strong>ad</strong></span> <span class='ocrx_word' id='word_1_218' title='bbox 1026 2764 1099 2830; x_wconf 92' lang='lat' dir='ltr'><strong>illos</strong></span> <span class='ocrx_word' id='word_1_219' title='bbox 1123 2787 1165 2830; x_wconf 84' lang='lat' dir='ltr'><strong>ex</strong></span> <span class='ocrx_word' id='word_1_220' title='bbox 1187 2764 1336 2829; x_wconf 85' lang='lat' dir='ltr'><strong>Cledcnii</strong></span> <span class='ocrx_word' id='word_1_221' title='bbox 1357 2765 1441 2830; x_wconf 91' lang='lat' dir='ltr'><strong>libro</strong></span> <span class='ocrx_word' id='word_1_222' title='bbox 1465 2777 1570 2829; x_wconf 87' lang='lat' dir='ltr'><strong>trans-</strong></span> 
     </span>
     <span class='ocr_line' id='line_1_25' title="bbox 275 2865 1570 2954; baseline -0.001 -21"><span class='ocrx_word' id='word_1_223' title='bbox 275 2867 354 2933; x_wconf 85' lang='lat' dir='ltr'><strong>ferri</strong></span> <span class='ocrx_word' id='word_1_224' title='bbox 376 2867 558 2954; x_wconf 90' lang='lat' dir='ltr'><strong>potuerint,</strong></span> <span class='ocrx_word' id='word_1_225' title='bbox 589 2865 648 2930; x_wconf 91' lang='lat' dir='ltr'><strong>sed</strong></span> <span class='ocrx_word' id='word_1_226' title='bbox 676 2865 785 2950; x_wconf 87' lang='lat' dir='ltr'><strong>potius</strong></span> <span class='ocrx_word' id='word_1_227' title='bbox 808 2887 851 2928; x_wconf 86' lang='lat' dir='ltr'><strong>ex</strong></span> <span class='ocrx_word' id='word_1_228' title='bbox 872 2867 1034 2930; x_wconf 90' lang='lat' dir='ltr'><strong>communi</strong></span> <span class='ocrx_word' id='word_1_229' title='bbox 1057 2866 1147 2932; x_wconf 89' lang='lat' dir='ltr'><strong>fonte</strong></span> <span class='ocrx_word' id='word_1_230' title='bbox 1177 2876 1209 2931; x_wconf 90' lang='lat' dir='ltr'><strong>et</strong></span> <span class='ocrx_word' id='word_1_231' title='bbox 1229 2865 1273 2930; x_wconf 93' lang='lat' dir='ltr'><strong>ad</strong></span> <span class='ocrx_word' id='word_1_232' title='bbox 1294 2866 1379 2930; x_wconf 90' lang='lat' dir='ltr'><strong>hunc</strong></span> <span class='ocrx_word' id='word_1_233' title='bbox 1401 2879 1433 2932; x_wconf 91' lang='lat' dir='ltr'><strong>et</strong></span> <span class='ocrx_word' id='word_1_234' title='bbox 1455 2865 1498 2931; x_wconf 91' lang='lat' dir='ltr'><strong>ad</strong></span> <span class='ocrx_word' id='word_1_235' title='bbox 1518 2889 1570 2932; x_wconf 90' lang='lat' dir='ltr'><strong>re-</strong></span> 
     </span>
     <span class='ocr_line' id='line_1_26' title="bbox 275 2964 1572 3057; baseline 0 -23"><span class='ocrx_word' id='word_1_236' title='bbox 275 2968 381 3057; x_wconf 88' lang='lat' dir='ltr'><strong>liquos</strong></span> <span class='ocrx_word' id='word_1_237' title='bbox 409 2969 602 3055; x_wconf 85' lang='lat' dir='ltr'><strong>interpretes</strong></span> <span class='ocrx_word' id='word_1_238' title='bbox 631 2964 781 3031; x_wconf 89' lang='lat' dir='ltr'><strong>derivata</strong></span> <span class='ocrx_word' id='word_1_239' title='bbox 807 2966 883 3031; x_wconf 91' lang='lat' dir='ltr'><strong>sint.</strong></span> <span class='ocrx_word' id='word_1_240' title='bbox 927 2965 993 3032; x_wconf 90' lang='lat' dir='ltr'><strong>alia</strong></span> <span class='ocrx_word' id='word_1_241' title='bbox 1025 2968 1112 3032; x_wconf 91' lang='lat' dir='ltr'><strong>enirn</strong></span> <span class='ocrx_word' id='word_1_242' title='bbox 1144 2989 1165 3032; x_wconf 89' lang='lat' dir='ltr'><strong>a</strong></span> <span class='ocrx_word' id='word_1_243' title='bbox 1192 2967 1348 3033; x_wconf 81' lang='lat' dir='ltr'><strong>Oledonio</strong></span> <span class='ocrx_word' id='word_1_244' title='bbox 1382 2970 1501 3034; x_wconf 88' lang='lat' dir='ltr'><strong>rectius</strong></span> <span class='ocrx_word' id='word_1_245' title='bbox 1535 2981 1572 3035; x_wconf 90' lang='lat' dir='ltr'><strong>et</strong></span> 
     </span>
     <span class='ocr_line' id='line_1_27' title="bbox 275 3067 1571 3156; baseline -0.001 -19"><span class='ocrx_word' id='word_1_246' title='bbox 275 3070 407 3137; x_wconf 89' lang='lat' dir='ltr'><strong>uberius</strong></span> <span class='ocrx_word' id='word_1_247' title='bbox 430 3091 527 3156; x_wconf 91' lang='lat' dir='ltr'><strong>quam</strong></span> <span class='ocrx_word' id='word_1_248' title='bbox 550 3071 592 3135; x_wconf 91' lang='lat' dir='ltr'><strong>ab</strong></span> <span class='ocrx_word' id='word_1_249' title='bbox 613 3068 677 3133; x_wconf 91' lang='lat' dir='ltr'><strong>illis</strong></span> <span class='ocrx_word' id='word_1_250' title='bbox 700 3067 824 3133; x_wconf 90' lang='lat' dir='ltr'><strong>tradita</strong></span> <span class='ocrx_word' id='word_1_251' title='bbox 846 3077 938 3149; x_wconf 89' lang='lat' dir='ltr'><strong>sunt,</strong></span> <span class='ocrx_word' id='word_1_252' title='bbox 961 3067 1041 3147; x_wconf 85' lang='lat' dir='ltr'><strong>alia,</strong></span> <span class='ocrx_word' id='word_1_253' title='bbox 1063 3092 1147 3156; x_wconf 91' lang='lat' dir='ltr'><strong>quae</strong></span> <span class='ocrx_word' id='word_1_254' title='bbox 1162 3093 1183 3135; x_wconf 92' lang='lat' dir='ltr'><strong>a</strong></span> <span class='ocrx_word' id='word_1_255' title='bbox 1197 3069 1353 3134; x_wconf 79' lang='lat' dir='ltr'><strong>Oledonio</strong></span> <span class='ocrx_word' id='word_1_256' title='bbox 1374 3071 1493 3135; x_wconf 89' lang='lat' dir='ltr'><strong>omissa</strong></span> <span class='ocrx_word' id='word_1_257' title='bbox 1514 3071 1571 3136; x_wconf 90' lang='lat' dir='ltr'><strong>vel</strong></span> 
     </span>
     <span class='ocr_line' id='line_1_28' title="bbox 276 3169 1570 3259; baseline 0 -21"><span class='ocrx_word' id='word_1_258' title='bbox 276 3181 429 3258; x_wconf 81' lang='lat' dir='ltr'><strong>corrupta</strong></span> <span class='ocrx_word' id='word_1_259' title='bbox 456 3182 546 3253; x_wconf 90' lang='lat' dir='ltr'><strong>sunt,</strong></span> <span class='ocrx_word' id='word_1_260' title='bbox 575 3171 704 3256; x_wconf 90' lang='lat' dir='ltr'><strong>integra</strong></span> <span class='ocrx_word' id='word_1_261' title='bbox 730 3178 947 3235; x_wconf 89' lang='lat' dir='ltr'><strong>servaverunt</strong></span> <span class='ocrx_word' id='word_1_262' title='bbox 972 3169 1031 3238; x_wconf 91' lang='lat' dir='ltr'><strong>illi.</strong></span> <span class='ocrx_word' id='word_1_263' title='bbox 1076 3172 1161 3236; x_wconf 91' lang='lat' dir='ltr'><strong>vidit</strong></span> <span class='ocrx_word' id='word_1_264' title='bbox 1182 3171 1243 3236; x_wconf 93' lang='lat' dir='ltr'><strong>hoc</strong></span> <span class='ocrx_word' id='word_1_265' title='bbox 1271 3194 1376 3258; x_wconf 88' lang='lat' dir='ltr'><strong>nuper</strong></span> <span class='ocrx_word' id='word_1_266' title='bbox 1397 3175 1570 3259; x_wconf 87' lang='lat' dir='ltr'><strong>Augustus</strong></span> 
     </span>
     <span class='ocr_line' id='line_1_29' title="bbox 276 3271 1571 3362; baseline -0.001 -23"><span class='ocrx_word' id='word_1_267' title='bbox 276 3274 460 3339; x_wconf 89' lang='lat' dir='ltr'><strong>Wilmanns</strong></span> <span class='ocrx_word' id='word_1_268' title='bbox 490 3272 531 3338; x_wconf 93' lang='lat' dir='ltr'><strong>de</strong></span> <span class='ocrx_word' id='word_1_269' title='bbox 559 3271 655 3338; x_wconf 86' lang='lat' dir='ltr'><strong>Varr.</strong></span> <span class='ocrx_word' id='word_1_270' title='bbox 683 3271 758 3339; x_wconf 89' lang='lat' dir='ltr'><strong>libr.</strong></span> <span class='ocrx_word' id='word_1_271' title='bbox 788 3295 926 3359; x_wconf 89' lang='lat' dir='ltr'><strong>gramm.</strong></span> <span class='ocrx_word' id='word_1_272' title='bbox 954 3295 987 3360; x_wconf 94' lang='lat' dir='ltr'><strong>p.</strong></span> <span class='ocrx_word' id='word_1_273' title='bbox 1013 3273 1089 3355; x_wconf 90' lang='lat'><strong>110,</strong></span> <span class='ocrx_word' id='word_1_274' title='bbox 1124 3274 1182 3360; x_wconf 91' lang='lat' dir='ltr'><strong>qui</strong></span> <span class='ocrx_word' id='word_1_275' title='bbox 1210 3295 1284 3338; x_wconf 91' lang='lat' dir='ltr'><strong>cum</strong></span> <span class='ocrx_word' id='word_1_276' title='bbox 1309 3275 1344 3337; x_wconf 91' lang='lat' dir='ltr'><strong>in</strong></span> <span class='ocrx_word' id='word_1_277' title='bbox 1371 3275 1571 3362; x_wconf 89' lang='lat' dir='ltr'><strong>quibusdam</strong></span> 
     </span>
     <span class='ocr_line' id='line_1_30' title="bbox 276 3375 1571 3461; baseline 0.001 -20"><span class='ocrx_word' id='word_1_278' title='bbox 276 3375 434 3442; x_wconf 85' lang='lat' dir='ltr'><strong>Varronis</strong></span> <span class='ocrx_word' id='word_1_279' title='bbox 454 3375 647 3461; x_wconf 87' lang='lat' dir='ltr'><strong>fragmentis</strong></span> <span class='ocrx_word' id='word_1_280' title='bbox 669 3376 755 3440; x_wconf 91' lang='lat' dir='ltr'><strong>hunc</strong></span> <span class='ocrx_word' id='word_1_281' title='bbox 777 3397 971 3440; x_wconf 88' lang='lat' dir='ltr'><strong>consensum</strong></span> <span class='ocrx_word' id='word_1_282' title='bbox 992 3376 1205 3461; x_wconf 89' lang='lat' dir='ltr'><strong>interpretum</strong></span> <span class='ocrx_word' id='word_1_283' title='bbox 1219 3376 1343 3441; x_wconf 86' lang='lat' dir='ltr'><strong>Donati</strong></span> <span class='ocrx_word' id='word_1_284' title='bbox 1365 3378 1571 3442; x_wconf 88' lang='lat' dir='ltr'><strong>animadver-</strong></span> 
     </span>
     <span class='ocr_line' id='line_1_31' title="bbox 277 3476 1571 3566; baseline -0.002 -22"><span class='ocrx_word' id='word_1_285' title='bbox 277 3479 383 3561; x_wconf 88' lang='lat' dir='ltr'><strong>tisset,</strong></span> <span class='ocrx_word' id='word_1_286' title='bbox 407 3497 517 3544; x_wconf 92' lang='lat' dir='ltr'><strong>omnes</strong></span> <span class='ocrx_word' id='word_1_287' title='bbox 533 3499 576 3542; x_wconf 89' lang='lat' dir='ltr'><strong>ex</strong></span> <span class='ocrx_word' id='word_1_288' title='bbox 590 3500 655 3543; x_wconf 91' lang='lat' dir='ltr'><strong>uno</strong></span> <span class='ocrx_word' id='word_1_289' title='bbox 671 3476 850 3566; x_wconf 88' lang='lat' dir='ltr'><strong>eodemque</strong></span> <span class='ocrx_word' id='word_1_290' title='bbox 865 3476 1010 3544; x_wconf 85' lang='lat' dir='ltr'><strong>doctiore</strong></span> <span class='ocrx_word' id='word_1_291' title='bbox 1025 3479 1255 3543; x_wconf 89' lang='lat' dir='ltr'><strong>commentario</strong></span> <span class='ocrx_word' id='word_1_292' title='bbox 1271 3478 1430 3560; x_wconf 86' lang='lat' dir='ltr'><strong>hausisse,</strong></span> <span class='ocrx_word' id='word_1_293' title='bbox 1453 3476 1571 3544; x_wconf 91' lang='lat' dir='ltr'><strong>alium-</strong></span> 
     </span>
     <span class='ocr_line' id='line_1_32' title="bbox 278 3578 1573 3671; baseline 0.001 -26"><span class='ocrx_word' id='word_1_294' title='bbox 278 3603 341 3669; x_wconf 89' lang='lat' dir='ltr'><strong>que</strong></span> <span class='ocrx_word' id='word_1_295' title='bbox 363 3578 473 3667; x_wconf 86' lang='lat' dir='ltr'><strong>plura,</strong></span> <span class='ocrx_word' id='word_1_296' title='bbox 497 3578 597 3644; x_wconf 91' lang='lat' dir='ltr'><strong>alium</strong></span> <span class='ocrx_word' id='word_1_297' title='bbox 619 3579 775 3671; x_wconf 87' lang='lat' dir='ltr'><strong>pauciora</strong></span> <span class='ocrx_word' id='word_1_298' title='bbox 795 3578 873 3644; x_wconf 91' lang='lat' dir='ltr'><strong>inde</strong></span> <span class='ocrx_word' id='word_1_299' title='bbox 895 3581 1074 3668; x_wconf 88' lang='lat' dir='ltr'><strong>sumpsisse</strong></span> <span class='ocrx_word' id='word_1_300' title='bbox 1096 3580 1309 3646; x_wconf 86' lang='lat' dir='ltr'><strong>existimavit.</strong></span> <span class='ocrx_word' id='word_1_301' title='bbox 1338 3601 1443 3666; x_wconf 90' lang='lat' dir='ltr'><strong>neque</strong></span> <span class='ocrx_word' id='word_1_302' title='bbox 1458 3590 1573 3646; x_wconf 91' lang='lat' dir='ltr'><strong>tamen</strong></span> 
     </span>
     <span class='ocr_line' id='line_1_33' title="bbox 277 3681 1573 3768; baseline 0.001 -21"><span class='ocrx_word' id='word_1_303' title='bbox 277 3684 312 3748; x_wconf 91' lang='lat' dir='ltr'><strong>in</strong></span> <span class='ocrx_word' id='word_1_304' title='bbox 338 3704 403 3747; x_wconf 91' lang='lat' dir='ltr'><strong>uuo</strong></span> <span class='ocrx_word' id='word_1_305' title='bbox 432 3693 465 3746; x_wconf 92' lang='lat' dir='ltr'><strong>et</strong></span> <span class='ocrx_word' id='word_1_306' title='bbox 491 3683 644 3748; x_wconf 91' lang='lat' dir='ltr'><strong>continuo</strong></span> <span class='ocrx_word' id='word_1_307' title='bbox 672 3682 865 3768; x_wconf 89' lang='lat' dir='ltr'><strong>antiquioris</strong></span> <span class='ocrx_word' id='word_1_308' title='bbox 893 3681 1096 3767; x_wconf 88' lang='lat' dir='ltr'><strong>grammatici</strong></span> <span class='ocrx_word' id='word_1_309' title='bbox 1123 3682 1208 3748; x_wconf 92' lang='lat' dir='ltr'><strong>libro</strong></span> <span class='ocrx_word' id='word_1_310' title='bbox 1231 3681 1456 3764; x_wconf 90' lang='lat' dir='ltr'><strong>haecomnia,</strong></span> <span class='ocrx_word' id='word_1_311' title='bbox 1485 3704 1573 3768; x_wconf 92' lang='lat' dir='ltr'><strong>quae</strong></span> 
     </span>
     <span class='ocr_line' id='line_1_34' title="bbox 277 3783 1572 3872; baseline -0.001 -22"><span class='ocrx_word' id='word_1_312' title='bbox 277 3794 443 3872; x_wconf 90' lang='lat' dir='ltr'><strong>tamquam</strong></span> <span class='ocrx_word' id='word_1_313' title='bbox 465 3784 585 3850; x_wconf 88' lang='lat' dir='ltr'><strong>veteris</strong></span> <span class='ocrx_word' id='word_1_314' title='bbox 607 3785 774 3850; x_wconf 86' lang='lat' dir='ltr'><strong>doctrinae</strong></span> <span class='ocrx_word' id='word_1_315' title='bbox 795 3783 952 3872; x_wconf 86' lang='lat' dir='ltr'><strong>reliquiae</strong></span> <span class='ocrx_word' id='word_1_316' title='bbox 972 3805 1059 3850; x_wconf 88' lang='lat' dir='ltr'><strong>nunc</strong></span> <span class='ocrx_word' id='word_1_317' title='bbox 1073 3783 1161 3870; x_wconf 91' lang='lat' dir='ltr'><strong>apud</strong></span> <span class='ocrx_word' id='word_1_318' title='bbox 1176 3783 1461 3870; x_wconf 82' lang='lat' dir='ltr'><strong>plures&#39;dispersa</strong></span> <span class='ocrx_word' id='word_1_319' title='bbox 1482 3794 1572 3869; x_wconf 92' lang='lat' dir='ltr'><strong>sunt,</strong></span> 
     </span>
     <span class='ocr_line' id='line_1_35' title="bbox 278 3884 1572 3970; baseline -0.002 -17"><span class='ocrx_word' id='word_1_320' title='bbox 278 3887 356 3970; x_wconf 82' lang='lat' dir='ltr'><strong>olim</strong></span> <span class='ocrx_word' id='word_1_321' title='bbox 383 3887 556 3966; x_wconf 87' lang='lat' dir='ltr'><strong>coniuncta</strong></span> <span class='ocrx_word' id='word_1_322' title='bbox 583 3886 685 3951; x_wconf 86' lang='lat' dir='ltr'><strong>fuisse</strong></span> <span class='ocrx_word' id='word_1_323' title='bbox 704 3887 991 3968; x_wconf 63' lang='lat' dir='ltr'><strong>vconfirmaverim</strong></span> <span class='ocrx_word' id='word_1_324' title='bbox 1020 3885 1077 3950; x_wconf 89' lang='lat' dir='ltr'><strong>sed</strong></span> <span class='ocrx_word' id='word_1_325' title='bbox 1105 3887 1268 3951; x_wconf 89' lang='lat' dir='ltr'><strong>constanti</strong></span> <span class='ocrx_word' id='word_1_326' title='bbox 1296 3884 1479 3951; x_wconf 89' lang='lat' dir='ltr'><strong>scholarum</strong></span> <span class='ocrx_word' id='word_1_327' title='bbox 1507 3908 1572 3951; x_wconf 86' lang='lat' dir='ltr'><strong>usu</strong></span> 
     </span>
     <span class='ocr_line' id='line_1_36' title="bbox 277 3987 1573 4077; baseline -0.002 -23"><span class='ocrx_word' id='word_1_328' title='bbox 277 3991 403 4056; x_wconf 85' lang='lat' dir='ltr'><strong>factum</strong></span> <span class='ocrx_word' id='word_1_329' title='bbox 430 4011 502 4054; x_wconf 89' lang='lat' dir='ltr'><strong>esse</strong></span> <span class='ocrx_word' id='word_1_330' title='bbox 531 3989 662 4055; x_wconf 88' lang='lat' dir='ltr'><strong>videtur</strong></span> <span class='ocrx_word' id='word_1_331' title='bbox 688 3999 726 4055; x_wconf 89' lang='lat' dir='ltr'><strong>ut</strong></span> <span class='ocrx_word' id='word_1_332' title='bbox 753 4010 793 4054; x_wconf 91' lang='lat' dir='ltr'><strong>ea</strong></span> <span class='ocrx_word' id='word_1_333' title='bbox 820 4011 903 4077; x_wconf 90' lang='lat' dir='ltr'><strong>quae</strong></span> <span class='ocrx_word' id='word_1_334' title='bbox 931 4011 951 4052; x_wconf 91' lang='lat' dir='ltr'><strong>a</strong></span> <span class='ocrx_word' id='word_1_335' title='bbox 977 3987 1144 4073; x_wconf 88' lang='lat' dir='ltr'><strong>magistris</strong></span> <span class='ocrx_word' id='word_1_336' title='bbox 1170 3989 1404 4073; x_wconf 89' lang='lat' dir='ltr'><strong>grammaticae</strong></span> <span class='ocrx_word' id='word_1_337' title='bbox 1424 3988 1504 4052; x_wconf 86' lang='lat' dir='ltr'><strong>artis</strong></span> <span class='ocrx_word' id='word_1_338' title='bbox 1527 3987 1573 4052; x_wconf 91' lang='lat' dir='ltr'><strong>de</strong></span> 
     </span>
     <span class='ocr_line' id='line_1_37' title="bbox 278 4084 1572 4178; baseline -0.002 -20"><span class='ocrx_word' id='word_1_339' title='bbox 278 4092 402 4158; x_wconf 90' lang='lat' dir='ltr'><strong>Donati</strong></span> <span class='ocrx_word' id='word_1_340' title='bbox 423 4090 508 4158; x_wconf 91' lang='lat' dir='ltr'><strong>libro</strong></span> <span class='ocrx_word' id='word_1_341' title='bbox 532 4093 655 4178; x_wconf 90' lang='lat' dir='ltr'><strong>scripta</strong></span> <span class='ocrx_word' id='word_1_342' title='bbox 677 4090 729 4156; x_wconf 91' lang='lat' dir='ltr'><strong>vel</strong></span> <span class='ocrx_word' id='word_1_343' title='bbox 752 4091 871 4156; x_wconf 90' lang='lat' dir='ltr'><strong>scholis</strong></span> <span class='ocrx_word' id='word_1_344' title='bbox 894 4099 1070 4177; x_wconf 85' lang='lat' dir='ltr'><strong>praecepta</strong></span> <span class='ocrx_word' id='word_1_345' title='bbox 1088 4084 1206 4170; x_wconf 87' lang='lat' dir='ltr'><strong>erant,</strong></span> <span class='ocrx_word' id='word_1_346' title='bbox 1234 4089 1269 4155; x_wconf 92' lang='lat' dir='ltr'><strong>id</strong></span> <span class='ocrx_word' id='word_1_347' title='bbox 1290 4089 1377 4177; x_wconf 93' lang='lat' dir='ltr'><strong>quod</strong></span> <span class='ocrx_word' id='word_1_348' title='bbox 1399 4089 1572 4176; x_wconf 88' lang='lat' dir='ltr'><strong>inprimis</strong></span> 
     </span>
     <span class='ocr_line' id='line_1_38' title="bbox 279 4192 1639 4280; baseline -0.001 -22"><span class='ocrx_word' id='word_1_349' title='bbox 279 4215 321 4258; x_wconf 85' lang='lat' dir='ltr'><strong>ex</strong></span> <span class='ocrx_word' id='word_1_350' title='bbox 343 4193 492 4259; x_wconf 83' lang='lat' dir='ltr'><strong>Cledcnii</strong></span> <span class='ocrx_word' id='word_1_351' title='bbox 520 4193 603 4259; x_wconf 89' lang='lat' dir='ltr'><strong>libro</strong></span> <span class='ocrx_word' id='word_1_352' title='bbox 627 4193 843 4280; x_wconf 90' lang='lat' dir='ltr'><strong>intellegitur,</strong></span> <span class='ocrx_word' id='word_1_353' title='bbox 872 4193 915 4258; x_wconf 89' lang='lat' dir='ltr'><strong>ad</strong></span> <span class='ocrx_word' id='word_1_354' title='bbox 943 4201 1091 4279; x_wconf 90' lang='lat' dir='ltr'><strong>posteros</strong></span> <span class='ocrx_word' id='word_1_355' title='bbox 1113 4201 1375 4279; x_wconf 85' lang='lat' dir='ltr'><strong>propagarentur</strong></span> <span class='ocrx_word' id='word_1_356' title='bbox 1396 4200 1430 4256; x_wconf 88' lang='lat' dir='ltr'><strong>et</strong></span> <span class='ocrx_word' id='word_1_357' title='bbox 1450 4192 1490 4256; x_wconf 89' lang='lat' dir='ltr'><strong>iis</strong></span> <span class='ocrx_word' id='word_1_358' title='bbox 1513 4194 1573 4278; x_wconf 91' lang='lat' dir='ltr'><strong>qui</strong></span> <span class='ocrx_word' id='word_1_359' title='bbox 1637 4210 1639 4213; x_wconf 89' lang='grc'><strong><em>·</em></strong></span> 
     </span>
     <span class='ocr_line' id='line_1_39' title="bbox 278 4281 1571 4382; baseline -0.003 -20"><span class='ocrx_word' id='word_1_360' title='bbox 278 4281 393 4382; x_wconf 82' lang='lat' dir='ltr'><strong>postea</strong></span> <span class='ocrx_word' id='word_1_361' title='bbox 421 4296 456 4361; x_wconf 92' lang='lat' dir='ltr'><strong>in</strong></span> <span class='ocrx_word' id='word_1_362' title='bbox 483 4296 599 4361; x_wconf 90' lang='lat' dir='ltr'><strong>eodem</strong></span> <span class='ocrx_word' id='word_1_363' title='bbox 627 4296 737 4361; x_wconf 92' lang='lat' dir='ltr'><strong>labore</strong></span> <span class='ocrx_word' id='word_1_364' title='bbox 766 4295 985 4361; x_wconf 89' lang='lat' dir='ltr'><strong>versabantur</strong></span> <span class='ocrx_word' id='word_1_365' title='bbox 1012 4305 1121 4360; x_wconf 89' lang='lat' dir='ltr'><strong>certae</strong></span> <span class='ocrx_word' id='word_1_366' title='bbox 1149 4293 1262 4380; x_wconf 86' lang='lat' dir='ltr'><strong>copiae</strong></span> <span class='ocrx_word' id='word_1_367' title='bbox 1288 4303 1422 4379; x_wconf 88' lang='lat' dir='ltr'><strong>paratae</strong></span> <span class='ocrx_word' id='word_1_368' title='bbox 1449 4306 1571 4376; x_wconf 88' lang='lat' dir='ltr'><strong>essent,</strong></span> 
     </span>
     <span class='ocr_line' id='line_1_40' title="bbox 278 4394 1571 4485; baseline -0.002 -22"><span class='ocrx_word' id='word_1_369' title='bbox 278 4397 397 4485; x_wconf 90' lang='lat' dir='ltr'><strong>quibus</strong></span> <span class='ocrx_word' id='word_1_370' title='bbox 418 4397 467 4464; x_wconf 88' lang='lat' dir='ltr'><strong>ita</strong></span> <span class='ocrx_word' id='word_1_371' title='bbox 487 4399 681 4479; x_wconf 89' lang='lat' dir='ltr'><strong>utebantur,</strong></span> <span class='ocrx_word' id='word_1_372' title='bbox 710 4407 747 4462; x_wconf 90' lang='lat' dir='ltr'><strong>ut</strong></span> <span class='ocrx_word' id='word_1_373' title='bbox 768 4406 802 4462; x_wconf 94' lang='lat' dir='ltr'><strong>et</strong></span> <span class='ocrx_word' id='word_1_374' title='bbox 829 4396 1019 4483; x_wconf 88' lang='lat' dir='ltr'><strong>disputandi</strong></span> <span class='ocrx_word' id='word_1_375' title='bbox 1042 4395 1189 4461; x_wconf 89' lang='lat' dir='ltr'><strong>ordinem</strong></span> <span class='ocrx_word' id='word_1_376' title='bbox 1211 4418 1232 4460; x_wconf 91' lang='lat' dir='ltr'><strong>a</strong></span> <span class='ocrx_word' id='word_1_377' title='bbox 1252 4395 1416 4482; x_wconf 88' lang='lat' dir='ltr'><strong>prioribus</strong></span> <span class='ocrx_word' id='word_1_378' title='bbox 1439 4394 1571 4461; x_wconf 88' lang='lat' dir='ltr'><strong>institu-</strong></span> 
     </span>
     <span class='ocr_line' id='line_1_41' title="bbox 242 4481 1568 4587; baseline -0.002 -21"><span class='ocrx_word' id='word_1_379' title='bbox 242 4501 250 4513; x_wconf 92' lang='lat'>&#39;</span> <span class='ocrx_word' id='word_1_380' title='bbox 278 4509 348 4566; x_wconf 90' lang='lat' dir='ltr'><strong>tum</strong></span> <span class='ocrx_word' id='word_1_381' title='bbox 370 4510 637 4587; x_wconf 82' lang='lat' dir='ltr'><strong>sequerenturet</strong></span> <span class='ocrx_word' id='word_1_382' title='bbox 658 4521 742 4587; x_wconf 91' lang='lat' dir='ltr'><strong>quae</strong></span> <span class='ocrx_word' id='word_1_383' title='bbox 765 4499 807 4565; x_wconf 92' lang='lat' dir='ltr'><strong>ah</strong></span> <span class='ocrx_word' id='word_1_384' title='bbox 829 4497 895 4564; x_wconf 92' lang='lat' dir='ltr'><strong>illis</strong></span> <span class='ocrx_word' id='word_1_385' title='bbox 918 4497 1094 4564; x_wconf 89' lang='lat' dir='ltr'><strong>memoriae</strong></span> <span class='ocrx_word' id='word_1_386' title='bbox 1116 4498 1248 4583; x_wconf 86' lang='lat' dir='ltr'><strong>prodita</strong></span> <span class='ocrx_word' id='word_1_387' title='bbox 1263 4481 1357 4562; x_wconf 74' lang='lat' dir='ltr'><strong>erant</strong></span> <span class='ocrx_word' id='word_1_388' title='bbox 1371 4508 1568 4586; x_wconf 88' lang='lat' dir='ltr'><strong>repeterent.</strong></span> 
     </span>
     <span class='ocr_line' id='line_1_42' title="bbox 278 4598 1570 4691; baseline -0.002 -23"><span class='ocrx_word' id='word_1_389' title='bbox 278 4604 389 4691; x_wconf 89' lang='lat' dir='ltr'><strong>itaque</strong></span> <span class='ocrx_word' id='word_1_390' title='bbox 412 4601 455 4666; x_wconf 94' lang='lat' dir='ltr'><strong>ad</strong></span> <span class='ocrx_word' id='word_1_391' title='bbox 470 4601 662 4668; x_wconf 82' lang='lat' dir='ltr'><strong>Oledonium</strong></span> <span class='ocrx_word' id='word_1_392' title='bbox 684 4623 813 4690; x_wconf 89' lang='lat' dir='ltr'><strong>quoque</strong></span> <span class='ocrx_word' id='word_1_393' title='bbox 834 4606 979 4665; x_wconf 85' lang='lat' dir='ltr'><strong>maxima</strong></span> <span class='ocrx_word' id='word_1_394' title='bbox 999 4622 1076 4687; x_wconf 93' lang='lat' dir='ltr'><strong>pars</strong></span> <span class='ocrx_word' id='word_1_395' title='bbox 1099 4622 1212 4665; x_wconf 91' lang='lat' dir='ltr'><strong>eorum</strong></span> <span class='ocrx_word' id='word_1_396' title='bbox 1235 4621 1318 4686; x_wconf 89' lang='lat' dir='ltr'><strong>quae</strong></span> <span class='ocrx_word' id='word_1_397' title='bbox 1339 4598 1393 4664; x_wconf 91' lang='lat' dir='ltr'><strong>ille</strong></span> <span class='ocrx_word' id='word_1_398' title='bbox 1416 4623 1458 4665; x_wconf 80' lang='lat' dir='ltr'><strong>ex</strong></span> <span class='ocrx_word' id='word_1_399' title='bbox 1480 4610 1570 4666; x_wconf 88' lang='lat' dir='ltr'><strong>vete-</strong></span> 
     </span>
     <span class='ocr_line' id='line_1_43' title="bbox 278 4701 1569 4791; baseline -0.003 -21"><span class='ocrx_word' id='word_1_400' title='bbox 278 4727 350 4770; x_wconf 89' lang='lat' dir='ltr'><strong>rum</strong></span> <span class='ocrx_word' id='word_1_401' title='bbox 377 4704 572 4791; x_wconf 89' lang='lat' dir='ltr'><strong>scriptorum</strong></span> <span class='ocrx_word' id='word_1_402' title='bbox 599 4704 694 4770; x_wconf 90' lang='lat' dir='ltr'><strong>libris</strong></span> <span class='ocrx_word' id='word_1_403' title='bbox 722 4703 873 4778; x_wconf 84' lang='lat' dir='ltr'><strong>exhibuit</strong></span> <span class='ocrx_word' id='word_1_404' title='bbox 904 4713 937 4791; x_wconf 81' lang='lat' dir='ltr'><strong>et</strong></span> <span class='ocrx_word' id='word_1_405' title='bbox 970 4701 1010 4767; x_wconf 90' lang='lat' dir='ltr'><strong>de</strong></span> <span class='ocrx_word' id='word_1_406' title='bbox 1043 4723 1190 4768; x_wconf 90' lang='lat' dir='ltr'><strong>sermone</strong></span> <span class='ocrx_word' id='word_1_407' title='bbox 1223 4701 1417 4789; x_wconf 88' lang='lat' dir='ltr'><strong>antiquioris</strong></span> <span class='ocrx_word' id='word_1_408' title='bbox 1449 4703 1569 4767; x_wconf 90' lang='lat' dir='ltr'><strong>aetatis</strong></span> 
     </span>
     <span class='ocr_line' id='line_1_44' title="bbox 278 4801 1569 4895; baseline -0.003 -23"><span class='ocrx_word' id='word_1_409' title='bbox 278 4805 462 4895; x_wconf 87' lang='lat' dir='ltr'><strong>disputavit</strong></span> <span class='ocrx_word' id='word_1_410' title='bbox 483 4806 523 4870; x_wconf 89' lang='lat' dir='ltr'><strong>iis</strong></span> <span class='ocrx_word' id='word_1_411' title='bbox 547 4827 630 4893; x_wconf 91' lang='lat' dir='ltr'><strong>quae</strong></span> <span class='ocrx_word' id='word_1_412' title='bbox 653 4803 729 4871; x_wconf 92' lang='lat' dir='ltr'><strong>clim</strong></span> <span class='ocrx_word' id='word_1_413' title='bbox 752 4806 786 4868; x_wconf 93' lang='lat' dir='ltr'><strong>in</strong></span> <span class='ocrx_word' id='word_1_414' title='bbox 801 4804 924 4870; x_wconf 91' lang='lat' dir='ltr'><strong>Donati</strong></span> <span class='ocrx_word' id='word_1_415' title='bbox 946 4814 1049 4870; x_wconf 87' lang='lat' dir='ltr'><strong>artem</strong></span> <span class='ocrx_word' id='word_1_416' title='bbox 1070 4803 1227 4869; x_wconf 70' lang='lat' dir='ltr'><strong>amenta</strong></span> <span class='ocrx_word' id='word_1_417' title='bbox 1248 4811 1281 4868; x_wconf 89' lang='lat' dir='ltr'><strong>et</strong></span> <span class='ocrx_word' id='word_1_418' title='bbox 1301 4825 1364 4867; x_wconf 86' lang='lat' dir='ltr'><strong>usu</strong></span> <span class='ocrx_word' id='word_1_419' title='bbox 1385 4801 1569 4870; x_wconf 88' lang='lat' dir='ltr'><strong>scholarum</strong></span> 
     </span>
    </p>
   </div>
   <div class='ocr_carea' id='block_1_3' title="bbox 0 0 1689 5442">
    <p class='ocr_par' dir='ltr' id='par_1_4' title="bbox 0 0 1689 5442">
     <span class='ocr_line' id='line_1_45' title="bbox 0 0 1689 5442; baseline 0 0"><span class='ocrx_word' id='word_1_420' title='bbox 0 0 1689 5442; x_wconf 95' lang='lat' dir='ltr'><strong> </strong></span> 
     </span>
    </p>
   </div>
  </div>
 </body>
</html>
