3350 5442
613 353 849 417 communivit
1317 354 1381 420 253

1196 478 1217 518 p.
1231 465 1320 507 352-64
1335 466 1356 506 l..

88 557 159 618 ergo
181 541 212 599 in
236 537 406 601 nominibus
428 541 544 600 rrumcri
567 548 678 604 tantum
703 541 825 622 pluralis
846 544 887 605 ita
902 543 1035 612 lecimus,
1058 543 1198 605 Puteolos
1219 545 1301 616 vado,
1324 545 1381 607 Pu·

88 640 174 702 teolis
196 643 299 711 venio,
322 640 451 702 Athenas
474 632 563 712 vadd,
587 643 709 705 Athenis
731 645 826 706 venio.
870 646 925 706 ista
952 643 1124 725 planissima
1148 654 1232 716 sunt,
1262 647 1380 729 quando

86 743 124 804 ad
146 741 254 813 locum,
279 746 461 814 accusativo;
496 743 614 822 quaudo
642 744 679 805 de
701 745 780 816 loco,
804 747 942 827 septimo.
988 745 1106 825 quando
1133 748 1165 806 in
1192 747 1273 820 loco,
1301 751 1380 810 varia

86 854 132 907 est
159 845 305 907 dubitatio
332 848 452 908 omnino
482 853 511 906 et
538 847 645 925 gravis.
691 847 742 908 scd
773 855 872 908 tamen
901 848 1103 910 discreverunt
1134 867 1200 910 eam
1228 849 1305 912 bene
1335 850 1380 912 his

62 947 206 1026 aregulis.
251 967 362 1028 quaere
384 950 478 1027 ipsius
500 949 625 1010 civitatis
647 951 847 1011 nominativus
869 967 928 1028 quo
950 950 1038 1012 modo
1061 958 1154 1019 exeat,
1177 958 1278 1014 utrum
1299 953 1331 1012 in
1345 970 1382 1013 us

85 1059 180 1122 exeat,
205 1068 242 1111 an
264 1052 295 1111 in
319 1069 378 1111 um.
413 1049 538 1128 quando·
555 1069 626 1130 ergo
648 1053 680 1112 in
702 1051 768 1114 loco
791 1053 967 1129 quaerimus,
991 1053 1031 1112 ita
1054 1049 1196 1140 debemus
1218 1053 1326 1120 iacere.
1348 1060 1382 1114 ut

83 1168 261 1230 quaeramus
282 1153 376 1232 ipsius
398 1153 521 1215 civitatis
543 1155 769 1215 nominativum:
793 1155 818 1214 si
831 1154 896 1233 ipse
910 1155 1108 1214 nominativus
1130 1155 1255 1216 civitatis
1277 1161 1326 1216 aut
1349 1157 1380 1216 iu

84 1260 184 1316 usaut
198 1256 229 1315 in
250 1273 300 1315 um
323 1255 436 1325 exierit,
459 1253 633 1336 scjcundom
647 1257 816 1335 genetivum
837 1257 894 1326 lac,
917 1259 951 1318 ut
972 1262 1041 1336 puta
1057 1255 1257 1318 Mediolanum
1279 1256 1379 1319 Delus.

84 1356 284 1419 Mediolanum
312 1359 342 1419 in
373 1375 423 1418 um
446 1360 515 1427 exit,
540 1357 628 1420 Delus
649 1361 681 1420 in
705 1378 739 1420 us
762 1360 822 1420 exit
850 1360 1045 1420 nominativo:
1069 1361 1100 1420 in
1123 1357 1188 1420 loco
1211 1360 1242 1420 in
1264 1361 1275 1419 i
1297 1360 1377 1420 lacit.

53 1471 73 1512 1⁰
85 1476 157 1537 ergo
181 1458 251 1519 ‘ubi
272 1456 395 1522 luisti't
422 1458 506 1521 ‘neti
527 1461 600 1522 iui’.
645 1459 714 1522 ‘ubi
742 1461 861 1522 luisti't
888 1458 1064 1522 ‘Mediolani
1091 1459 1162 1521 iui'.
1206 1459 1380 1523 adverbium

83 1561 141 1621 loci
170 1562 201 1622 in
228 1561 294 1622 loco
322 1561 486 1622 seeundum
513 1564 683 1640 genetivum
710 1564 741 1623 in
764 1563 773 1622 i
796 1563 882 1632 lacit,
906 1562 1026 1640 quando
1048 1563 1248 1623 nominativus
1277 1561 1321 1622 vel
1345 1581 1379 1624 us

84 1662 128 1724 vel
152 1681 203 1724 um
225 1665 317 1726 inerit
338 1666 530 1733 terminatus;
558 1671 627 1743 puta
650 1665 749 1726 Naxus
770 1663 885 1726 drudus
906 1663 1019 1726 insulae
1040 1671 1119 1726 sunt.
1165 1662 1234 1723 ‘ubi
1262 1663 1377 1725 luistit’

85 1763 176 1826 ‘Naxi
198 1766 273 1835 iui'.
305 1766 411 1827 ‘Aradi
438 1767 513 1828 lui':
542 1767 573 1826 in
601 1765 667 1826 loco
693 1767 856 1828 secundnm
879 1770 1061 1842 emericum,
1084 1768 1110 1828 si
1132 1766 1328 1828 nominativus
1349 1768 1380 1826 in

84 1886 118 1928 us
147 1866 194 1929 vel
221 1869 251 1928 in
280 1886 329 1929 una
358 1868 471 1929 exierit.
516 1869 542 1928 si
569 1874 668 1938 autem
697 1886 795 1947 neque
818 1869 849 1928 in
877 1886 912 1929 us
940 1885 1037 1946 neque
1065 1869 1095 1929 in
1118 1887 1183 1939 um,
1207 1864 1260 1928 s'ed
1283 1867 1379 1938 aliter,

52 1981 73 2022 1⁵
85 1975 155 2049 puta
177 1969 266 2031 Baiae
288 1969 438 2040 Athenae,
461 1971 519 2030 iam
541 1969 705 2032 secundom
729 1969 859 2031 dativum
882 1969 1039 2032 adsumere
1061 1969 1163 2031 habes.
1208 1968 1302 2032 Tibur
1323 1987 1380 2030 nce

84 2074 112 2133 in
135 2090 171 2134 us
194 2073 254 2134 erit
276 2089 331 2132 nec
353 2073 383 2132 in
406 2090 471 2141 um3
497 2089 569 2151 ergo
591 2071 684 2134 Tibur
699 2071 819 2157 Tiburis
835 2071 955 2142 Tiburi,
979 2071 1087 2132 dativo.
1121 2071 1191 2132 ‘ubi
1213 2079 1246 2133 tu
1268 2072 1378 2132 luistit’

84 2172 206 2235 ‘Tiburi
238 2174 307 2234 iui’.
355 2172 491 2234 similiter
523 2173 672 2253 Karthago
707 2173 894 2252 Karthaginis
928 2172 1111 2251 Karthagini.
1157 2173 1227 2236 ‘ubi
1261 2174 1377 2234 luisti‘t’

85 2274 274 2354 ‘Karthagini
297 2276 367 2336 iui’.
412 2281 485 2355 puta
508 2275 599 2338 Roma
622 2293 720 2353 neque
741 2277 773 2335 in
796 2295 832 2338 us
854 2294 951 2357 neque
973 2277 1004 2336 in
1026 2293 1076 2336 um
1099 2277 1173 2345 exit,
1195 2276 1270 2337 haec
1285 2275 1379 2337 Roma

84 2377 173 2439 huius
197 2377 309 2438 Romae
332 2376 402 2438 hnic
425 2377 545 2438 Romae.
592 2376 663 2438 ‘ubi
685 2377 802 2438 luistit’
831 2378 960 2439 ‘Romae
983 2377 1053 2438 iui’.
1099 2385 1129 2438 et
1149 2379 1181 2437 in
1203 2376 1261 2438 illis
1282 2378 1378 2437 nomi·

50 2477 172 2541 unibus
195 2481 313 2541 numeri
335 2485 449 2541 tantuna
472 2478 597 2559 pluralis
612 2486 645 2540 nt
659 2480 735 2540 scias
758 2479 881 2541 eandem
905 2497 971 2541 esse
993 2486 1106 2540 mnium
1123 2478 1212 2540 modo
1234 2478 1377 2558 regulam,

83 2579 199 2642 Puteoli
227 2580 418 2643 Puteolorum
446 2578 587 2642 Puteolis.
632 2579 701 2643 ‘ubi
729 2580 844 2643 luistii’
877 2580 1024 2642 ‘Puteolis
1057 2581 1125 2642 iui'.
1170 2598 1230 2642 non
1257 2597 1377 2660 possum

84 2683 185 2744 dicere
218 2682 426 2754 Puteolorum,
463 2683 515 2744 sed
548 2681 687 2744 Puteolis.
739 2683 827 2744 Baiae
859 2683 998 2745 Baiarum
1031 2682 1118 2744 Baiis.
1163 2681 1231 2743 ‘ubi
1262 2682 1377 2744 luistit'

83 2785 180 2846 ‘liniis
201 2786 275 2846 iui'.
305 2787 378 2848 istae
399 2784 521 2864 regulae
537 2786 723 2846 firmissimae
746 2791 828 2854 sunt,
853 2804 909 2845 nec
931 2783 1017 2846 aliter
1039 2782 1181 2846 debemus
1202 2783 1292 2864 loqui.
1322 2801 1379 2844 nec

84 2905 137 2948 vos
158 2887 258 2949 trahat
285 2889 446 2949 auctoritas
467 2886 644 2968 plerumque
671 2885 787 2967 sumpla
815 2906 872 2966 pro
893 2887 1078 2948 necessitate.
1123 2905 1191 2948 nam
1212 2887 1378 2948 invenimus

47 3003 70 3042 u
83 2987 163 3068 apud
185 2996 322 3052 auctores
351 2991 430 3050 varic
458 2988 636 3070 aliquotiens
663 2991 757 3070 posita
785 2988 829 3049 vcl
852 3006 948 3051 cauco
969 2986 1165 3051 clausularum
1189 2989 1234 3049 vel
1255 2995 1378 3068 propter

81 3099 189 3152 metra.
233 3091 378 3154 habemus
400 3109 492 3153 unum
518 3089 522 3174 l
548 3090 716 3171 exemplum
740 3091 817 3171 apud
841 3091 1016 3170 Vergilium,
1038 3091 1115 3171 apud
1138 3090 1308 3153 Sallustium
1332 3110 1377 3152 se·

81 3192 142 3254 mel
164 3193 292 3264 dictum,
317 3193 394 3276 apud
417 3194 591 3256 Ciceronem
614 3192 660 3254 bis
683 3191 803 3254 dictum.
850 3193 1009 3274 numquid,
1032 3194 1170 3272 quoniam
1192 3193 1284 3254 semel
1305 3192 1378 3271 legi·

81 3297 119 3356 sti
143 3296 220 3376 apud
244 3295 406 3374 Vergilium
428 3304 478 3358 aut
500 3295 594 3356 semel
616 3294 907 3375 apuddiccronem,
937 3298 994 3358 iam
1018 3295 1110 3358 debes
1132 3296 1190 3356 hoc
1211 3297 1272 3357 uti?
1308 3313 1378 3357 ecce

80 3397 229 3476 Vergilius
258 3397 350 3460 semel
373 3415 446 3460 usus
468 3407 514 3460 est
534 3399 590 3458 ista
612 3416 661 3468 re,
691 3398 818 3478 ‘Tyria
846 3397 1074 3477 Karthagine
1103 3400 1165 3478 qui
1191 3416 1289 3459 nunc
1315 3416 1377 3458 ex·

44 3504 235 3580 upectat'.
280 3507 430 3580 expectat,
460 3502 513 3571 ait,
544 3501 709 3562 blcrcurins
741 3499 933 3579 Karthagine.
977 3498 1047 3580 quid
1080 3499 1225 3561 debuerat
1256 3500 1376 3561 diceret

80 3606 237 3682 ‘expectat
264 3601 471 3682 Karthagini';
499 3602 663 3664 secundum
691 3601 821 3663 dativum
850 3601 966 3671 debuit,
996 3609 1026 3662 et
1053 3620 1124 3663 usus
1147 3608 1192 3662 est
1214 3602 1377 3663 secundum

78 3701 251 3764 ablativum.
299 3703 347 3765 dic
375 3713 407 3766 tu
436 3703 535 3774 aliter,
570 3712 603 3768 ut
630 3706 708 3766 scias
736 3706 876 3784 quoniam
912 3704 1089 3765 necessitate
1121 3702 1178 3763 hoc
1211 3703 1295 3773 lecit,
1329 3703 1377 3763 dic

79 3805 188 3886 ‘Tyria
210 3805 385 3885 Karthagini
409 3809 459 3885 qui
482 3826 562 3869 nunc
585 3811 745 3888 expectat’.
791 3805 856 3866 vide
880 3807 906 3866 si
931 3814 989 3868 stat
1009 3805 1129 3866 versus?
1167 3807 1288 3866 omnino
1317 3825 1377 3866 non

79 3916 191 3986 potest.
222 3925 294 3988 ergo
309 3927 398 3970 causa
415 3911 501 3970 metri
518 3907 575 3970 hoc
596 3911 680 3979 lecit,
703 3927 762 3969 noo
785 3927 841 3988 per
862 3909 1047 3988 inperitiam,
1070 3907 1122 3970 sed
1145 3914 1269 3989 propter
1290 3909 1379 3968 metri

46 4011 298 4072 nenecessitatem.
345 4009 418 4072 alter
446 4013 547 4072 nescio
577 4012 626 4091 qui
660 4010 732 4072 iecit
757 4013 788 4071 ia
817 4028 922 4087 prosa
967 4013 992 4072 si
1019 4013 1049 4072 in
1077 4030 1166 4092 prosa
1194 4011 1251 4072 hoc
1277 4009 1376 4080 iacias,

79 4112 196 4174 invenis
218 4113 349 4193 quinque
372 4111 485 4191 longas.
530 4113 599 4175 ideo
621 4121 719 4176 autem
742 4115 879 4184 mutavit,
910 4119 942 4175 ut
963 4120 1063 4194 posset
1085 4113 1193 4174 bonam
1215 4110 1377 4174 clausulam

153 4369 293 4435 lputeolis
312 4371 388 4420 nenio
406 4377 430 4419 et
447 4370 472 4419 in
491 4370 637 4420 nominibus
660 4369 757 4420 numeri
777 4377 874 4420 tantum
894 4369 1001 4436 pluralis
1019 4367 1126 4418 atlrenaa
1144 4369 1210 4420 uado
1225 4369 1309 4418 ΑΒΘ

81 4437 114 4490 lt
132 4441 275 4490 secundum
298 4440 443 4506 genetivum
463 4455 508 4493 cm.
526 4439 610 4489 ABG
702 4442 733 4491 la
756 4441 832 4490 lisine
854 4437 978 4506 Athenae]
999 4439 1147 4490 benectiuce
1166 4439 1223 4488 AB
1241 4439 1376 4488 beneraemi

81 4508 176 4558 atlrene
194 4511 214 4559 Θ
235 4511 370 4560 beneucnti
388 4509 549 4560 adthcnneb
622 4509 654 4562 lu
676 4511 756 4560 exiuit
774 4511 849 4561 ΒΘα
871 4512 958 4559 exiunt
975 4510 1001 4559 A
1070 4509 1103 4558 'lb
1123 4510 1206 4574 posito
1224 4508 1377 4573 aliquotiens

82 4577 105 4625 B
180 4579 216 4628 rel
237 4593 315 4629 causa
330 4579 499 4630 clausularum
519 4579 705 4630 Lindemaanuc
718 4580 758 4630 ucl
775 4581 943 4630 clericulorum
962 4579 1015 4629 ΑΘ
1032 4578 1204 4629 clausularum
1221 4579 1246 4628 B
1265 4578 1304 4628 uel
1318 4592 1377 4644 pro·

80 4655 137 4712 pter
156 4647 316 4699 clauenlasb
399 4649 435 4701 26
452 4649 520 4717 apud
540 4647 696 4714 Sallustium]
712 4650 748 4712 as.
768 4651 870 4703 Olecloa.
888 4665 915 4713 p.
936 4649 1004 4701 1876
1091 4648 1124 4698 27
1143 4649 1211 4714 apud
1229 4647 1376 4698 Ciceronem

82 4719 120 4766 bis
139 4718 233 4769 dictum
251 4719 448 4786 car.A‚edd.o
519 4718 553 4770 20
572 4717 659 4786 Tyrio]
685 4721 845 4784 Verg.Aen.
866 4720 981 4770 1111224
1041 4719 1075 4770 32
1093 4719 1175 4768 dictu
1191 4719 1266 4768 aliter
1282 4735 1330 4770 om.
1343 4722 1376 4774 A,

80 4789 201 4852 tomorg.
221 4789 313 4840 addo
370 4787 501 4856 quoniam]
521 4789 649 4852 quomodo
667 4789 750 4840 ABG
812 4789 846 4840 33
865 4791 886 4839 si
905 4807 952 4843 om.
973 4788 1063 4849 ABG,
1085 4788 1180 4840 adda
1251 4789 1286 4838 db
1304 4789 1377 4838 aliter

81 4873 151 4912 corr.
173 4860 232 4910 alter
252 4859 276 4908 B
348 4859 407 4909 iecit
425 4861 447 4912 oi
467 4861 491 4909 in
513 4874 589 4927 prose
607 4859 655 4910 hcc
671 4858 751 4911 locine
765 4860 851 4911 ABG
917 4859 952 4911 36
971 4867 997 4908 ut
1017 4859 1099 4924 possit
1112 4857 1165 4909 ΑΘ
