3350 5442
594 385 830 449 COMMENTVM
1298 382 1362 448 259

1176 494 1300 548 p.8oa-ot
1313 493 1336 532 1..

76 581 102 632 et
121 571 321 651 participium.
364 570 417 634 sed
446 589 554 634 nomen
583 575 654 643 erit,
677 575 756 635 siin
779 576 789 634 i
812 573 934 644 exierit3
964 575 1022 635 erit
1043 580 1141 635 antem
1163 575 1360 654 participium.

76 675 97 734 si
116 675 147 734 in
170 691 186 734 c
209 675 323 736 exierit.
368 691 439 752 ergo
467 675 585 756 qnando
618 675 671 736 tihi
698 678 876 757 proponitur
904 669 970 737 talis
996 676 1067 756 pars
1094 677 1252 751 orationis,
1286 693 1362 753 quae

74 776 314 853 significationem
337 775 426 838 hahet
449 787 479 838 et
500 779 630 840 nominis
652 786 683 838 et
702 779 866 858 participii,
896 787 999 840 cautus
1021 776 1114 838 debes
1136 795 1200 840 esse
1223 777 1261 838 de
1282 776 1362 838 abla-

76 881 144 948 tivo,
168 886 200 939 ut
221 881 247 940 si
270 880 333 939 ini
361 881 466 941 exierit
494 879 653 950 ablativus
682 882 725 941 sic
751 881 844 941 utaris
872 883 958 958 quusi
985 881 1122 949 nominc;
1152 881 1178 940 si
1200 881 1324 941 veroin
1346 898 1363 940 e

53 983 166 1041 tmittat
193 978 366 1050 ablativum,
395 983 436 1042 sic
464 983 557 1045 utaris
574 985 666 1060 ,quasi
693 983 858 1063 participio.
903 1001 973 1045 nam
994 983 1094 1043 omnia
1114 983 1270 1063 participia
1292 984 1323 1043 in
1339 1000 1363 1048 e

75 1085 189 1144 mittunt
212 1082 385 1154 ablativum
401 1075 528 1146 ¹nomina
549 1102 635 1156 vero,
659 1093 692 1146 ut
706 1085 821 1166 possint
834 1084 978 1156 discerni,
1001 1085 1013 1145 i
1035 1085 1241 1146 terminantur.
1268 1082 1364 1146 sicubi
1443 1149 1447 1158 ,

74 1192 168 1246 autem
194 1179 344 1247 invelieris
371 1187 558 1266 participium
584 1187 595 1248 i
624 1189 829 1258 terminatum,
861 1188 932 1248 lacit
958 1188 1120 1248 necessitas
1146 1187 1249 1254 metri;
1278 1184 1363 1246 aliter

74 1293 208 1348 nonest.
1323 1311 1326 1315 ·

155 1389 300 1452 Accidunt
320 1397 465 1470 tempora.
501 1399 634 1473 tempora
656 1392 688 1452 in
710 1392 875 1472 participiis
896 1393 954 1454 tria
976 1401 1060 1463 sunt,
1083 1409 1227 1472 praesens
1248 1400 1364 1471 praete·
1377 1406 1465 1468 ttt‚e

44 1501 64 1540 1⁰
75 1493 161 1553 ritum
190 1502 220 1554 et
247 1493 390 1554 loturum.
436 1491 489 1554 sed
515 1511 659 1574 praesens
687 1493 813 1575 simplex
842 1501 904 1564 est,
937 1497 1133 1576 praeteritum
1157 1492 1281 1574 simplex
1311 1501 1363 1562 est,
1378 1475 1436 1532 513,
1448 1475 1482 1522 22

74 1595 204 1656 loturum
227 1582 335 1674 duplex
357 1602 411 1656 est.
455 1597 497 1658 ita
526 1597 559 1657 lit
585 1605 618 1658 ut
644 1603 779 1677 tempora
802 1596 922 1677 quidem
944 1598 1000 1658 tria
1027 1599 1101 1668 sint,
1123 1594 1244 1674 regulae
1266 1604 1364 1655 autem

73 1704 209 1777 quattuor
231 1697 298 1758 sint.
330 1713 398 1758 nam
421 1716 563 1778 praesens
586 1700 775 1779 participium
798 1717 889 1760 unam
904 1697 994 1759 habet
1008 1693 1141 1777 regulam
1156 1699 1187 1758 in
1201 1716 1246 1767 ns,
1262 1695 1365 1776 legens

73 1797 207 1860 scribens
234 1805 369 1868 cantans;
400 1803 594 1880 praeteritum
626 1802 816 1882 participium
849 1819 937 1862 unam
965 1799 1069 1872 habet,
1102 1801 1133 1861 id
1160 1807 1205 1860 est
1233 1797 1365 1876 singulas

72 1900 188 1980 regulas
216 1899 308 1962 habet
333 1919 388 1981 per
415 1900 538 1983 sinlgula
565 1921 691 1988 genera,
720 1904 815 1964 lectus
841 1904 985 1982 scriptum
1014 1902 1149 1964 futurum
1175 1901 1364 1983 participium

39 2012 121 2063 naut
140 2006 172 2064 in
194 2022 248 2064 rus
275 2004 335 2064 exit
363 2011 414 2064 aut
440 2004 472 2066 in
501 2004 557 2066 dus
586 2005 721 2067 similiter
748 2023 803 2086 per
836 2006 892 2065 tria
925 2021 1050 2083 genera,
1087 2002 1218 2065 lecturus
1249 2003 1364 2064 lectura

71 2104 231 2177 lectumm,
254 2103 399 2184 legendus
420 2105 545 2187 legenda
567 2106 735 2186 legendum.

153 2206 269 2270 Accidit
296 2209 385 2270 etiam
412 2210 588 2288 significatio
617 2210 789 2291 participiis.
834 2209 1065 2288 significationes
1095 2209 1322 2288 participiorum
1349 2225 1437 2284 a514,
1451 2228 1483 2277 19

70 2310 229 2373 verborum
253 2309 413 2389 generibus
435 2319 602 2374 sumuntur.
638 2329 749 2390 genera
771 2311 933 2374 verborum
955 2309 1081 2390 legimns
1103 2313 1249 2390 quinque,
1273 2311 1366 2371 activa

71 2413 186 2492 passiva
220 2421 328 2474 neutra
361 2416 531 2474 commonia
566 2413 755 2494 deponentia.
801 2431 873 2492 ergo
901 2412 939 2474 ab
966 2415 1061 2476 activo
1087 2412 1179 2474 verbo
1207 2411 1266 2473 duo
1299 2419 1368 2472 sunt

36 2516 241 2595 sparticipia,
269 2531 410 2594 praesens
439 2520 469 2575 ct
495 2516 642 2586 loturum,
671 2514 806 2576 scribens
827 2516 1007 2595 scripturus,
1035 2515 1147 2577 docens
1168 2513 1326 2584 docturum
1349 2532 1366 2574 a

69 2619 185 2696 passivo
213 2617 273 2678 duo
302 2625 371 2678 sunt
393 2618 564 2698 participia,
593 2619 786 2699 praeteritum
809 2625 838 2679 et
860 2619 1006 2690 tutorum,
1030 2621 1159 2699 scriptus
1180 2614 1365 2678 scribendus.

68 2737 168 2800 neque
190 2717 289 2780 Latini
315 2727 439 2799 possunt
465 2718 585 2782 nabere
600 2722 632 2782 in
654 2722 772 2802 passivo
793 2738 939 2800 praesens
961 2737 1059 2799 neque
1078 2723 1110 2782 in
1133 2721 1227 2782 actim
1249 2727 1366 2799 praete·

67 2823 174 2892 ritum;
205 2822 313 2884 Graeci
340 2821 464 2893 hahent,
493 2830 522 2884 et
548 2821 661 2884 idcirco
683 2824 872 2904 praemonui,
902 2841 941 2884 ne
968 2823 1054 2904 quasi
1075 2822 1194 2884 trahant
1214 2830 1245 2883 te
1267 2820 1366 2882 elocu-

64 2925 164 2985 tiones
186 2941 326 3003 graecae,
351 2931 381 2986 et
402 2923 474 2986 velis
496 2923 582 2986 aliter
604 2944 726 3007 ponere.
757 2943 826 2987 nam
841 2926 1029 3026 participium
1051 2925 1206 3005 praeteriti
1227 2926 1369 3004 temporis

32 3024 103 3086 asab
126 3026 227 3096 activo
249 3025 345 3088 Latini
366 3044 427 3088 non
450 3025 575 3097 habent;
598 3029 670 3089 item
691 3029 881 3109 participium
909 3028 1074 3108 praesentis
1095 3027 1240 3107 temporis
1261 3045 1279 3087 a
1300 3043 1366 3106 pas·

64 3127 126 3188 sivo
150 3125 253 3189 Latini
279 3145 340 3189 non
369 3127 493 3200 habent;
523 3130 574 3192 sed
603 3130 662 3191 duo
691 3129 803 3191 hahent
829 3129 868 3190 ab
891 3131 985 3191 activo
1014 3138 1044 3191 et
1065 3130 1124 3191 duo
1146 3147 1163 3189 a
1184 3129 1315 3209 passivo,
1338 3127 1367 3188 id

65 3237 111 3291 est
133 3229 177 3291 ab
201 3231 297 3292 activo
324 3248 468 3310 praesens
490 3239 520 3292 et
541 3233 689 3303 loturum,
719 3250 736 3292 a
758 3234 875 3312 passivo
896 3233 1090 3312 praeteritum
1112 3239 1143 3293 et
1163 3231 1305 3292 tutorum.
1350 3245 1437 3298 atra,
1452 3245 1482 3292 te

63 3340 177 3394 neutro
207 3332 266 3393 dno
293 3334 415 3395 veniunt
442 3335 610 3414 participia,
639 3353 675 3395 ea
702 3351 779 3411 quae
801 3333 838 3394 ah
868 3335 977 3404 activo,
1006 3351 1150 3415 praesens
1172 3341 1203 3394 et
1223 3335 1366 3396 loturum.

63 3442 91 3494 et
114 3437 210 3497 iuste.
255 3453 323 3495 nam
345 3437 485 3515 qnoniam
507 3438 550 3498 sic
572 3435 739 3497 declinatur
760 3434 895 3496 neutrale
916 3433 1050 3505 verbnm,
1075 3453 1162 3515 quem
1186 3434 1223 3496 ad
1245 3435 1366 3520 modum
1423 3434 1426 3441 '

31 3540 200 3598 sectivum
233 3535 399 3599 declinatur
432 3537 571 3609 verbum,
605 3555 729 3600 necesse
756 3536 860 3599 habuit
890 3557 923 3600 ea
954 3536 1066 3598 habere
1092 3537 1262 3618 participia,
1293 3554 1368 3615 quae

62 3637 156 3700 habet
182 3639 272 3700 etiam
295 3641 433 3701 activum.
466 3639 630 3702 secundum
654 3641 733 3701 enlm
756 3638 985 3701 declinationem
1007 3638 1182 3700 ordinantur
1203 3640 1369 3719 participia.

63 3759 136 3820 ergo
161 3743 192 3803 si
215 3741 259 3802 sic
281 3740 407 3804 dicimus
430 3750 512 3813 nato,
543 3760 631 3824 quem
654 3741 834 3804 admodum
858 3740 983 3802 dicimus
1011 3739 1078 3820 lego
1101 3739 1154 3818 (sic
1176 3742 1256 3802 enim
1278 3739 1368 3802 decli·

61 3843 183 3924 natur),
210 3844 313 3924 ntique
333 3845 398 3924 ipsa
421 3843 532 3906 debent
554 3862 619 3906 csse
641 3843 811 3925 participia,
837 3842 842 3924 l
866 3861 942 3923 quae
956 3845 1072 3904 suntin
1094 3843 1142 3904 his
1155 3841 1267 3914 verbis,
1290 3842 1369 3904 unde

61 3949 153 4008 traxit
178 3938 416 4008 similitudinem.
461 3963 532 4024 ergo
554 3945 613 4007 duo
636 3953 707 4008 sunt
727 3945 883 4026 participia
904 3964 921 4006 a
942 3943 1071 4007 neutrali
1092 3943 1193 4005 verbo.
1238 3962 1255 4005 a
1278 3944 1367 4025 depo·

31 4049 147 4110 sacnti
172 4049 234 4110 tria
259 4054 328 4108 sunt
349 4049 520 4128 participia,
543 4066 685 4129 praesens
706 4047 902 4129 praeteritum
917 4055 947 4109 et
960 4047 1094 4108 loturum
1114 4049 1147 4108 in
1168 4065 1221 4108 rus
1242 4056 1367 4108 tantum.

62 4169 132 4212 nam
154 4149 232 4210 ideo
255 4148 415 4210 volucrunt
436 4148 494 4210 dici
516 4149 670 4232 deponens
692 4149 830 4220 verbum,
854 4168 891 4211 eo
913 4149 992 4230 quod
1014 4150 1143 4229 deponat
1163 4168 1254 4212 unum
1276 4151 1367 4233 parti·

61 4255 195 4334 cipium,
222 4251 302 4332 quod
324 4253 355 4311 in
379 4250 435 4312 dus
458 4253 526 4313 exit.
557 4272 625 4314 nam
647 4252 722 4314 lalso
745 4251 862 4322 dicunt,
884 4250 978 4312 habes
999 4252 1057 4312 lmc
1077 4253 1110 4311 in
1131 4250 1239 4322 Probo,
1262 4250 1367 4313 falsum

61 4365 119 4429 cst,
146 4355 242 4426 dicit,
275 4353 354 4436 quod
383 4353 486 4416 dicunt
512 4353 637 4418 verbum
660 4355 815 4436 deponens
837 4373 903 4416 esse
925 4353 962 4416 ab
985 4372 1035 4424 eo,
1058 4353 1137 4433 quod
1159 4370 1220 4413 non
1242 4351 1370 4434 deponat

59 4475 73 4515 r
94 4455 253 4527 litteram,
276 4457 361 4535 quasi
379 4441 447 4519 ‘cata
469 4455 662 4538 antiphrasin,
687 4473 746 4535 quo
767 4456 858 4518 modo
880 4453 1004 4517 deintus
1026 4455 1135 4516 Parcas
1156 4454 1193 4516 ab
1216 4473 1267 4527 eo,
1290 4455 1368 4534 quod

127 4683 147 4732 4
168 4681 282 4744 quasia
301 4681 403 4730 nomine
421 4680 446 4729 Α
517 4678 549 4728 12
568 4679 593 4727 in
609 4691 654 4728 ens
670 4678 724 4730 Au
737 4694 805 4732 corr.
826 4681 852 4730 in
868 4694 898 4730 ns
911 4679 938 4731 B
1007 4675 1043 4730 32
1063 4695 1125 4746 ergo
1140 4679 1177 4729 sic
1193 4676 1230 4742 (si
1244 4679 1367 4730 BOcorr

61 4750 97 4798 stc
115 4749 169 4816 bc)
192 4749 306 4800 dicimus
329 4749 387 4817 lego
410 4748 624 4813 quemadmodum
643 4748 752 4800 dicimus
776 4757 835 4800 nuto
854 4752 892 4801 sic
911 4749 979 4799 enim
1003 4749 1164 4800 declinantur
1182 4749 1267 4800 ABG
1333 4749 1367 4800 37

61 4835 120 4871 nam
138 4817 319 4871 falso'ABG
334 4833 393 4868 nom
408 4818 482 4868 aliter
497 4817 561 4868 lalso
578 4833 595 4868 α
681 4820 706 4870 in
726 4817 819 4887 Probo]
843 4821 878 4884 cs.
896 4819 983 4886 praes.
998 4834 1102 4885 moran.
1118 4821 1168 4872 col.
1189 4821 1224 4868 lV
1240 4835 1267 4883 p.
1283 4819 1368 4869 xxut

112 4891 220 4942 tarsum
233 4899 273 4938 est
289 4887 349 4938 dicit
366 4889 434 4953 qnod
448 4889 537 4938 dicunt
551 4887 635 4940 Boo*
652 4889 746 4939 lolsnm
762 4891 828 4939 enim
845 4890 905 4939 dicit
918 4889 1000 4954 (corr.
1015 4891 1102 4940 dicunt
1119 4889 1150 4955 o)
1162 4891 1229 4954 quod
1244 4890 1330 4940 dicunt
1343 4890 1368 4939 Α

1102 4975 1166 5040 17*
