3350 5442
340 346 404 412 388
880 347 1080 410 CONSENTII

365 469 387 509 p.
400 458 451 499 ⁵-s
462 456 488 497 Β.
1514 456 1587 495 ahi.

341 539 416 599 dixit
443 540 522 598 enim
549 537 647 597 tetulit
673 556 728 618 pro
756 557 792 597 eo
819 538 897 618 quod
920 545 965 599 est
986 538 1063 599 tulit.
1109 538 1279 617 epenthesis
1301 547 1347 599 est
1371 534 1449 615 [sire
1473 534 1605 613 sinerisis]

340 640 467 701 adiectio
493 641 610 701 litterae
638 639 802 719 syllabaeve
830 640 868 701 ad
901 640 1028 701 mediam
1062 640 1237 701 dictionem:
1276 640 1408 707 litterae,
1438 646 1473 698 ut
1501 637 1607 697 ‘relli-

340 746 445 822 quias
465 743 648 807 Danaum’,
663 762 718 822 pro
740 741 897 822 reliquias;
922 742 1065 822 syllabae,
1088 750 1121 803 ut
1143 742 1257 802 Ennius
1279 740 1353 801 dicit
1380 739 1554 819 plerumque
1572 742 1606 798 in-

340 846 548 925 duperatorem
571 863 626 925 pro
647 847 842 924 imperatore,
867 851 897 905 et
918 851 951 904 ut
972 852 1017 905 est
1031 844 1226 905 ‘Mavortis
1248 846 1284 903 in
1305 846 1430 903 antro’
1455 859 1510 920 pro
1526 840 1609 901 Martis

339 956 369 1007 et
398 948 482 1007 ‘nos
515 946 657 1007 abiisse
685 949 777 1008 rati’
805 966 859 1026 pro
888 945 995 1007 abisse.
1039 964 1187 1026 paragoge
1216 954 1275 1015 est,
1304 964 1379 1025 quae
1408 944 1514 1005 eadem
1539 961 1624 1021 para-s

301 1039 304 1047 ⁴
339 1049 461 1129 lempsis
483 1050 608 1117 dicitur,
632 1049 760 1109 adiectio
782 1049 898 1112 litterae
926 1048 1089 1129 syllabaeve
1112 1049 1149 1109 ad
1171 1050 1260 1109 tinem
1282 1048 1437 1109 dictionis:
1468 1040 1475 1127 Ι
1499 1046 1607 1111 litterae,

339 1160 372 1212 ut
400 1153 494 1229 magis
520 1169 576 1231 pro
604 1168 705 1228 mage;
734 1151 877 1231 syllabae,
907 1159 939 1214 ut
964 1151 1176 1212 ‘admittier
1209 1152 1331 1211 orant'
1364 1168 1420 1229 pro
1448 1148 1562 1210 admitti
1587 1154 1607 1206 et

339 1262 472 1333 potestur
507 1271 561 1332 pro
593 1260 699 1331 potest.
743 1253 791 1312 his
824 1272 914 1333 supra
947 1254 1035 1314 dictis
1062 1253 1277 1331 metaplasmis,
1308 1254 1359 1331 qui
1387 1270 1425 1311 es
1458 1250 1605 1310 adiectione

339 1363 502 1415 nascuntur
524 1354 641 1415 litterae
664 1354 843 1433 syllabaeve,
874 1366 935 1416 tres
958 1355 1008 1417 alii
1036 1356 1178 1416 contrarii
1201 1362 1283 1424 sunt,
1306 1357 1358 1433 qui
1381 1372 1419 1414 es
1441 1352 1606 1415 detractions

340 1464 516 1526 nascuntur,
540 1456 712 1536 aphaeresis
733 1475 861 1537 syncope
885 1476 1023 1537 apocope.
1056 1457 1228 1537 aphaeresis
1250 1464 1309 1525 est,
1333 1455 1385 1517 ubi
1408 1456 1505 1535 prima
1529 1473 1618 1514 sermm
1651 1460 1652 1503 t

340 1562 386 1620 sui
409 1566 508 1639 parte,
531 1558 631 1619 littera
645 1558 808 1639 syllabave,
832 1559 973 1622 multatus
988 1566 1050 1619 est:
1074 1559 1189 1628 littera,
1214 1565 1246 1618 ut
1268 1561 1310 1619 ait
1323 1557 1483 1618 Terentius
1505 1560 1605 1617 ‘mitta

340 1665 412 1722 ista
436 1670 545 1741 atque
569 1661 610 1720 ad
633 1680 705 1721 rem
730 1661 839 1730 redi’,
864 1681 931 1721 oum
954 1661 1059 1722 debuit
1080 1662 1179 1722 dicere
1203 1663 1324 1731 omitte;
1353 1659 1479 1740 syllaba,
1503 1667 1534 1719 ut
1557 1658 1606 1717 111-

340 1764 430 1842 gilius
461 1768 647 1823 ‘temnere
680 1763 802 1824 diros'
834 1782 889 1843 pro
922 1770 1123 1825 contemnere.
1169 1782 1297 1844 syncope
1326 1770 1385 1832 est,
1416 1781 1484 1823 cum
1511 1760 1605 1821 ntediar
1651 1744 1652 1759 ¹

340 1869 417 1945 parti
440 1867 582 1927 orationis
608 1864 709 1925 littera
737 1865 883 1945 syllahave
912 1866 1113 1927 subtrahitur:
1143 1866 1257 1936 littera,
1281 1873 1313 1927 ut
1335 1884 1402 1926 cum
1427 1866 1550 1926 dicimus
1568 1881 1606 1921 au-

340 1968 441 2029 dacter
463 1986 518 2047 pro
541 1967 708 2037 audaciter,
738 1967 919 2028 norneclator
946 1986 1002 2048 pro
1024 1969 1234 2037 nomenclator,
1258 1966 1431 2028 Mnestheus
1452 1985 1505 2045 pro
1525 1965 1631 2025 blane-o

340 2070 442 2132 stheus
469 2078 499 2129 et
526 2072 664 2130 ‘manet
685 2069 758 2130 alta
781 2078 902 2131 mente
931 2077 1120 2151 repostum
1148 2070 1348 2131 iudioium’
1372 2088 1426 2147 pro
1448 2069 1607 2148 repositum:

340 2170 466 2251 syllaba,
489 2180 611 2232 utoum
633 2171 760 2232 dicimus

492 2281 673 2353 apparent
695 2277 773 2335 rari
796 2282 931 2336 nantes
953 2279 988 2336 in
1011 2278 1164 2354 gurgite
1188 2283 1290 2336 vasto

341 2395 396 2456 pro
418 2383 568 2444 natantes,
592 2385 622 2436 et
645 2375 804 2437 Terentius
831 2384 1032 2439 commorat
1053 2397 1108 2457 pro
1130 2382 1339 2439 commoverat.
1380 2378 1411 2435 in
1433 2394 1491 2453 quo
1512 2382 1608 2433 tantm

340 2478 417 2538 valet
439 2481 615 2547 auctoritas,
639 2485 669 2537 et
691 2481 785 2558 siquis
807 2479 934 2541 voluerit
958 2476 963 2564 1
989 2481 1088 2541 dicere
1112 2487 1208 2541 morat
1229 2498 1284 2559 pro
1306 2484 1453 2546 moverat,
1477 2475 1633 2537 barbaris-a:

342 2599 421 2640 ntum
443 2581 543 2641 laciet.
589 2600 719 2660 apocope
743 2588 787 2641 est
815 2604 835 2639 a
857 2581 990 2652 litterae,
1014 2591 1047 2644 ut
1067 2581 1174 2644 Achilli
1202 2601 1257 2662 pro
1279 2580 1403 2640 Achillis
1425 2581 1562 2657 genitivo,
1587 2586 1610 2635 rt

341 2684 419 2759 magi
447 2700 502 2761 pro
528 2684 637 2759 magis3
666 2681 808 2762 syllabae,
840 2693 872 2744 ut
899 2685 1010 2745 ‘endo
1038 2704 1137 2746 suam
1166 2684 1225 2745 do'
1254 2701 1309 2763 pro
1332 2682 1461 2742 donrum.
1504 2681 1532 2740 hi
1552 2688 1610 2739 sunt

340 2783 540 2863 metaplasmi,
569 2802 695 2863 quorum
723 2785 863 2863 specialia
891 2790 1012 2847 nomina
1040 2786 1206 2847 adiectione
1236 2785 1280 2846 rel
1303 2785 1487 2845 detractione
1508 2782 1609 2842 litterae

341 2885 509 2965 syllabaeve
532 2889 698 2947 consistunt
719 2906 775 2967 pro
795 2887 929 2949 locorum
952 2888 1182 2949 condicionibus
1203 2889 1251 2949 his
1273 2885 1444 2949 distributa.
1651 2896 1652 2959 1

425 2987 511 3048 Nunc
533 2988 570 3047 de
592 2988 640 3047 his
660 2989 861 3070 metaplasmis
882 2991 1052 3071 loquamur,
1076 2993 1127 3071 qui
1149 2991 1259 3052 nullam
1281 2992 1455 3050 varietatem
1477 2964 1652 3048 nominunal

341 3108 397 3169 pro
418 3090 552 3150 locorum
573 3090 800 3153 condicionibus
827 3096 1008 3162 sortiuntur,
1038 3093 1104 3162 sed,
1128 3092 1307 3172 ubicumque
1329 3092 1464 3153 locorum
1485 3089 1610 3149 transim-

341 3198 419 3252 mata
442 3192 535 3252 luerit
556 3192 683 3271 qualitas
704 3192 858 3265 dictionis,
883 3193 987 3256 eodem
1009 3198 1128 3257 nomine
1151 3201 1319 3256 censentur.
1351 3212 1387 3255 ex
1403 3192 1451 3254 his
1465 3186 1520 3253 duo
1533 3190 1609 3270 primi
1651 3160 1652 3245 1

342 3300 411 3355 sunt
442 3293 641 3373 metaplasmi,
676 3314 753 3356 unus
785 3299 837 3376 qui
870 3300 1016 3377 temporis
1047 3297 1230 3367 adiectione,
1264 3296 1339 3358 alius
1366 3298 1418 3376 qui
1446 3294 1609 3355 detractione

342 3396 489 3457 consistit.
533 3396 673 3458 dicuntur
695 3404 793 3459 autem
816 3402 926 3461 ectasis
948 3406 978 3460 et
999 3399 1117 3480 systole.
1162 3402 1270 3461 ectasis
1291 3404 1352 3469 est,
1378 3400 1471 3481 icum
1492 3404 1609 3474 correpta
1651 3412 1652 3499 y

342 3498 454 3580 syllaba
482 3504 568 3578 poeta
596 3501 639 3559 sic
666 3503 843 3562 auctoritate
865 3520 918 3563 sua
940 3504 1051 3573 utitur,
1079 3509 1228 3583 tamquam
1250 3502 1289 3561 sit
1310 3502 1456 3579 temporis
1476 3499 1652 3583 longiorisay

413 3721 427 3773 1
447 3721 573 3785 syncrisin
591 3736 609 3770 a
621 3722 765 3786 quibusdam
780 3727 930 3775 anormalam
946 3739 1002 3775 esse
1017 3722 1174 3790 rynalt'pham
1191 3730 1314 3774 testantur
1331 3723 1467 3772 Diomedes
1480 3736 1508 3783 p.
1522 3716 1611 3777 11218

342 3793 459 3844 Donatus
471 3808 500 3855 p.
517 3790 582 3849 306,
601 3791 635 3843 20
652 3801 677 3844 et
689 3797 745 3857 ipse
759 3794 904 3845 Consentius
920 3794 991 3859 iufra
1005 3812 1032 3859 p.
1046 3792 1105 3857 380,
1120 3793 1154 3844 32
1166 3794 1312 3859 synaeresin
1327 3792 1358 3841 de
1373 3790 1541 3858 episynatt'plte
1551 3786 1611 3837 tabet
1651 3810 1652 3857 3

342 3862 462 3912 Claudiae
477 3861 604 3911 Sacerdos
622 3877 651 3926 p.
669 3861 704 3914 30
722 3863 762 3914 ed.
788 3862 865 3916 Vinci.
886 3864 1037 3929 epenthesin
1060 3872 1141 3914 autern
1159 3864 1191 3914 ab
1208 3866 1266 3914 aliis
1283 3862 1374 3913 dietam
1393 3878 1450 3913 esse
1467 3858 1609 3926 parenthesin
1651 3864 1652 3917 1

341 3935 379 3982 ait
393 3934 509 3981 Donatus
524 3948 551 3994 ρ.
570 3930 667 3995 30114
717 3932 892 4001 2relliquiss]
919 3936 997 4000 Verp.
1014 3935 1076 3984 Aea.
1098 3933 1157 3985 130
1205 3930 1366 3997 dMarortis]
1391 3934 1471 3997 Verq.
1492 3926 1609 3980 Aemilii!

342 4001 394 4054 030
444 4000 533 4067 haas]
557 4002 636 4067 Verp,
649 4002 717 4052 Aen.
727 4002 749 4051 11
768 4003 801 4053 25
855 4020 900 4069 pro
920 4006 1014 4056 abiisse
1030 4004 1064 4055 M
1110 4004 1235 4069 paratesis
1247 4002 1278 4053 M
1296 4001 1500 4068 prosparslepsis
1517 4002 1611 4050 ocutus
1651 4038 1652 4041 ,

338 4088 367 4136 p.
387 4070 447 4131 300,
467 4072 482 4119 ‘1
502 4070 751 4134 characterom&
768 4072 801 4123 13
818 4071 952 4125 Diomedes
968 4090 995 4137 p.
1013 4076 1073 4129 441.
1095 4076 1125 4126 11
1180 4076 1196 4123 7
1214 4088 1260 4139 pro
1280 4087 1354 4138 mage
1372 4066 1609 4133 honorantia?
1651 4068 1652 4123 l

343 4155 390 4208 pro
402 4141 472 4207 magi
492 4142 525 4192 M
609 4138 746 4209 admittier]
773 4143 929 4207 VeraAen.
949 4144 1086 4196 111111231
1172 4144 1206 4196 10
1223 4142 1357 4209 apheresis
1375 4142 1499 4208 sinagope
1513 4150 1609 4204 apagopa

343 4211 451 4263 alaresis
471 4210 503 4261 M
574 4211 604 4262 11
621 4210 720 4261 litterae
738 4220 765 4261 nt
780 4212 863 4263 aitM
931 4212 1011 4282 mitte]
1033 4214 1132 4268 Terent.
1152 4214 1259 4275 Adelph.
1279 4214 1299 4262 11
1319 4211 1343 4274 1,
1362 4210 1393 4261 31
1468 4211 1500 4261 12
1517 4209 1609 4273 syllabae
1651 4208 1652 4267 1

342 4280 565 4346 utuirgilinsM:
588 4280 875 4346 Ver9.Aen.l'1620
947 4272 979 4336 13
996 4287 1120 4350 sinagope
1140 4284 1170 4333 M
1241 4282 1273 4333 15
1297 4278 1464 4348 nomeolator]
1487 4276 1608 4328 ‘aduodes
1651 4278 1652 4321 l

342 4366 432 4403 vereor
451 4366 482 4400 ne
497 4364 632 4414 perperam
653 4361 740 4403 norm
759 4355 784 4403 in
800 4353 886 4404 sedata
903 4358 960 4407 olim
982 4356 1123 4405 subnotarit
1139 4354 1316 4417 praeceptaria
1334 4350 1429 4401 dietata
1451 4349 1555 4403 docentis
1574 4360 1607 4393 11⁰·
1651 4326 1652 4421 1

344 4421 480 4471 monetator
498 4422 549 4471 diei
572 4436 623 4486 pm
640 4436 670 4472 ea
689 4422 755 4488 qrtod
779 4425 878 4485 plenius
901 4432 969 4475 earet
989 4424 1194 4475 nomeneulator’
1218 4422 1399 4475 Buttmanrtus:
1425 4422 1460 4486 es,
1480 4420 1568 4471 Charis.
1586 4432 1606 4478 n.

345 4492 404 4552 100,
420 4490 455 4540 20
525 4492 648 4541 ntnestins
665 4507 712 4558 pro
731 4494 854 4541 menestiu
874 4493 908 4543 M
976 4494 1008 4545 10
1027 4491 1122 4561 manet]
1146 4493 1306 4558 Verqrderr.
1327 4490 1390 4542 126
1461 4504 1504 4555 pro
1518 4488 1607 4552 reposito

343 4561 457 4625 syllabae
475 4559 507 4610 M
575 4560 608 4611 18
623 4560 757 4629 apparent]
782 4561 863 4627 Vera.
883 4563 947 4615 Aen.
965 4566 975 4615 1
996 4564 1045 4615 118
1117 4562 1148 4615 19
1166 4560 1313 4629 commorat]
1338 4562 1440 4612 Terent.
1454 4560 1546 4611 Plora.
1565 4556 1606 4614 Γ),

344 4632 376 4682 51
447 4631 482 4682 20
499 4637 526 4679 ut
543 4656 576 4667 -
595 4630 673 4682 iaciat
688 4632 854 4683 ammaum
939 4635 971 4685 21
989 4648 1107 4701 apagope
1125 4634 1166 4686 M.
1186 4636 1297 4683 maiman
1314 4648 1365 4697 qua
1383 4630 1491 4690 definias
1505 4638 1607 4689 apocopa

344 4702 441 4751 excidit
455 4702 565 4751 indicaui
650 4702 684 4751 22
702 4709 730 4751 ut
746 4699 823 4769 endo]
845 4702 952 4754 tetendit
971 4704 1017 4755 M:
1033 4704 1099 4757 Ean.
1119 4704 1204 4754 annal.
1227 4702 1278 4753 063
1296 4702 1336 4756 ed.
1362 4700 1438 4753 Valet.
1520 4698 1549 4745 24
1565 4688 1604 4759 his]

342 4769 563 4821 hieBattmaaaar
648 4770 682 4819 21
700 4771 794 4822 luerint
813 4772 847 4821 M
915 4784 1032 4825 censetur
1050 4774 1079 4824 M
1167 4772 1201 4824 29
1221 4772 1322 4822 laetasis
1341 4778 1446 4837 atroque
1459 4773 1509 4821 loco
1526 4765 1556 4818 M

345 4838 379 4891 30
395 4838 530 4907 longioris]
550 4840 606 4905 syll'
625 4842 652 4889 ἔτι
664 4856 744 4906 marp.
763 4841 824 4897 add,
845 4842 879 4892 M
