3350 5442
601 342 836 406 communivit
1096 333 1099 338 ’
1306 340 1369 405 239

1185 462 1206 503 p.
1220 452 1309 491 aaa-24
1322 450 1344 491 1„

80 534 170 613 prima
193 549 319 612 persona
342 536 410 590 ante
434 528 566 591 ultimam
589 528 717 591 litteram
739 538 800 590 tres
822 530 939 591 uocales
962 530 1058 601 babet,
1082 548 1108 600 c,
1132 538 1164 591 ut
1186 550 1266 600 exeo,
1294 532 1314 601 i,
1337 541 1370 591 ut

80 634 173 703 audio,
198 653 226 704 u,
250 640 282 693 ut
304 650 417 693 annuo:
442 652 459 693 o
483 640 550 694 ante
572 653 589 693 o
612 651 772 713 numquam
795 631 893 703 babet
918 651 933 693 a
957 640 1025 693 ante
1048 652 1065 693 o
1088 651 1248 713 numquam
1270 633 1368 694 babet.

79 746 144 817 puta
167 754 228 796 non
250 743 365 817 potest,
390 753 479 815 quem
502 734 537 797 ad
561 735 681 796 modum
702 733 774 795 illud
797 734 888 795 babet
917 742 1023 796 eante
1046 753 1078 803 o,
1106 744 1139 796 ut
1161 754 1248 805 exeo,
1277 742 1328 797 aut
1349 737 1368 804 i,

80 848 108 899 ut
135 839 239 908 autlio,
263 844 321 899 'aut
349 856 382 909 u,
413 847 445 897 ut
472 856 586 907 annuo,
616 855 676 897 non
704 843 802 916 polest
829 838 956 897 inveniri
984 854 1000 896 a
1022 843 1091 897 ante
1114 857 1141 897 o.
1186 856 1256 899 ecce
1278 837 1370 899 babos

57 960 163 1002 armam
187 939 319 1001 vocalem
342 958 416 1021 quae
440 938 614 1001 excluditur.
659 940 730 999 item
753 937 809 999 alia
831 937 948 1006 vocalis,
973 956 1033 998 non
1054 940 1205 1000 invenitur
1226 960 1243 1000 o
1266 945 1369 1000 anteo

79 1052 199 1124 excepto
222 1062 284 1103 uno
306 1061 424 1121 graeco,
448 1041 518 1123 βοῶ
541 1038 623 1122 βοᾷς
644 1038 718 1122 βοᾷ,
742 1040 770 1100 id
795 1049 840 1101 est
862 1040 971 1101 clamo:
996 1040 1141 1120 Vergilius
1164 1044 1319 1123 conposuit
1341 1051 1369 1102 et

77 1147 144 1206 lecit
161 1144 284 1206 latinum
302 1162 481 1214 sermonem,
499 1142 599 1213 reboo,
616 1142 792 1204 ‘reboant
815 1143 931 1203 silvae
947 1150 983 1203 et
996 1160 1148 1221 magnus
1163 1143 1366 1225 Olympus'.
1404 1198 1408 1203 .

80 1248 125 1309 scal
156 1264 296 1327 graccum
320 1253 364 1308 est
386 1246 450 1307 hoc.
489 1252 622 1306 ceterum
645 1244 768 1305 latinum
791 1244 914 1306 verbum
937 1263 997 1305 non
1011 1252 1110 1325 potest
1129 1247 1266 1315 inveniri,
1290 1244 1368 1323 quotl

77 1349 198 1411 verbum
221 1356 288 1410 ante
311 1348 444 1411 ultimam
467 1348 595 1408 litteram
620 1346 726 1408 babeat
748 1367 774 1407 o.
821 1365 893 1425 crgo
914 1349 986 1408 istas
1008 1346 1081 1409 duas
1103 1347 1230 1409 diximus
1253 1348 1369 1409 vocales

47 1470 66 1507 ιι
80 1470 136 1513 non
160 1453 283 1521 invenis,
307 1472 363 1513 nec
385 1472 401 1512 a
424 1470 480 1512 nec
502 1470 528 1511 o.
562 1452 632 1511 item
655 1456 716 1511 tres
739 1456 939 1511 consonantes
961 1468 1020 1511 non
1043 1452 1234 1513 inveniuntur
1250 1459 1279 1511 ct
1293 1450 1370 1512 duae

78 1572 214 1632 graecae,
241 1573 259 1634 y
282 1560 311 1614 ct
333 1574 356 1614 ι.
389 1554 402 1613 l
421 1572 481 1614 non
503 1554 667 1632 reperitur:
695 1552 806 1612 idcirco
829 1558 931 1612 errant
946 1554 996 1631 qui
1011 1554 1054 1613 sic
1073 1552 1216 1622 scribunt,
1240 1554 1368 1621 triumlo,

80 1676 130 1735 per
153 1656 174 1717 l.
219 1670 288 1717 nam
310 1674 435 1717 necesse
458 1663 504 1717 est
527 1662 573 1725 ut,
602 1654 729 1716 litteram
752 1654 831 1715 illam
861 1672 997 1733 graecam
1025 1674 1051 1734 φ
1074 1673 1141 1716 cum
1170 1654 1297 1715 volueris
1318 1673 1368 1715 ex·

78 1760 215 1838 primore,
239 1777 330 1838 perp
353 1758 424 1820 eth
447 1766 476 1819 ct
497 1778 515 1819 o
537 1757 661 1819 scribas.
702 1755 834 1837 Filippus
856 1775 909 1835 per
933 1776 958 1836 φ
980 1757 1129 1827 scribunt;
1159 1755 1249 1818 latino
1271 1758 1297 1816 si
1318 1776 1368 1817 vo·

78 1859 165 1921 lucris
187 1860 329 1935 scribere,
353 1878 448 1942 perp
471 1867 500 1921 ot
522 1859 542 1919 b
565 1859 679 1920 scribis
715 1868 785 1939 puta
808 1858 907 1939 φίλος
934 1857 1025 1921 latine
1046 1878 1101 1940 per
1123 1879 1142 1939 p
1166 1868 1196 1919 et
1216 1857 1367 1928 bscribis,

47 1980 65 2019 ιι
78 1970 104 2023 ιι
124 1963 238 2024 idcirco
260 1963 412 2042 triumpho
435 1964 477 2023 sic
501 1962 505 2043 l
529 1959 619 2022 debet
645 1961 745 2022 scribi.
791 1961 861 2023 inde
890 1963 969 2021 enim
997 1961 1086 2022 habet
1112 1962 1273 2039 originem,
1302 1954 1368 2022 ἀπὸ

78 2066 135 2126 τοῦ
157 2060 391 2145 θριαμβεύειν.
430 2062 598 2143 triumphus
621 2063 697 2144 apud
720 2064 870 2125 Romanos
892 2082 952 2123 non
974 2064 1028 2125 luit
1049 2082 1105 2125 nec
1127 2063 1209 2144 apud·
1227 2063 1368 2133 Graecos,

76 2166 124 2228 scd
148 2186 184 2228 ex
208 2186 295 2228 causa
317 2166 419 2228 Liberi
441 2168 542 2247 patris.
588 2164 678 2228 Liber
706 2173 791 2245 puter
813 2184 881 2227 cum
909 2168 1027 2228 vicisset
1048 2166 1136 2228 ludos
1164 2172 1194 2228 et
1223 2184 1290 2227 cum
1311 2165 1368 2227 sal-

76 2272 184 2332 tatione
208 2278 238 2331 et
258 2270 388 2351 tropacis
410 2268 536 2338 rediret,
560 2268 639 2348 quoti
663 2269 785 2339 uicerat,
816 2268 924 2329 exinde
945 2275 1073 2329 tractum
1100 2276 1134 2330 ut
1154 2268 1228 2329 baec
1250 2266 1368 2329 sollem-

77 2374 149 2434 nitas
182 2380 351 2434 serraretur·
379 2368 609 2451 imperatoribus
638 2369 808 2432 victoribus.
854 2389 922 2431 nam
944 2369 1070 2440 idcirco,
1105 2371 1224 2451 quando
1247 2370 1368 2431 vincunt

46 2475 285 2553 nimperatores,
309 2476 457 2537 exercitus
480 2481 548 2535 ante
571 2474 651 2553 ipsos
675 2470 841 2548 ambulant,
870 2473 1055 2553 praecedunt
1082 2472 1190 2535 milites
1218 2480 1247 2533 ct
1267 2472 1369 2533 dicunt

78 2576 172 2655 aliqua
193 2575 299 2638 lasciva
322 2576 358 2639 ad
380 2577 574 2637 imitationem
598 2576 779 2657 Satyrorum,
803 2594 892 2655 quem
914 2576 950 2637 ad
972 2576 1093 2638 modum
1115 2576 1213 2656 Satyri
1235 2582 1303 2635 ante
1317 2575 1365 2635 Li-

78 2675 179 2739 bcrum
207 2685 324 2758 patrem
353 2676 539 2739 ambulantes
574 2677 712 2739 dicebant
763 2676 1008 2762 [θριαμβεῦσαι
1040 2678 1142 2739 dicunt
1174 2676 1306 2739 exultare
1339 2686 1369 2737 et

76 2790 193 2843 cantare
215 2778 392 2861 triumpho}
424 2799 495 2859 crgo
518 2781 532 2841 l
550 2788 619 2841 ante
641 2800 659 2841 o
682 2799 742 2841 non
763 2782 888 2842 invenis.
918 2785 986 2841 item
1007 2781 1028 2841 lc
1049 2788 1150 2843 anteo
1168 2797 1230 2842 non
1243 2783 1366 2840 invenis.

76 2880 198 2961 legimus
220 2884 300 2945 enim
322 2884 353 2943 in
374 2880 481 2944 litteris
497 2886 562 2963 quia
586 2883 605 2944 lt
629 2902 687 2944 non
710 2884 905 2963 praeponitur
927 2885 984 2944 nisi
999 2893 1142 2964 sequente
1156 2902 1181 2943 a.
1213 2901 1284 2962 erqo
1299 2900 1367 2943 cum

43 3000 92 3042 ιιι)
114 2991 262 3065 sequatur,
287 3004 344 3065 quo
367 2985 456 3046 modo
479 2994 578 3066 potest
593 2986 611 3045 i
629 2986 793 3065 praeponi?
823 2987 895 3045 item
917 3004 936 3065 q
958 3005 1019 3048 non
1041 2988 1244 3068 praeponitur,
1268 2986 1324 3045 nisi
1347 3005 1366 3045 u

74 3096 225 3169 sequatur;
250 3106 316 3149 cum
340 3096 438 3149 autem
463 3107 484 3148 ιι
506 3106 566 3150 non
587 3096 736 3166 sequatur,
760 3090 938 3168 qpraeponi
952 3107 1013 3149 non
1029 3087 1127 3153 debet.
1159 3106 1230 3167 ergo
1247 3106 1367 3148 remove

75 3191 144 3251 istas
166 3208 279 3259 omnes,
303 3208 319 3251 a
342 3210 360 3250 o
382 3192 396 3251 l
415 3190 435 3251 lt
458 3198 554 3271 qyet
569 3209 598 3259 z;
622 3192 686 3251 istis
708 3192 840 3269 exceptis
862 3190 977 3263 litteris,
1001 3210 1078 3271 quae
1099 3209 1159 3252 non
1178 3192 1368 3252 inveniuntur

74 3298 196 3363 anteo,
226 3292 359 3372 reliquae
389 3288 613 3376 [consonantes]
642 3291 711 3354 illae
739 3293 797 3353 iam
826 3293 1032 3364 inveniuntur,
1063 3312 1094 3363 e,
1118 3302 1152 3354 ut
1173 3311 1261 3362 exeo,
1288 3294 1312 3361 i,
1336 3295 1392 3352 ut'

75 3393 170 3463 audio,
194 3413 222 3467 ιι,
246 3402 279 3455 ut
301 3413 410 3464 annuo,
434 3402 464 3454 et
485 3403 683 3457 consonantes
705 3412 808 3455 omnes
831 3394 919 3466 aliae,
943 3404 1014 3476 puta
1035 3392 1056 3455 b
1077 3394 1162 3464 bibo,
1186 3414 1203 3455 c
1224 3395 1323 3475 placo,
1348 3395 1367 3455 d

43 3494 175 3565 bradilo,
198 3514 217 3575 g
239 3495 307 3575 ligo,
332 3496 351 3556 b
373 3476 468 3567 traho,
492 3494 501 3555 l
524 3496 643 3577 inpelle,
668 3516 695 3557 m
720 3516 795 3567 amo,
820 3516 841 3558 n
863 3516 946 3567 cano,
969 3517 985 3559 r
1007 3515 1068 3567 aro,
1091 3517 1105 3558 s
1127 3497 1214 3568 lasso,
1238 3516 1257 3557 ι
1279 3496 1364 3557 elixo.

75 3604 157 3673 potas
185 3600 189 3680 l
217 3599 354 3659 invenire
381 3617 484 3660 omnes
511 3597 626 3661 litteras
654 3608 722 3661 ante
750 3619 767 3659 o
798 3601 930 3678 exceptis
957 3600 1032 3661 istis.
1082 3601 1152 3679 quin
1183 3601 1271 3660 etiam
1297 3598 1366 3659 illae

75 3698 158 3770 duae,
181 3701 191 3759 i
215 3707 245 3761 et
267 3717 294 3771 ιι,
317 3717 393 3778 quae
415 3708 572 3762 transeunt
592 3704 624 3763 in
638 3704 866 3763 consonantium
886 3709 1072 3783 potestatem,
1095 3710 1221 3782 possunt
1241 3702 1366 3762 inveniri

76 3800 208 3863 similiter
230 3800 297 3863 loco
320 3805 546 3865 consonantium
567 3805 698 3885 positae:
723 3806 778 3876 aio,
801 3806 812 3864 i
834 3811 902 3865 ante
925 3824 958 3873 o;
982 3802 1052 3867 cece
1074 3804 1163 3867 modo
1184 3806 1215 3865 in
1237 3822 1298 3865 non
1322 3812 1368 3864 cst
1440 3799 1442 3802 ’

76 3902 196 3976 vocalis,
220 3904 273 3967 sed
296 3907 379 3986 quasi
401 3924 567 3968 consonans
590 3914 648 3968 est:
680 3906 799 3978 adiuro,
824 3924 894 3969 cccc
917 3908 1066 3969 invonitur
1094 3926 1114 3969 ιι
1142 3913 1211 3968 ante
1233 3924 1267 3974 o;
1297 3924 1365 3967 uam

143 4228 157 4279 1
181 4228 257 4279 aaut
279 4230 307 4295 (ι
327 4231 388 4282 aaa.
407 4230 436 4293 ι)
454 4238 481 4279 ιι
504 4246 567 4280 exeo
593 4230 613 4296 (ι
632 4232 693 4286 aaa.
711 4230 737 4296 ι)
760 4232 837 4282 auaro
862 4230 893 4297 (u
910 4232 972 4282 aaa.
991 4232 1020 4296 ι)
1039 4246 1123 4283 annuo
1145 4234 1197 4284 aa
1217 4209 1293 4283 hasa
1311 4234 1318 4281 ι
1337 4241 1366 4283 ιι

76 4299 149 4347 audio
167 4314 180 4347 c
197 4310 224 4350 at
243 4314 308 4349 exeo
327 4314 343 4347 ιι
365 4310 393 4349 ut
410 4313 493 4349 annuo
509 4300 541 4351 0:
560 4311 588 4350 ut
603 4317 666 4351 exeo
684 4329 716 4338 -
736 4318 751 4352 a
769 4310 827 4351 ante
846 4316 860 4350 o
880 4316 1018 4365 numquam
1036 4303 1114 4353 babet
1130 4307 1156 4354 a'n
1173 4306 1250 4353 litura
1268 4304 1365 4368 scripto

76 4364 146 4417 labet
166 4385 182 4417 o
249 4370 344 4420 bitem
363 4369 414 4419 alia
433 4370 477 4420 ubi
497 4384 545 4419 non
563 4370 636 4422 Boo
658 4372 719 4422 item
734 4372 812 4423 aliubi
832 4373 927 4421 nonA
998 4372 1082 4424 bboo
1099 4374 1163 4423 boas
1179 4376 1252 4435 (boos
1270 4374 1300 4430 ζ’)
1316 4373 1365 4423 boa

77 4436 157 4487 ABG
223 4437 377 4506 trabeam]
402 4442 584 4506 Verqqeorq.
605 4442 717 4548 111223ι
777 4450 802 4492 et
819 4442 907 4496 omO
987 4441 1133 4510 avocatos]
1153 4444 1196 4493 ubi
1213 4443 1298 4494 ABG

80 4558 108 4607 15
125 4558 267 4625 triumphus
285 4562 324 4611 eie
342 4560 366 4611 A
456 4560 489 4612 16
508 4578 648 4613 arrianam
668 4563 853 4615 Carrauarem
873 4563 897 4613 B
915 4580 1086 4616 ιιιιιιιιιιιιιιιιι
1105 4564 1130 4613 A
1213 4566 1244 4615 17
1260 4574 1285 4614 et
1306 4580 1363 4614 cum

77 4627 204 4679 saltatione
220 4629 295 4681 Bou
311 4638 336 4681 et
354 4646 410 4681 eum
429 4632 596 4682 exsultatione
611 4634 635 4681 A
707 4634 740 4684 18
759 4642 783 4684 et
799 4635 897 4701 tropeia
914 4635 941 4684 B
1042 4636 1109 4686 oreis
1128 4634 1152 4683 A
1172 4642 1196 4684 et
1214 4634 1313 4685 choreis
1330 4633 1364 4687 ιι*

78 4704 100 4745 et
118 4696 237 4751 cborlsC
288 4702 401 4751 uinceret
413 4716 481 4751 corr.
500 4705 613 4752 uincerat
631 4700 656 4750 B
710 4712 844 4755 tractatum
861 4705 886 4753 A
904 4712 1009 4754 tractum
1026 4715 1064 4755 est
1079 4705 1106 4754 B
1174 4704 1365 4755 carcerantur

78 4780 137 4816 usae
156 4766 180 4815 B
197 4771 319 4821 triambes
338 4786 398 4821 usae
417 4772 438 4821 O
454 4774 651 4823 triamboeussae
664 4772 688 4819 A
759 4774 793 4824 23
811 4778 872 4825 item
890 4774 908 4825 tr
924 4781 983 4824 ante
1004 4791 1018 4826 o
1038 4789 1088 4824 non
1104 4776 1205 4825 invenis
1220 4790 1267 4829 om.
1281 4776 1366 4827 ABG

144 4838 177 4887 at
194 4840 218 4889 in
233 4840 316 4891 littera
332 4840 416 4891 ABG
483 4842 992 4906 bbnantcnonom.ABG‚udd.a*
1062 4844 1244 4897 34uetoA
