<?xml version="1.0" encoding="UTF-8"?>
<!DOCTYPE html PUBLIC "-//W3C//DTD XHTML 1.0 Transitional//EN"
    "http://www.w3.org/TR/xhtml1/DTD/xhtml1-transitional.dtd">
<html xmlns="http://www.w3.org/1999/xhtml" xml:lang="en" lang="en">
 <head>
  <title>
</title>
<meta http-equiv="Content-Type" content="text/html;charset=utf-8" />
  <meta name='ocr-system' content='tesseract 3.04.00' />
  <meta name='ocr-capabilities' content='ocr_page ocr_carea ocr_par ocr_line ocrx_word'/>
</head>
<body>
  <div class='ocr_page' id='page_1' title='image "./grammaticilatin02hagagoog_0243.png"; bbox 0 0 3350 5442; ppageno 0'>
   <div class='ocr_carea' id='block_1_1' title="bbox 303 333 1022 399">
    <p class='ocr_par' dir='ltr' id='par_1_1' title="bbox 303 333 1022 399">
     <span class='ocr_line' id='line_1_1' title="bbox 303 333 1022 399; baseline -0.003 0"><span class='ocrx_word' id='word_1_1' title='bbox 303 333 366 399; x_wconf 77' lang='lat'>234</span> <span class='ocrx_word' id='word_1_2' title='bbox 869 334 1022 397; x_wconf 73' lang='lat' dir='ltr'>Ponetur</span> 
     </span>
    </p>
   </div>
   <div class='ocr_carea' id='block_1_2' title="bbox 303 444 1593 605">
    <p class='ocr_par' dir='ltr' id='par_1_2' title="bbox 303 444 1593 605">
     <span class='ocr_line' id='line_1_2' title="bbox 330 444 488 499; baseline -0.019 -12"><span class='ocrx_word' id='word_1_3' title='bbox 330 458 351 499; x_wconf 83' lang='grc'>6.</span> <span class='ocrx_word' id='word_1_4' title='bbox 364 446 456 493; x_wconf 76' lang='lat' dir='ltr'>alu-xa,</span> <span class='ocrx_word' id='word_1_5' title='bbox 466 444 488 485; x_wconf 84' lang='lat' dir='ltr'>L.</span> 
     </span>
     <span class='ocr_line' id='line_1_3' title="bbox 303 522 1593 605; baseline -0.003 -18"><span class='ocrx_word' id='word_1_6' title='bbox 303 528 423 587; x_wconf 89' lang='lat' dir='ltr'>tionem.</span> <span class='ocrx_word' id='word_1_7' title='bbox 468 525 539 605; x_wconf 92' lang='lat' dir='ltr'>quid</span> <span class='ocrx_word' id='word_1_8' title='bbox 562 533 607 585; x_wconf 91' lang='lat' dir='ltr'>est</span> <span class='ocrx_word' id='word_1_9' title='bbox 628 523 716 587; x_wconf 78' lang='lat' dir='ltr'>adrilo</span> <span class='ocrx_word' id='word_1_10' title='bbox 739 524 862 602; x_wconf 90' lang='lat' dir='ltr'>etquid</span> <span class='ocrx_word' id='word_1_11' title='bbox 885 532 931 585; x_wconf 89' lang='lat' dir='ltr'>est</span> <span class='ocrx_word' id='word_1_12' title='bbox 952 522 1076 585; x_wconf 82' lang='lat' dir='ltr'>adrilorl</span> <span class='ocrx_word' id='word_1_13' title='bbox 1099 523 1171 584; x_wconf 91' lang='lat' dir='ltr'>dicit</span> <span class='ocrx_word' id='word_1_14' title='bbox 1191 522 1402 585; x_wconf 80' lang='lat' dir='ltr'>discretionem</span> <span class='ocrx_word' id='word_1_15' title='bbox 1423 542 1480 603; x_wconf 91' lang='lat' dir='ltr'>per</span> <span class='ocrx_word' id='word_1_16' title='bbox 1500 540 1593 584; x_wconf 88' lang='lat' dir='ltr'>casus.</span> 
     </span>
    </p>
   </div>
   <div class='ocr_carea' id='block_1_3' title="bbox 186 626 1640 4399">
    <p class='ocr_par' dir='ltr' id='par_1_3' title="bbox 302 626 1594 901">
     <span class='ocr_line' id='line_1_4' title="bbox 303 626 1592 709; baseline -0.004 -19"><span class='ocrx_word' id='word_1_17' title='bbox 303 627 420 709; x_wconf 87' lang='lat' dir='ltr'>quaudo</span> <span class='ocrx_word' id='word_1_18' title='bbox 448 630 491 688; x_wconf 86' lang='lat' dir='ltr'>vis</span> <span class='ocrx_word' id='word_1_19' title='bbox 518 628 603 707; x_wconf 85' lang='lat' dir='ltr'><strong>quasi</strong></span> <span class='ocrx_word' id='word_1_20' title='bbox 632 629 755 688; x_wconf 77' lang='lat' dir='ltr'><strong>activam</strong></span> <span class='ocrx_word' id='word_1_21' title='bbox 783 628 1026 705; x_wconf 83' lang='lat' dir='ltr'>significationem</span> <span class='ocrx_word' id='word_1_22' title='bbox 1059 626 1265 695; x_wconf 74' lang='lat' dir='ltr'>introducere,</span> <span class='ocrx_word' id='word_1_23' title='bbox 1298 629 1503 687; x_wconf 72' lang='lat' dir='ltr'>ocmnativam</span> <span class='ocrx_word' id='word_1_24' title='bbox 1526 626 1592 699; x_wconf 78' lang='lat' dir='ltr'>sac,</span> 
     </span>
     <span class='ocr_line' id='line_1_5' title="bbox 302 727 1594 808; baseline -0.003 -17"><span class='ocrx_word' id='word_1_25' title='bbox 302 732 395 791; x_wconf 83' lang='lat' dir='ltr'>edalo</span> <span class='ocrx_word' id='word_1_26' title='bbox 415 734 516 801; x_wconf 63' lang='lat' dir='ltr'>illam·</span> <span class='ocrx_word' id='word_1_27' title='bbox 537 732 660 806; x_wconf 81' lang='lat' dir='ltr'>quando</span> <span class='ocrx_word' id='word_1_28' title='bbox 681 732 724 791; x_wconf 76' lang='grc'>616</span> <span class='ocrx_word' id='word_1_29' title='bbox 745 732 834 806; x_wconf 79' lang='lat' dir='ltr'>quasi</span> <span class='ocrx_word' id='word_1_30' title='bbox 848 731 1004 806; x_wconf 79' lang='lat' dir='ltr'>passivam</span> <span class='ocrx_word' id='word_1_31' title='bbox 1024 732 1269 808; x_wconf 79' lang='lat' dir='ltr'>sipnificataonem</span> <span class='ocrx_word' id='word_1_32' title='bbox 1291 730 1498 803; x_wconf 77' lang='lat' dir='ltr'>introducere,</span> <span class='ocrx_word' id='word_1_33' title='bbox 1522 727 1594 788; x_wconf 84' lang='lat' dir='ltr'>dati-</span> 
     </span>
     <span class='ocr_line' id='line_1_6' title="bbox 303 829 1594 901; baseline -0.002 -10"><span class='ocrx_word' id='word_1_34' title='bbox 303 852 370 895; x_wconf 86' lang='lat' dir='ltr'>vum</span> <span class='ocrx_word' id='word_1_35' title='bbox 393 834 448 901; x_wconf 90' lang='lat' dir='ltr'>lac,</span> <span class='ocrx_word' id='word_1_36' title='bbox 473 832 576 894; x_wconf 90' lang='lat' dir='ltr'>adulor</span> <span class='ocrx_word' id='word_1_37' title='bbox 598 830 655 893; x_wconf 91' lang='lat' dir='ltr'>illi:</span> <span class='ocrx_word' id='word_1_38' title='bbox 680 840 709 893; x_wconf 90' lang='grc'>61</span> <span class='ocrx_word' id='word_1_39' title='bbox 731 831 819 894; x_wconf 91' lang='lat' dir='ltr'>adulo</span> <span class='ocrx_word' id='word_1_40' title='bbox 840 830 925 893; x_wconf 91' lang='lat' dir='ltr'>illum</span> <span class='ocrx_word' id='word_1_41' title='bbox 948 841 978 893; x_wconf 91' lang='lat' dir='ltr'>et</span> <span class='ocrx_word' id='word_1_42' title='bbox 999 831 1103 893; x_wconf 92' lang='lat' dir='ltr'>adulor</span> <span class='ocrx_word' id='word_1_43' title='bbox 1124 829 1177 891; x_wconf 90' lang='lat' dir='ltr'>illi.</span> <span class='ocrx_word' id='word_1_44' title='bbox 1208 838 1239 891; x_wconf 91' lang='lat' dir='ltr'>et</span> <span class='ocrx_word' id='word_1_45' title='bbox 1258 849 1292 892; x_wconf 91' lang='lat' dir='ltr'>re</span> <span class='ocrx_word' id='word_1_46' title='bbox 1315 850 1383 893; x_wconf 83' lang='lat' dir='ltr'>vera</span> <span class='ocrx_word' id='word_1_47' title='bbox 1405 831 1484 891; x_wconf 91' lang='lat' dir='ltr'>banc</span> <span class='ocrx_word' id='word_1_48' title='bbox 1506 832 1594 891; x_wconf 92' lang='lat' dir='ltr'>ratio-</span> 
     </span>
    </p>

    <p class='ocr_par' dir='ltr' id='par_1_4' title="bbox 209 922 1619 1220">
     <span class='ocr_line' id='line_1_7' title="bbox 209 922 1619 1013; baseline 0.001 -16"><span class='ocrx_word' id='word_1_49' title='bbox 209 922 213 929; x_wconf 65' lang='grc'><strong>’</strong></span> <span class='ocrx_word' id='word_1_50' title='bbox 303 954 371 997; x_wconf 90' lang='lat' dir='ltr'>nem</span> <span class='ocrx_word' id='word_1_51' title='bbox 402 936 490 997; x_wconf 87' lang='lat' dir='ltr'>etiam</span> <span class='ocrx_word' id='word_1_52' title='bbox 515 935 618 996; x_wconf 85' lang='lat' dir='ltr'>Cicero</span> <span class='ocrx_word' id='word_1_53' title='bbox 645 944 765 996; x_wconf 88' lang='lat' dir='ltr'>secutus</span> <span class='ocrx_word' id='word_1_54' title='bbox 794 944 853 996; x_wconf 85' lang='lat' dir='ltr'>est:</span> <span class='ocrx_word' id='word_1_55' title='bbox 881 953 949 997; x_wconf 85' lang='lat' dir='ltr'>nam</span> <span class='ocrx_word' id='word_1_56' title='bbox 976 937 1007 996; x_wconf 91' lang='lat' dir='ltr'>in</span> <span class='ocrx_word' id='word_1_57' title='bbox 1035 936 1095 995; x_wconf 90' lang='lat' dir='ltr'>line</span> <span class='ocrx_word' id='word_1_58' title='bbox 1120 934 1296 995; x_wconf 88' lang='lat' dir='ltr'>Pisonianae</span> <span class='ocrx_word' id='word_1_59' title='bbox 1317 936 1348 994; x_wconf 90' lang='lat' dir='ltr'>in</span> <span class='ocrx_word' id='word_1_60' title='bbox 1371 934 1476 995; x_wconf 91' lang='lat' dir='ltr'>ultimo</span> <span class='ocrx_word' id='word_1_61' title='bbox 1499 936 1619 1013; x_wconf 84' lang='grc'><strong>6661166</strong></span> 
     </span>
     <span class='ocr_line' id='line_1_8' title="bbox 302 1035 1596 1114; baseline -0.002 -15"><span class='ocrx_word' id='word_1_62' title='bbox 302 1041 343 1100; x_wconf 90' lang='grc'>116</span> <span class='ocrx_word' id='word_1_63' title='bbox 365 1037 451 1109; x_wconf 83' lang='lat' dir='ltr'>dixit,</span> <span class='ocrx_word' id='word_1_64' title='bbox 477 1043 621 1097; x_wconf 82' lang='lat' dir='ltr'>‘omnes</span> <span class='ocrx_word' id='word_1_65' title='bbox 650 1035 891 1109; x_wconf 91' lang='lat' dir='ltr'>adulantem&#39;,</span> <span class='ocrx_word' id='word_1_66' title='bbox 920 1056 980 1098; x_wconf 91' lang='lat' dir='ltr'>non</span> <span class='ocrx_word' id='word_1_67' title='bbox 1008 1037 1082 1097; x_wconf 80' lang='lat' dir='ltr'>dixit</span> <span class='ocrx_word' id='word_1_68' title='bbox 1102 1036 1258 1097; x_wconf 75' lang='lat' dir='ltr'>‘omnibus</span> <span class='ocrx_word' id='word_1_69' title='bbox 1280 1035 1479 1099; x_wconf 85' lang='lat' dir='ltr'>adulantem&#39;.</span> <span class='ocrx_word' id='word_1_70' title='bbox 1525 1054 1596 1114; x_wconf 86' lang='lat' dir='ltr'>ergo</span> 
     </span>
     <span class='ocr_line' id='line_1_9' title="bbox 303 1137 1156 1220; baseline -0.005 -18"><span class='ocrx_word' id='word_1_71' title='bbox 303 1139 407 1202; x_wconf 92' lang='lat' dir='ltr'>adulor</span> <span class='ocrx_word' id='word_1_72' title='bbox 428 1139 471 1201; x_wconf 91' lang='grc'><strong>1111</strong></span> <span class='ocrx_word' id='word_1_73' title='bbox 493 1139 619 1201; x_wconf 89' lang='lat' dir='ltr'>dicimus</span> <span class='ocrx_word' id='word_1_74' title='bbox 643 1137 688 1220; x_wconf 91' lang='lat' dir='ltr'>[et</span> <span class='ocrx_word' id='word_1_75' title='bbox 710 1138 797 1200; x_wconf 90' lang='lat' dir='ltr'>adulo</span> <span class='ocrx_word' id='word_1_76' title='bbox 819 1139 877 1220; x_wconf 89' lang='lat' dir='ltr'>illi]</span> <span class='ocrx_word' id='word_1_77' title='bbox 901 1150 932 1200; x_wconf 93' lang='lat' dir='ltr'>et</span> <span class='ocrx_word' id='word_1_78' title='bbox 952 1139 1040 1200; x_wconf 90' lang='lat' dir='ltr'>adulo</span> <span class='ocrx_word' id='word_1_79' title='bbox 1062 1138 1156 1199; x_wconf 90' lang='lat' dir='ltr'>illum.</span> 
     </span>
    </p>

    <p class='ocr_par' dir='ltr' id='par_1_5' title="bbox 302 1240 1633 2144">
     <span class='ocr_line' id='line_1_10' title="bbox 387 1240 1596 1322; baseline -0.004 -17"><span class='ocrx_word' id='word_1_80' title='bbox 387 1243 446 1305; x_wconf 90' lang='lat' dir='ltr'>lsta</span> <span class='ocrx_word' id='word_1_81' title='bbox 467 1244 525 1303; x_wconf 91' lang='lat' dir='ltr'>iam</span> <span class='ocrx_word' id='word_1_82' title='bbox 549 1260 625 1322; x_wconf 83' lang='lat' dir='ltr'>quac</span> <span class='ocrx_word' id='word_1_83' title='bbox 647 1242 885 1303; x_wconf 87' lang='lat' dir='ltr'>secuntur&#39;levia</span> <span class='ocrx_word' id='word_1_84' title='bbox 906 1251 987 1305; x_wconf 88' lang='lat' dir='ltr'>sunt:</span> <span class='ocrx_word' id='word_1_85' title='bbox 1010 1249 1166 1322; x_wconf 88' lang='lat' dir='ltr'>praeterea</span> <span class='ocrx_word' id='word_1_86' title='bbox 1187 1243 1266 1302; x_wconf 91' lang='lat' dir='ltr'>scire</span> <span class='ocrx_word' id='word_1_87' title='bbox 1288 1240 1434 1305; x_wconf 89' lang='lat' dir='ltr'>debemus</span> <span class='ocrx_word' id='word_1_88' title='bbox 1457 1260 1523 1303; x_wconf 89' lang='lat' dir='ltr'>esse</span> <span class='ocrx_word' id='word_1_89' title='bbox 1544 1240 1596 1301; x_wconf 92' lang='lat' dir='ltr'>ali-</span> 
     </span>
     <span class='ocr_line' id='line_1_11' title="bbox 303 1343 1596 1427; baseline -0.004 -19"><span class='ocrx_word' id='word_1_90' title='bbox 303 1366 359 1427; x_wconf 84' lang='lat' dir='ltr'>qua</span> <span class='ocrx_word' id='word_1_91' title='bbox 383 1345 472 1407; x_wconf 89' lang='lat' dir='ltr'>verba</span> <span class='ocrx_word' id='word_1_92' title='bbox 499 1344 645 1425; x_wconf 89' lang='lat' dir='ltr'>simplicia</span> <span class='ocrx_word' id='word_1_93' title='bbox 672 1363 747 1423; x_wconf 86' lang='lat' dir='ltr'>quae</span> <span class='ocrx_word' id='word_1_94' title='bbox 771 1344 775 1427; x_wconf 78' lang='lat' dir='ltr'>l</span> <span class='ocrx_word' id='word_1_95' title='bbox 799 1352 924 1425; x_wconf 88' lang='lat' dir='ltr'>possunt</span> <span class='ocrx_word' id='word_1_96' title='bbox 950 1346 1016 1407; x_wconf 84' lang='lat' dir='ltr'>beri</span> <span class='ocrx_word' id='word_1_97' title='bbox 1043 1345 1211 1425; x_wconf 83' lang='lat' dir='ltr'>conposita,</span> <span class='ocrx_word' id='word_1_98' title='bbox 1241 1362 1307 1406; x_wconf 91' lang='lat' dir='ltr'>esse</span> <span class='ocrx_word' id='word_1_99' title='bbox 1328 1344 1428 1425; x_wconf 87' lang='lat' dir='ltr'>aliqua</span> <span class='ocrx_word' id='word_1_100' title='bbox 1450 1343 1596 1423; x_wconf 88' lang='lat' dir='ltr'>simplicia</span> 
     </span>
     <span class='ocr_line' id='line_1_12' title="bbox 303 1447 1631 1529; baseline -0.004 -19"><span class='ocrx_word' id='word_1_101' title='bbox 303 1468 377 1529; x_wconf 86' lang='lat' dir='ltr'>qaae</span> <span class='ocrx_word' id='word_1_102' title='bbox 400 1467 460 1509; x_wconf 93' lang='lat' dir='ltr'>non</span> <span class='ocrx_word' id='word_1_103' title='bbox 482 1455 609 1528; x_wconf 83' lang='lat' dir='ltr'>possunt</span> <span class='ocrx_word' id='word_1_104' title='bbox 629 1448 695 1509; x_wconf 82' lang='lat' dir='ltr'>neri</span> <span class='ocrx_word' id='word_1_105' title='bbox 717 1448 883 1529; x_wconf 90' lang='lat' dir='ltr'>conposita,</span> <span class='ocrx_word' id='word_1_106' title='bbox 907 1465 972 1509; x_wconf 90' lang='lat' dir='ltr'>esse</span> <span class='ocrx_word' id='word_1_107' title='bbox 994 1447 1092 1526; x_wconf 89' lang='lat' dir='ltr'>aliqua</span> <span class='ocrx_word' id='word_1_108' title='bbox 1114 1448 1270 1527; x_wconf 87' lang='lat' dir='ltr'>conposita</span> <span class='ocrx_word' id='word_1_109' title='bbox 1292 1466 1368 1525; x_wconf 89' lang='lat' dir='ltr'>quae</span> <span class='ocrx_word' id='word_1_110' title='bbox 1389 1466 1450 1509; x_wconf 91' lang='lat' dir='ltr'>non</span> <span class='ocrx_word' id='word_1_111' title='bbox 1472 1454 1631 1528; x_wconf 69' lang='lat' dir='ltr'>possuntne</span> 
     </span>
     <span class='ocr_line' id='line_1_13' title="bbox 302 1549 1598 1631; baseline -0.002 -19"><span class='ocrx_word' id='word_1_112' title='bbox 302 1553 367 1613; x_wconf 90' lang='lat' dir='ltr'>lieri</span> <span class='ocrx_word' id='word_1_113' title='bbox 389 1550 549 1631; x_wconf 86' lang='lat' dir='ltr'>slmplicia,</span> <span class='ocrx_word' id='word_1_114' title='bbox 574 1570 638 1611; x_wconf 91' lang='lat' dir='ltr'>esse</span> <span class='ocrx_word' id='word_1_115' title='bbox 660 1550 758 1630; x_wconf 89' lang='lat' dir='ltr'>aliqua</span> <span class='ocrx_word' id='word_1_116' title='bbox 780 1552 933 1629; x_wconf 87' lang='lat' dir='ltr'>conposita</span> <span class='ocrx_word' id='word_1_117' title='bbox 955 1568 1031 1631; x_wconf 83' lang='lat' dir='ltr'>quae</span> <span class='ocrx_word' id='word_1_118' title='bbox 1053 1556 1176 1631; x_wconf 89' lang='lat' dir='ltr'>possunt</span> <span class='ocrx_word' id='word_1_119' title='bbox 1190 1551 1255 1611; x_wconf 88' lang='lat' dir='ltr'>lieri</span> <span class='ocrx_word' id='word_1_120' title='bbox 1269 1549 1426 1631; x_wconf 88' lang='lat' dir='ltr'>simplicia.</span> <span class='ocrx_word' id='word_1_121' title='bbox 1456 1558 1598 1628; x_wconf 87' lang='lat' dir='ltr'>quattuor</span> 
     </span>
     <span class='ocr_line' id='line_1_14' title="bbox 302 1652 1596 1734; baseline -0.002 -19"><span class='ocrx_word' id='word_1_122' title='bbox 302 1662 372 1715; x_wconf 92' lang='lat' dir='ltr'>sant</span> <span class='ocrx_word' id='word_1_123' title='bbox 388 1672 455 1715; x_wconf 86' lang='lat' dir='ltr'>res:</span> <span class='ocrx_word' id='word_1_124' title='bbox 480 1662 526 1715; x_wconf 88' lang='lat' dir='ltr'>est</span> <span class='ocrx_word' id='word_1_125' title='bbox 547 1652 671 1733; x_wconf 91' lang='lat' dir='ltr'>simplex</span> <span class='ocrx_word' id='word_1_126' title='bbox 687 1653 765 1733; x_wconf 89' lang='lat' dir='ltr'>quod</span> <span class='ocrx_word' id='word_1_127' title='bbox 780 1660 881 1733; x_wconf 90' lang='lat' dir='ltr'>potest</span> <span class='ocrx_word' id='word_1_128' title='bbox 901 1672 967 1713; x_wconf 89' lang='lat' dir='ltr'>esse</span> <span class='ocrx_word' id='word_1_129' title='bbox 989 1654 1191 1733; x_wconf 88' lang='lat' dir='ltr'>conpositum,</span> <span class='ocrx_word' id='word_1_130' title='bbox 1215 1660 1248 1714; x_wconf 90' lang='lat' dir='ltr'>ut</span> <span class='ocrx_word' id='word_1_131' title='bbox 1268 1660 1340 1734; x_wconf 88' lang='grc'><strong>6616</strong></span> <span class='ocrx_word' id='word_1_132' title='bbox 1361 1672 1441 1733; x_wconf 89' lang='grc'><strong>6666</strong></span> <span class='ocrx_word' id='word_1_133' title='bbox 1464 1670 1596 1732; x_wconf 89' lang='grc'><strong>666666;</strong></span> 
     </span>
     <span class='ocr_line' id='line_1_15' title="bbox 303 1740 1597 1837; baseline -0.003 -20"><span class='ocrx_word' id='word_1_134' title='bbox 303 1764 349 1817; x_wconf 92' lang='grc'>661</span> <span class='ocrx_word' id='word_1_135' title='bbox 379 1755 504 1837; x_wconf 88' lang='lat' dir='ltr'>simplex</span> <span class='ocrx_word' id='word_1_136' title='bbox 531 1754 609 1836; x_wconf 85' lang='lat' dir='ltr'>quod</span> <span class='ocrx_word' id='word_1_137' title='bbox 636 1774 697 1816; x_wconf 89' lang='lat' dir='ltr'>non</span> <span class='ocrx_word' id='word_1_138' title='bbox 724 1762 822 1836; x_wconf 91' lang='lat' dir='ltr'>potest</span> <span class='ocrx_word' id='word_1_139' title='bbox 855 1774 920 1816; x_wconf 88' lang='lat' dir='ltr'>esse</span> <span class='ocrx_word' id='word_1_140' title='bbox 948 1740 1150 1835; x_wconf 87' lang='lat' dir='ltr'>conpositum,</span> <span class='ocrx_word' id='word_1_141' title='bbox 1185 1757 1247 1826; x_wconf 90' lang='lat' dir='ltr'>aio,</span> <span class='ocrx_word' id='word_1_142' title='bbox 1280 1756 1362 1816; x_wconf 87' lang='lat' dir='ltr'>reaio</span> <span class='ocrx_word' id='word_1_143' title='bbox 1392 1774 1481 1816; x_wconf 91' lang='lat' dir='ltr'>nemo</span> <span class='ocrx_word' id='word_1_144' title='bbox 1510 1754 1597 1823; x_wconf 87' lang='lat' dir='ltr'>dicit;</span> 
     </span>
     <span class='ocr_line' id='line_1_16' title="bbox 303 1857 1600 1940; baseline -0.002 -21"><span class='ocrx_word' id='word_1_145' title='bbox 303 1877 428 1939; x_wconf 88' lang='lat' dir='ltr'>quaeso,</span> <span class='ocrx_word' id='word_1_146' title='bbox 452 1875 596 1936; x_wconf 89' lang='lat' dir='ltr'>requaeso</span> <span class='ocrx_word' id='word_1_147' title='bbox 611 1876 700 1919; x_wconf 91' lang='lat' dir='ltr'>nemo</span> <span class='ocrx_word' id='word_1_148' title='bbox 715 1857 794 1920; x_wconf 90' lang='lat' dir='ltr'>dicit.</span> <span class='ocrx_word' id='word_1_149' title='bbox 826 1860 898 1919; x_wconf 90' lang='lat' dir='ltr'>item</span> <span class='ocrx_word' id='word_1_150' title='bbox 921 1860 1111 1920; x_wconf 88' lang='lat' dir='ltr'>econtrario</span> <span class='ocrx_word' id='word_1_151' title='bbox 1134 1866 1180 1920; x_wconf 87' lang='lat' dir='ltr'>est</span> <span class='ocrx_word' id='word_1_152' title='bbox 1193 1860 1381 1940; x_wconf 89' lang='lat' dir='ltr'>conpositum</span> <span class='ocrx_word' id='word_1_153' title='bbox 1396 1857 1476 1937; x_wconf 90' lang='lat' dir='ltr'>quod</span> <span class='ocrx_word' id='word_1_154' title='bbox 1498 1864 1600 1938; x_wconf 88' lang='lat' dir='ltr'>potest</span> 
     </span>
     <span class='ocr_line' id='line_1_17' title="bbox 303 1959 1633 2041; baseline 0 -20"><span class='ocrx_word' id='word_1_155' title='bbox 303 1963 367 2021; x_wconf 90' lang='lat' dir='ltr'>lieri</span> <span class='ocrx_word' id='word_1_156' title='bbox 391 1959 533 2040; x_wconf 84' lang='lat' dir='ltr'>simplex,</span> <span class='ocrx_word' id='word_1_157' title='bbox 557 1968 590 2022; x_wconf 96' lang='lat' dir='ltr'>ut</span> <span class='ocrx_word' id='word_1_158' title='bbox 610 1960 667 2021; x_wconf 92' lang='lat' dir='ltr'>boc</span> <span class='ocrx_word' id='word_1_159' title='bbox 689 1962 787 2041; x_wconf 90' lang='lat' dir='ltr'>ipsum</span> <span class='ocrx_word' id='word_1_160' title='bbox 804 1960 883 2039; x_wconf 89' lang='lat' dir='ltr'>quod</span> <span class='ocrx_word' id='word_1_161' title='bbox 906 1960 982 2032; x_wconf 90' lang='lat' dir='ltr'>dixi,</span> <span class='ocrx_word' id='word_1_162' title='bbox 1005 1979 1134 2041; x_wconf 87' lang='lat' dir='ltr'>repono;</span> <span class='ocrx_word' id='word_1_163' title='bbox 1158 1972 1204 2023; x_wconf 92' lang='lat' dir='ltr'>est</span> <span class='ocrx_word' id='word_1_164' title='bbox 1225 1962 1410 2039; x_wconf 93' lang='lat' dir='ltr'>conpositum</span> <span class='ocrx_word' id='word_1_165' title='bbox 1434 1959 1514 2038; x_wconf 88' lang='lat' dir='ltr'>quod</span> <span class='ocrx_word' id='word_1_166' title='bbox 1538 1978 1598 2019; x_wconf 91' lang='lat' dir='ltr'>non</span> <span class='ocrx_word' id='word_1_167' title='bbox 1612 1983 1633 2022; x_wconf 79' lang='lat' dir='ltr'>n</span> 
     </span>
     <span class='ocr_line' id='line_1_18' title="bbox 303 2062 1322 2144; baseline -0.001 -20"><span class='ocrx_word' id='word_1_168' title='bbox 303 2071 402 2143; x_wconf 89' lang='lat' dir='ltr'>potest</span> <span class='ocrx_word' id='word_1_169' title='bbox 422 2064 487 2125; x_wconf 90' lang='lat' dir='ltr'>lieri</span> <span class='ocrx_word' id='word_1_170' title='bbox 510 2062 649 2143; x_wconf 84' lang='lat' dir='ltr'>simplex,</span> <span class='ocrx_word' id='word_1_171' title='bbox 672 2070 705 2124; x_wconf 92' lang='grc'>61</span> <span class='ocrx_word' id='word_1_172' title='bbox 726 2063 868 2143; x_wconf 89' lang='grc'><strong>6666166,</strong></span> <span class='ocrx_word' id='word_1_173' title='bbox 892 2082 980 2125; x_wconf 88' lang='lat' dir='ltr'>nemo</span> <span class='ocrx_word' id='word_1_174' title='bbox 1003 2070 1101 2144; x_wconf 91' lang='lat' dir='ltr'>potest</span> <span class='ocrx_word' id='word_1_175' title='bbox 1123 2064 1224 2126; x_wconf 89' lang='lat' dir='ltr'>dicere</span> <span class='ocrx_word' id='word_1_176' title='bbox 1244 2063 1322 2144; x_wconf 91' lang='lat' dir='ltr'>pleo.</span> 
     </span>
    </p>

    <p class='ocr_par' dir='ltr' id='par_1_6' title="bbox 301 2162 1638 3885">
     <span class='ocr_line' id='line_1_19' title="bbox 386 2162 1600 2246; baseline -0.003 -19"><span class='ocrx_word' id='word_1_177' title='bbox 386 2166 531 2227; x_wconf 76' lang='lat' dir='ltr'>Accidunt</span> <span class='ocrx_word' id='word_1_178' title='bbox 553 2168 642 2227; x_wconf 92' lang='lat' dir='ltr'>etiam</span> <span class='ocrx_word' id='word_1_179' title='bbox 665 2168 797 2235; x_wconf 90' lang='lat' dir='ltr'>numeri,</span> <span class='ocrx_word' id='word_1_180' title='bbox 820 2166 979 2244; x_wconf 83' lang='lat' dir='ltr'>singularis</span> <span class='ocrx_word' id='word_1_181' title='bbox 994 2174 1025 2227; x_wconf 92' lang='lat' dir='ltr'>et</span> <span class='ocrx_word' id='word_1_182' title='bbox 1038 2166 1175 2246; x_wconf 90' lang='lat' dir='ltr'>pluralis:</span> <span class='ocrx_word' id='word_1_183' title='bbox 1199 2166 1359 2245; x_wconf 85' lang='lat' dir='ltr'>singularis</span> <span class='ocrx_word' id='word_1_184' title='bbox 1374 2165 1456 2243; x_wconf 85' lang='lat' dir='ltr'>lego,</span> <span class='ocrx_word' id='word_1_185' title='bbox 1472 2162 1600 2244; x_wconf 91' lang='lat' dir='ltr'>pluralis</span> 
     </span>
     <span class='ocr_line' id='line_1_20' title="bbox 301 2266 1599 2349; baseline -0.001 -22"><span class='ocrx_word' id='word_1_186' title='bbox 301 2266 437 2347; x_wconf 85' lang='lat' dir='ltr'>legimus.</span> <span class='ocrx_word' id='word_1_187' title='bbox 483 2276 704 2349; x_wconf 87' lang='lat' dir='ltr'>temptaverunt</span> <span class='ocrx_word' id='word_1_188' title='bbox 733 2288 792 2330; x_wconf 93' lang='lat' dir='ltr'>non</span> <span class='ocrx_word' id='word_1_189' title='bbox 819 2268 893 2329; x_wconf 92' lang='lat' dir='ltr'>nulli</span> <span class='ocrx_word' id='word_1_190' title='bbox 926 2268 1027 2331; x_wconf 89' lang='lat' dir='ltr'>dicere</span> <span class='ocrx_word' id='word_1_191' title='bbox 1059 2268 1195 2330; x_wconf 91' lang='lat' dir='ltr'>accidere</span> <span class='ocrx_word' id='word_1_192' title='bbox 1228 2269 1318 2330; x_wconf 87' lang='lat' dir='ltr'>verbo</span> <span class='ocrx_word' id='word_1_193' title='bbox 1353 2270 1443 2328; x_wconf 90' lang='lat' dir='ltr'>etiam</span> <span class='ocrx_word' id='word_1_194' title='bbox 1477 2266 1599 2327; x_wconf 84' lang='lat' dir='ltr'>dualem</span> 
     </span>
     <span class='ocr_line' id='line_1_21' title="bbox 302 2367 1599 2452; baseline 0 -23"><span class='ocrx_word' id='word_1_195' title='bbox 302 2367 386 2431; x_wconf 87' lang='lat' dir='ltr'>illurn</span> <span class='ocrx_word' id='word_1_196' title='bbox 409 2388 566 2432; x_wconf 89' lang='lat' dir='ltr'>numerum</span> <span class='ocrx_word' id='word_1_197' title='bbox 590 2390 738 2450; x_wconf 86' lang='lat' dir='ltr'>graecum.</span> <span class='ocrx_word' id='word_1_198' title='bbox 784 2372 907 2441; x_wconf 89' lang='lat' dir='ltr'>Graeci,</span> <span class='ocrx_word' id='word_1_199' title='bbox 936 2372 1054 2452; x_wconf 91' lang='lat' dir='ltr'>quando</span> <span class='ocrx_word' id='word_1_200' title='bbox 1075 2371 1114 2433; x_wconf 92' lang='lat' dir='ltr'>de</span> <span class='ocrx_word' id='word_1_201' title='bbox 1134 2389 1195 2431; x_wconf 92' lang='lat' dir='ltr'>uno</span> <span class='ocrx_word' id='word_1_202' title='bbox 1216 2370 1392 2451; x_wconf 90' lang='lat' dir='ltr'>loquuntur,</span> <span class='ocrx_word' id='word_1_203' title='bbox 1421 2370 1462 2430; x_wconf 84' lang='lat' dir='ltr'>ita</span> <span class='ocrx_word' id='word_1_204' title='bbox 1485 2368 1599 2439; x_wconf 91' lang='lat' dir='ltr'>dicunt,</span> 
     </span>
     <span class='ocr_line' id='line_1_22' title="bbox 303 2472 1635 2554; baseline -0.001 -21"><span class='ocrx_word' id='word_1_205' title='bbox 303 2476 398 2533; x_wconf 79' lang='lat' dir='ltr'>‘unus</span> <span class='ocrx_word' id='word_1_206' title='bbox 420 2473 509 2533; x_wconf 91' lang='lat' dir='ltr'>homo</span> <span class='ocrx_word' id='word_1_207' title='bbox 532 2474 637 2551; x_wconf 81' lang='lat' dir='ltr'>legit’;</span> <span class='ocrx_word' id='word_1_208' title='bbox 663 2472 781 2554; x_wconf 88' lang='lat' dir='ltr'>quando</span> <span class='ocrx_word' id='word_1_209' title='bbox 797 2473 834 2534; x_wconf 89' lang='lat' dir='ltr'>de</span> <span class='ocrx_word' id='word_1_210' title='bbox 856 2472 970 2543; x_wconf 90' lang='lat' dir='ltr'>multis,</span> <span class='ocrx_word' id='word_1_211' title='bbox 993 2476 1034 2534; x_wconf 93' lang='lat' dir='ltr'>ita</span> <span class='ocrx_word' id='word_1_212' title='bbox 1049 2473 1165 2543; x_wconf 86' lang='lat' dir='ltr'>dicunt,</span> <span class='ocrx_word' id='word_1_213' title='bbox 1189 2474 1292 2535; x_wconf 78' lang='lat' dir='ltr'>‘multi</span> <span class='ocrx_word' id='word_1_214' title='bbox 1306 2473 1443 2534; x_wconf 83' lang='lat' dir='ltr'>homines</span> <span class='ocrx_word' id='word_1_215' title='bbox 1457 2472 1597 2551; x_wconf 77' lang='lat' dir='ltr'>legimt’;</span> <span class='ocrx_word' id='word_1_216' title='bbox 1613 2494 1635 2532; x_wconf 80' lang='lat' dir='ltr'>so</span> 
     </span>
     <span class='ocr_line' id='line_1_23' title="bbox 302 2573 1601 2655; baseline 0.001 -20"><span class='ocrx_word' id='word_1_217' title='bbox 302 2574 419 2653; x_wconf 90' lang='lat' dir='ltr'>quando</span> <span class='ocrx_word' id='word_1_218' title='bbox 447 2574 484 2635; x_wconf 88' lang='lat' dir='ltr'>de</span> <span class='ocrx_word' id='word_1_219' title='bbox 512 2574 642 2645; x_wconf 91' lang='lat' dir='ltr'>duobus,</span> <span class='ocrx_word' id='word_1_220' title='bbox 673 2594 729 2636; x_wconf 92' lang='lat' dir='ltr'>nec</span> <span class='ocrx_word' id='word_1_221' title='bbox 757 2573 828 2654; x_wconf 82' lang='lat' dir='ltr'>legit</span> <span class='ocrx_word' id='word_1_222' title='bbox 855 2575 958 2637; x_wconf 93' lang='lat' dir='ltr'>dicunt</span> <span class='ocrx_word' id='word_1_223' title='bbox 984 2594 1041 2636; x_wconf 91' lang='lat' dir='ltr'>nec</span> <span class='ocrx_word' id='word_1_224' title='bbox 1067 2574 1183 2655; x_wconf 81' lang='lat' dir='ltr'>legunt,</span> <span class='ocrx_word' id='word_1_225' title='bbox 1212 2576 1265 2637; x_wconf 90' lang='lat' dir='ltr'>sed</span> <span class='ocrx_word' id='word_1_226' title='bbox 1287 2575 1398 2655; x_wconf 78' lang='lat' dir='ltr'>legere.</span> <span class='ocrx_word' id='word_1_227' title='bbox 1441 2577 1601 2655; x_wconf 86' lang='lat' dir='ltr'>quaeritur</span> 
     </span>
     <span class='ocr_line' id='line_1_24' title="bbox 303 2676 1600 2759; baseline 0.002 -20"><span class='ocrx_word' id='word_1_228' title='bbox 303 2684 402 2739; x_wconf 88' lang='lat' dir='ltr'>utrum</span> <span class='ocrx_word' id='word_1_229' title='bbox 425 2676 474 2738; x_wconf 93' lang='lat' dir='ltr'>bic</span> <span class='ocrx_word' id='word_1_230' title='bbox 496 2696 638 2739; x_wconf 89' lang='lat' dir='ltr'>numerus</span> <span class='ocrx_word' id='word_1_231' title='bbox 660 2679 754 2759; x_wconf 89' lang='lat' dir='ltr'>possit</span> <span class='ocrx_word' id='word_1_232' title='bbox 776 2678 891 2740; x_wconf 87' lang='lat' dir='ltr'>admitti</span> <span class='ocrx_word' id='word_1_233' title='bbox 913 2678 950 2739; x_wconf 92' lang='lat' dir='ltr'>ad</span> <span class='ocrx_word' id='word_1_234' title='bbox 972 2676 1155 2740; x_wconf 89' lang='lat' dir='ltr'>latinitatem.</span> <span class='ocrx_word' id='word_1_235' title='bbox 1186 2681 1228 2740; x_wconf 90' lang='lat' dir='ltr'>ait</span> <span class='ocrx_word' id='word_1_236' title='bbox 1242 2678 1373 2739; x_wconf 84' lang='lat' dir='ltr'>Donatus</span> <span class='ocrx_word' id='word_1_237' title='bbox 1395 2684 1474 2739; x_wconf 86' lang='lat' dir='ltr'>‘non</span> <span class='ocrx_word' id='word_1_238' title='bbox 1489 2686 1600 2759; x_wconf 85' lang='lat' dir='ltr'>potest,</span> 
     </span>
     <span class='ocr_line' id='line_1_25' title="bbox 302 2780 1600 2861; baseline 0.002 -21"><span class='ocrx_word' id='word_1_239' title='bbox 302 2797 396 2859; x_wconf 84' lang='lat' dir='ltr'>genus</span> <span class='ocrx_word' id='word_1_240' title='bbox 419 2786 462 2840; x_wconf 91' lang='lat' dir='ltr'>est</span> <span class='ocrx_word' id='word_1_241' title='bbox 484 2782 622 2858; x_wconf 66' lang='lat' dir='ltr'>limnae’.</span> <span class='ocrx_word' id='word_1_242' title='bbox 662 2788 692 2840; x_wconf 87' lang='lat' dir='ltr'>et</span> <span class='ocrx_word' id='word_1_243' title='bbox 712 2799 746 2841; x_wconf 89' lang='lat' dir='ltr'>re</span> <span class='ocrx_word' id='word_1_244' title='bbox 768 2799 853 2850; x_wconf 89' lang='lat' dir='ltr'>vera,</span> <span class='ocrx_word' id='word_1_245' title='bbox 878 2780 997 2859; x_wconf 89' lang='lat' dir='ltr'>quando</span> <span class='ocrx_word' id='word_1_246' title='bbox 1019 2790 1145 2861; x_wconf 87' lang='lat' dir='ltr'>possunt</span> <span class='ocrx_word' id='word_1_247' title='bbox 1166 2780 1266 2843; x_wconf 88' lang='lat' dir='ltr'>dicere</span> <span class='ocrx_word' id='word_1_248' title='bbox 1288 2780 1326 2842; x_wconf 92' lang='lat' dir='ltr'>de</span> <span class='ocrx_word' id='word_1_249' title='bbox 1349 2782 1522 2861; x_wconf 85' lang='lat' dir='ltr'>quingentis</span> <span class='ocrx_word' id='word_1_250' title='bbox 1546 2782 1600 2842; x_wconf 90' lang='lat' dir='ltr'>bo·</span> 
     </span>
     <span class='ocr_line' id='line_1_26' title="bbox 303 2881 1603 2965; baseline 0.001 -23"><span class='ocrx_word' id='word_1_251' title='bbox 303 2881 431 2943; x_wconf 89' lang='lat' dir='ltr'>minibus</span> <span class='ocrx_word' id='word_1_252' title='bbox 454 2883 563 2960; x_wconf 81' lang='lat' dir='ltr'>legere.</span> <span class='ocrx_word' id='word_1_253' title='bbox 602 2892 744 2963; x_wconf 86' lang='lat' dir='ltr'>quantum</span> <span class='ocrx_word' id='word_1_254' title='bbox 767 2882 803 2943; x_wconf 96' lang='lat' dir='ltr'>ad</span> <span class='ocrx_word' id='word_1_255' title='bbox 825 2900 962 2961; x_wconf 85' lang='lat' dir='ltr'>graecam</span> <span class='ocrx_word' id='word_1_256' title='bbox 985 2885 1132 2944; x_wconf 88' lang='lat' dir='ltr'>rationem</span> <span class='ocrx_word' id='word_1_257' title='bbox 1154 2886 1297 2965; x_wconf 87' lang='lat' dir='ltr'>pertinet,</span> <span class='ocrx_word' id='word_1_258' title='bbox 1320 2902 1380 2945; x_wconf 91' lang='lat' dir='ltr'>non</span> <span class='ocrx_word' id='word_1_259' title='bbox 1404 2882 1409 2965; x_wconf 85' lang='grc' dir='ltr'>Ι</span> <span class='ocrx_word' id='word_1_260' title='bbox 1431 2892 1520 2963; x_wconf 88' lang='lat' dir='ltr'>potes</span> <span class='ocrx_word' id='word_1_261' title='bbox 1544 2884 1603 2945; x_wconf 90' lang='lat' dir='ltr'>boc</span> 
     </span>
     <span class='ocr_line' id='line_1_27' title="bbox 303 2983 1637 3065; baseline 0.003 -22"><span class='ocrx_word' id='word_1_262' title='bbox 303 2984 416 3055; x_wconf 91' lang='lat' dir='ltr'>dicere,</span> <span class='ocrx_word' id='word_1_263' title='bbox 441 2984 478 3043; x_wconf 93' lang='lat' dir='ltr'>de</span> <span class='ocrx_word' id='word_1_264' title='bbox 501 2983 617 3045; x_wconf 93' lang='lat' dir='ltr'>duobus</span> <span class='ocrx_word' id='word_1_265' title='bbox 639 2991 736 3045; x_wconf 90' lang='lat' dir='ltr'>autem</span> <span class='ocrx_word' id='word_1_266' title='bbox 760 2994 845 3065; x_wconf 89' lang='lat' dir='ltr'>potes</span> <span class='ocrx_word' id='word_1_267' title='bbox 866 2986 975 3046; x_wconf 90' lang='lat' dir='ltr'>dicere.</span> <span class='ocrx_word' id='word_1_268' title='bbox 1020 2986 1121 3063; x_wconf 80' lang='lat' dir='ltr'>legere</span> <span class='ocrx_word' id='word_1_269' title='bbox 1144 2995 1242 3048; x_wconf 92' lang='lat' dir='ltr'>autem</span> <span class='ocrx_word' id='word_1_270' title='bbox 1265 2986 1384 3064; x_wconf 88' lang='lat' dir='ltr'>quando</span> <span class='ocrx_word' id='word_1_271' title='bbox 1406 2986 1483 3056; x_wconf 93' lang='lat' dir='ltr'>dico,</span> <span class='ocrx_word' id='word_1_272' title='bbox 1508 2994 1543 3047; x_wconf 91' lang='lat' dir='ltr'>et</span> <span class='ocrx_word' id='word_1_273' title='bbox 1566 2986 1637 3047; x_wconf 77' lang='lat' dir='ltr'>dees</span> 
     </span>
     <span class='ocr_line' id='line_1_28' title="bbox 303 3086 1603 3168; baseline 0.002 -22"><span class='ocrx_word' id='word_1_274' title='bbox 303 3086 416 3147; x_wconf 83' lang='lat' dir='ltr'>duobus</span> <span class='ocrx_word' id='word_1_275' title='bbox 446 3094 531 3166; x_wconf 89' lang='lat' dir='ltr'>potes</span> <span class='ocrx_word' id='word_1_276' title='bbox 559 3086 659 3147; x_wconf 89' lang='lat' dir='ltr'>dicere</span> <span class='ocrx_word' id='word_1_277' title='bbox 688 3096 717 3149; x_wconf 91' lang='lat' dir='ltr'>et</span> <span class='ocrx_word' id='word_1_278' title='bbox 743 3087 781 3148; x_wconf 91' lang='lat' dir='ltr'>de</span> <span class='ocrx_word' id='word_1_279' title='bbox 808 3088 917 3149; x_wconf 89' lang='lat' dir='ltr'>multis.</span> <span class='ocrx_word' id='word_1_280' title='bbox 961 3096 991 3148; x_wconf 88' lang='grc'>61</span> <span class='ocrx_word' id='word_1_281' title='bbox 1023 3088 1094 3168; x_wconf 87' lang='lat' dir='ltr'>quid</span> <span class='ocrx_word' id='word_1_282' title='bbox 1116 3097 1161 3149; x_wconf 90' lang='lat' dir='ltr'>est</span> <span class='ocrx_word' id='word_1_283' title='bbox 1182 3088 1301 3167; x_wconf 82' lang='lat' dir='ltr'>legere?</span> <span class='ocrx_word' id='word_1_284' title='bbox 1325 3088 1396 3149; x_wconf 90' lang='lat' dir='ltr'>nibil</span> <span class='ocrx_word' id='word_1_285' title='bbox 1418 3087 1519 3160; x_wconf 91' lang='lat' dir='ltr'>aliud,</span> <span class='ocrx_word' id='word_1_286' title='bbox 1545 3091 1603 3151; x_wconf 89' lang='lat' dir='ltr'>nisi</span> 
     </span>
     <span class='ocr_line' id='line_1_29' title="bbox 303 3186 1602 3271; baseline 0.004 -24"><span class='ocrx_word' id='word_1_287' title='bbox 303 3187 381 3268; x_wconf 82' lang='lat' dir='ltr'>quod</span> <span class='ocrx_word' id='word_1_288' title='bbox 406 3186 607 3266; x_wconf 78' lang='lat' dir='ltr'>ellegerunt,</span> <span class='ocrx_word' id='word_1_289' title='bbox 632 3191 699 3266; x_wconf 89' lang='lat' dir='ltr'>quia</span> <span class='ocrx_word' id='word_1_290' title='bbox 723 3190 779 3250; x_wconf 90' lang='lat' dir='ltr'>boc</span> <span class='ocrx_word' id='word_1_291' title='bbox 803 3191 949 3268; x_wconf 82' lang='lat' dir='ltr'>significat</span> <span class='ocrx_word' id='word_1_292' title='bbox 970 3189 1071 3269; x_wconf 83' lang='lat' dir='ltr'>legere</span> <span class='ocrx_word' id='word_1_293' title='bbox 1094 3190 1172 3271; x_wconf 87' lang='lat' dir='ltr'>quod</span> <span class='ocrx_word' id='word_1_294' title='bbox 1195 3190 1341 3269; x_wconf 83' lang='lat' dir='ltr'>legerunt.</span> <span class='ocrx_word' id='word_1_295' title='bbox 1386 3210 1480 3271; x_wconf 90' lang='lat' dir='ltr'>quare</span> <span class='ocrx_word' id='word_1_296' title='bbox 1502 3190 1602 3253; x_wconf 87' lang='lat' dir='ltr'>malu-</span> 
     </span>
     <span class='ocr_line' id='line_1_30' title="bbox 304 3291 1602 3372; baseline 0.004 -22"><span class='ocrx_word' id='word_1_297' title='bbox 304 3298 392 3350; x_wconf 85' lang='lat' dir='ltr'>erunt</span> <span class='ocrx_word' id='word_1_298' title='bbox 413 3292 541 3351; x_wconf 87' lang='lat' dir='ltr'>maiores</span> <span class='ocrx_word' id='word_1_299' title='bbox 564 3294 658 3352; x_wconf 91' lang='lat' dir='ltr'>nostri</span> <span class='ocrx_word' id='word_1_300' title='bbox 680 3291 828 3372; x_wconf 91' lang='lat' dir='ltr'>duplicem</span> <span class='ocrx_word' id='word_1_301' title='bbox 853 3292 986 3371; x_wconf 86' lang='lat' dir='ltr'>regulam</span> <span class='ocrx_word' id='word_1_302' title='bbox 1009 3292 1099 3354; x_wconf 77' lang='lat' dir='ltr'>dare?</span> <span class='ocrx_word' id='word_1_303' title='bbox 1121 3300 1286 3354; x_wconf 88' lang='lat' dir='ltr'>metrorum</span> <span class='ocrx_word' id='word_1_304' title='bbox 1308 3312 1408 3355; x_wconf 89' lang='lat' dir='ltr'>causa.</span> <span class='ocrx_word' id='word_1_305' title='bbox 1451 3296 1498 3355; x_wconf 87' lang='lat' dir='ltr'>vis</span> <span class='ocrx_word' id='word_1_306' title='bbox 1521 3297 1602 3355; x_wconf 90' lang='lat' dir='ltr'>scire</span> 
     </span>
     <span class='ocr_line' id='line_1_31' title="bbox 303 3392 1603 3476; baseline 0.005 -25"><span class='ocrx_word' id='word_1_307' title='bbox 303 3392 440 3471; x_wconf 88' lang='lat' dir='ltr'>quoniam</span> <span class='ocrx_word' id='word_1_308' title='bbox 470 3400 594 3471; x_wconf 89' lang='lat' dir='ltr'>propter</span> <span class='ocrx_word' id='word_1_309' title='bbox 621 3402 715 3455; x_wconf 90' lang='lat' dir='ltr'>metra</span> <span class='ocrx_word' id='word_1_310' title='bbox 742 3394 800 3455; x_wconf 91' lang='lat' dir='ltr'>boc</span> <span class='ocrx_word' id='word_1_311' title='bbox 827 3395 981 3457; x_wconf 76' lang='lat' dir='ltr'>lecerunt?</span> <span class='ocrx_word' id='word_1_312' title='bbox 1016 3395 1091 3456; x_wconf 89' lang='grc'><strong>16616</strong></span> <span class='ocrx_word' id='word_1_313' title='bbox 1114 3413 1250 3465; x_wconf 88' lang='lat' dir='ltr'>versum,</span> <span class='ocrx_word' id='word_1_314' title='bbox 1274 3414 1327 3474; x_wconf 92' lang='grc'>666</span> <span class='ocrx_word' id='word_1_315' title='bbox 1350 3394 1430 3457; x_wconf 88' lang='lat' dir='ltr'>illam</span> <span class='ocrx_word' id='word_1_316' title='bbox 1452 3395 1603 3476; x_wconf 79' lang='lat' dir='ltr'>syllabam</span> 
     </span>
     <span class='ocr_line' id='line_1_32' title="bbox 303 3494 1638 3577; baseline 0 -22"><span class='ocrx_word' id='word_1_317' title='bbox 303 3502 373 3563; x_wconf 88' lang='lat' dir='ltr'>stat,</span> <span class='ocrx_word' id='word_1_318' title='bbox 398 3501 427 3554; x_wconf 91' lang='lat' dir='ltr'>et</span> <span class='ocrx_word' id='word_1_319' title='bbox 448 3513 503 3573; x_wconf 91' lang='lat' dir='ltr'>per</span> <span class='ocrx_word' id='word_1_320' title='bbox 524 3494 605 3555; x_wconf 94' lang='lat' dir='ltr'>illam</span> <span class='ocrx_word' id='word_1_321' title='bbox 628 3515 689 3557; x_wconf 94' lang='lat' dir='ltr'>non</span> <span class='ocrx_word' id='word_1_322' title='bbox 712 3504 778 3559; x_wconf 86' lang='lat' dir='ltr'>stat.</span> <span class='ocrx_word' id='word_1_323' title='bbox 808 3504 880 3577; x_wconf 91' lang='grc'><strong>6616</strong></span> <span class='ocrx_word' id='word_1_324' title='bbox 902 3497 1210 3576; x_wconf 73' lang='lat' dir='ltr'>‘legererudentes’z</span> <span class='ocrx_word' id='word_1_325' title='bbox 1233 3498 1334 3575; x_wconf 84' lang='lat' dir='ltr'>legere</span> <span class='ocrx_word' id='word_1_326' title='bbox 1355 3497 1500 3560; x_wconf 82' lang='lat' dir='ltr'>rudentes</span> <span class='ocrx_word' id='word_1_327' title='bbox 1524 3508 1600 3567; x_wconf 85' lang='lat' dir='ltr'>stat;</span> <span class='ocrx_word' id='word_1_328' title='bbox 1615 3518 1638 3555; x_wconf 78' lang='grc'>6</span> 
     </span>
     <span class='ocr_line' id='line_1_33' title="bbox 303 3594 1600 3681; baseline 0.004 -25"><span class='ocrx_word' id='word_1_329' title='bbox 303 3597 442 3675; x_wconf 84' lang='lat' dir='ltr'>legerunt</span> <span class='ocrx_word' id='word_1_330' title='bbox 462 3594 620 3669; x_wconf 87' lang='lat' dir='ltr'>rudentes,</span> <span class='ocrx_word' id='word_1_331' title='bbox 649 3616 710 3658; x_wconf 92' lang='lat' dir='ltr'>non</span> <span class='ocrx_word' id='word_1_332' title='bbox 737 3606 929 3662; x_wconf 82' lang='grc'><strong>6161666666.</strong></span> <span class='ocrx_word' id='word_1_333' title='bbox 975 3618 1047 3678; x_wconf 87' lang='lat' dir='ltr'>ergo</span> <span class='ocrx_word' id='word_1_334' title='bbox 1069 3601 1209 3681; x_wconf 92' lang='lat' dir='ltr'>quoniam</span> <span class='ocrx_word' id='word_1_335' title='bbox 1232 3608 1301 3661; x_wconf 90' lang='lat' dir='ltr'>suat</span> <span class='ocrx_word' id='word_1_336' title='bbox 1324 3599 1436 3680; x_wconf 89' lang='lat' dir='ltr'>aliqua,</span> <span class='ocrx_word' id='word_1_337' title='bbox 1459 3600 1513 3661; x_wconf 90' lang='lat' dir='ltr'>ubi</span> <span class='ocrx_word' id='word_1_338' title='bbox 1539 3602 1600 3663; x_wconf 89' lang='lat' dir='ltr'>exi·</span> 
     </span>
     <span class='ocr_line' id='line_1_34' title="bbox 303 3698 1604 3783; baseline 0.003 -24"><span class='ocrx_word' id='word_1_339' title='bbox 303 3706 390 3777; x_wconf 85' lang='lat' dir='ltr'>gatur</span> <span class='ocrx_word' id='word_1_340' title='bbox 412 3698 510 3760; x_wconf 69' lang='lat' dir='ltr'>breuis</span> <span class='ocrx_word' id='word_1_341' title='bbox 531 3698 655 3779; x_wconf 77' lang='lat' dir='ltr'>syllaba,</span> <span class='ocrx_word' id='word_1_342' title='bbox 684 3700 794 3782; x_wconf 86' lang='lat' dir='ltr'>aliqua,</span> <span class='ocrx_word' id='word_1_343' title='bbox 825 3702 878 3764; x_wconf 92' lang='lat' dir='ltr'>ubi</span> <span class='ocrx_word' id='word_1_344' title='bbox 906 3702 1009 3781; x_wconf 84' lang='lat' dir='ltr'>longa,</span> <span class='ocrx_word' id='word_1_345' title='bbox 1037 3703 1105 3764; x_wconf 91' lang='lat' dir='ltr'>ideo</span> <span class='ocrx_word' id='word_1_346' title='bbox 1127 3701 1273 3782; x_wconf 90' lang='lat' dir='ltr'>duplicem</span> <span class='ocrx_word' id='word_1_347' title='bbox 1296 3704 1429 3783; x_wconf 89' lang='lat' dir='ltr'>regulam</span> <span class='ocrx_word' id='word_1_348' title='bbox 1451 3703 1604 3765; x_wconf 91' lang='lat' dir='ltr'>lecerunt.</span> 
     </span>
     <span class='ocr_line' id='line_1_35' title="bbox 304 3802 1582 3885; baseline 0.003 -22"><span class='ocrx_word' id='word_1_349' title='bbox 304 3809 403 3863; x_wconf 89' lang='lat' dir='ltr'>tamen</span> <span class='ocrx_word' id='word_1_350' title='bbox 426 3811 568 3881; x_wconf 83' lang='lat' dir='ltr'>quantum</span> <span class='ocrx_word' id='word_1_351' title='bbox 591 3802 628 3863; x_wconf 93' lang='lat' dir='ltr'>ad</span> <span class='ocrx_word' id='word_1_352' title='bbox 650 3822 768 3865; x_wconf 89' lang='lat' dir='ltr'>sensum</span> <span class='ocrx_word' id='word_1_353' title='bbox 791 3807 935 3885; x_wconf 88' lang='lat' dir='ltr'>pertinet,</span> <span class='ocrx_word' id='word_1_354' title='bbox 958 3804 1016 3866; x_wconf 95' lang='lat' dir='ltr'>boc</span> <span class='ocrx_word' id='word_1_355' title='bbox 1037 3806 1183 3884; x_wconf 80' lang='lat' dir='ltr'>significat</span> <span class='ocrx_word' id='word_1_356' title='bbox 1205 3804 1342 3884; x_wconf 82' lang='lat' dir='ltr'>legerunt</span> <span class='ocrx_word' id='word_1_357' title='bbox 1363 3805 1442 3883; x_wconf 89' lang='lat' dir='ltr'>quod</span> <span class='ocrx_word' id='word_1_358' title='bbox 1464 3805 1582 3885; x_wconf 80' lang='lat' dir='ltr'>legere.</span> 
     </span>
    </p>

    <p class='ocr_par' dir='ltr' id='par_1_7' title="bbox 303 3903 1640 4085">
     <span class='ocr_line' id='line_1_36' title="bbox 387 3903 1602 3998; baseline 0.004 -34"><span class='ocrx_word' id='word_1_359' title='bbox 387 3903 532 3998; x_wconf 76' lang='lat' dir='ltr'>Accidunt</span> <span class='ocrx_word' id='word_1_360' title='bbox 554 3906 681 3983; x_wconf 86' lang='lat' dir='ltr'>figurae,</span> <span class='ocrx_word' id='word_1_361' title='bbox 706 3906 831 3986; x_wconf 89' lang='lat' dir='ltr'>simplex</span> <span class='ocrx_word' id='word_1_362' title='bbox 856 3914 884 3967; x_wconf 91' lang='grc'>61</span> <span class='ocrx_word' id='word_1_363' title='bbox 906 3910 1074 3988; x_wconf 87' lang='grc'><strong>666666116;</strong></span> <span class='ocrx_word' id='word_1_364' title='bbox 1097 3907 1222 3988; x_wconf 87' lang='lat' dir='ltr'>simplex</span> <span class='ocrx_word' id='word_1_365' title='bbox 1245 3917 1302 3978; x_wconf 90' lang='lat' dir='ltr'>cst,</span> <span class='ocrx_word' id='word_1_366' title='bbox 1326 3917 1359 3969; x_wconf 92' lang='grc'>61</span> <span class='ocrx_word' id='word_1_367' title='bbox 1381 3908 1461 3986; x_wconf 82' lang='lat' dir='ltr'>lego,</span> <span class='ocrx_word' id='word_1_368' title='bbox 1486 3926 1602 3989; x_wconf 92' lang='lat' dir='ltr'>conpo-</span> 
     </span>
     <span class='ocr_line' id='line_1_37' title="bbox 303 4006 1640 4085; baseline 0.001 -18"><span class='ocrx_word' id='word_1_369' title='bbox 303 4009 373 4077; x_wconf 91' lang='lat' dir='ltr'>sita,</span> <span class='ocrx_word' id='word_1_370' title='bbox 398 4014 431 4068; x_wconf 93' lang='lat' dir='ltr'>ut</span> <span class='ocrx_word' id='word_1_371' title='bbox 452 4006 586 4085; x_wconf 82' lang='lat' dir='ltr'>neglego.</span> <span class='ocrx_word' id='word_1_372' title='bbox 1616 4030 1640 4068; x_wconf 77' lang='grc'>6</span> 
     </span>
    </p>

    <p class='ocr_par' dir='ltr' id='par_1_8' title="bbox 186 4108 1604 4399">
     <span class='ocr_line' id='line_1_38' title="bbox 186 4108 1604 4193; baseline 0.002 -22"><span class='ocrx_word' id='word_1_373' title='bbox 186 4123 244 4183; x_wconf 80' lang='grc'><strong>601,</strong></span> <span class='ocrx_word' id='word_1_374' title='bbox 259 4122 290 4171; x_wconf 83' lang='grc'>37</span> <span class='ocrx_word' id='word_1_375' title='bbox 387 4108 532 4171; x_wconf 80' lang='lat' dir='ltr'>decidunt</span> <span class='ocrx_word' id='word_1_376' title='bbox 561 4111 648 4172; x_wconf 90' lang='lat' dir='ltr'>etiam</span> <span class='ocrx_word' id='word_1_377' title='bbox 677 4119 821 4192; x_wconf 90' lang='lat' dir='ltr'>tempora.</span> <span class='ocrx_word' id='word_1_378' title='bbox 866 4120 1000 4192; x_wconf 89' lang='lat' dir='ltr'>tempora</span> <span class='ocrx_word' id='word_1_379' title='bbox 1030 4121 1098 4173; x_wconf 88' lang='grc'><strong>6661</strong></span> <span class='ocrx_word' id='word_1_380' title='bbox 1132 4110 1315 4191; x_wconf 79' lang='grc'><strong>661166611166</strong></span> <span class='ocrx_word' id='word_1_381' title='bbox 1347 4115 1419 4183; x_wconf 85' lang='grc'><strong>1616,</strong></span> <span class='ocrx_word' id='word_1_382' title='bbox 1455 4132 1604 4193; x_wconf 83' lang='grc'><strong>66666666</strong></span> 
     </span>
     <span class='ocr_line' id='line_1_39' title="bbox 305 4212 1603 4297; baseline 0.005 -26"><span class='ocrx_word' id='word_1_383' title='bbox 305 4213 495 4291; x_wconf 88' lang='lat' dir='ltr'>praeteritum</span> <span class='ocrx_word' id='word_1_384' title='bbox 518 4220 548 4273; x_wconf 91' lang='lat' dir='ltr'>et</span> <span class='ocrx_word' id='word_1_385' title='bbox 570 4213 711 4273; x_wconf 82' lang='lat' dir='ltr'>futurum.</span> <span class='ocrx_word' id='word_1_386' title='bbox 756 4212 808 4273; x_wconf 91' lang='lat' dir='ltr'>scd</span> <span class='ocrx_word' id='word_1_387' title='bbox 831 4213 903 4274; x_wconf 94' lang='lat' dir='ltr'>illud</span> <span class='ocrx_word' id='word_1_388' title='bbox 931 4217 1126 4293; x_wconf 89' lang='lat' dir='ltr'>praeteritum</span> <span class='ocrx_word' id='word_1_389' title='bbox 1148 4215 1272 4276; x_wconf 77' lang='lat' dir='ltr'>solvitur</span> <span class='ocrx_word' id='word_1_390' title='bbox 1293 4217 1325 4275; x_wconf 90' lang='lat' dir='ltr'>ln</span> <span class='ocrx_word' id='word_1_391' title='bbox 1348 4217 1417 4287; x_wconf 91' lang='lat' dir='ltr'>tria,</span> <span class='ocrx_word' id='word_1_392' title='bbox 1441 4217 1475 4275; x_wconf 91' lang='lat' dir='ltr'>ln</span> <span class='ocrx_word' id='word_1_393' title='bbox 1497 4218 1603 4297; x_wconf 90' lang='lat' dir='ltr'>inper-</span> 
     </span>
     <span class='ocr_line' id='line_1_40' title="bbox 304 4314 1602 4399; baseline 0.005 -27"><span class='ocrx_word' id='word_1_394' title='bbox 304 4314 428 4383; x_wconf 90' lang='lat' dir='ltr'>lectum,</span> <span class='ocrx_word' id='word_1_395' title='bbox 452 4316 482 4373; x_wconf 94' lang='lat' dir='ltr'>in</span> <span class='ocrx_word' id='word_1_396' title='bbox 505 4314 672 4393; x_wconf 90' lang='lat' dir='ltr'>perlectum</span> <span class='ocrx_word' id='word_1_397' title='bbox 696 4324 724 4375; x_wconf 91' lang='lat' dir='ltr'>et</span> <span class='ocrx_word' id='word_1_398' title='bbox 745 4314 1076 4397; x_wconf 81' lang='lat' dir='ltr'>plusquamperfectum.</span> <span class='ocrx_word' id='word_1_399' title='bbox 1109 4335 1179 4395; x_wconf 84' lang='lat' dir='ltr'>crgo</span> <span class='ocrx_word' id='word_1_400' title='bbox 1196 4320 1325 4398; x_wconf 90' lang='lat' dir='ltr'>quinque</span> <span class='ocrx_word' id='word_1_401' title='bbox 1342 4326 1430 4379; x_wconf 87' lang='lat' dir='ltr'>erunt</span> <span class='ocrx_word' id='word_1_402' title='bbox 1445 4319 1602 4399; x_wconf 87' lang='lat' dir='ltr'>tempora:</span> 
     </span>
    </p>
   </div>
   <div class='ocr_carea' id='block_1_4' title="bbox 305 4554 1605 4833">
    <p class='ocr_par' dir='ltr' id='par_1_9' title="bbox 305 4554 1605 4833">
     <span class='ocr_line' id='line_1_41' title="bbox 375 4554 1605 4615; baseline 0.005 -12"><span class='ocrx_word' id='word_1_403' title='bbox 375 4555 438 4603; x_wconf 86' lang='lat' dir='ltr'>let</span> <span class='ocrx_word' id='word_1_404' title='bbox 456 4554 518 4615; x_wconf 87' lang='lat' dir='ltr'>quid</span> <span class='ocrx_word' id='word_1_405' title='bbox 538 4554 628 4603; x_wconf 88' lang='lat' dir='ltr'>adulor</span> <span class='ocrx_word' id='word_1_406' title='bbox 645 4554 670 4605; x_wconf 87' lang='lat' dir='ltr'><em>B</em></span> <span class='ocrx_word' id='word_1_407' title='bbox 740 4556 947 4605; x_wconf 80' lang='lat' dir='ltr'>2occusativum</span> <span class='ocrx_word' id='word_1_408' title='bbox 965 4555 1006 4605; x_wconf 81' lang='lat' dir='ltr'>lac</span> <span class='ocrx_word' id='word_1_409' title='bbox 1023 4582 1057 4592; x_wconf 92' lang='lat'><em>-</em></span> <span class='ocrx_word' id='word_1_410' title='bbox 1076 4556 1236 4607; x_wconf 85' lang='lat' dir='ltr'>introducere</span> <span class='ocrx_word' id='word_1_411' title='bbox 1257 4572 1303 4605; x_wconf 88' lang='lat' dir='ltr'>om.</span> <span class='ocrx_word' id='word_1_412' title='bbox 1320 4556 1405 4607; x_wconf 82' lang='lat' dir='ltr'>ABG</span> <span class='ocrx_word' id='word_1_413' title='bbox 1474 4559 1605 4609; x_wconf 79' lang='lat' dir='ltr'>bcecero</span> 
     </span>
     <span class='ocr_line' id='line_1_42' title="bbox 307 4623 1605 4692; baseline 0.008 -23"><span class='ocrx_word' id='word_1_414' title='bbox 307 4623 329 4669; x_wconf 80' lang='grc' dir='ltr'><em>Α</em></span> <span class='ocrx_word' id='word_1_415' title='bbox 416 4624 576 4687; x_wconf 85' lang='lat' dir='ltr'>pissoninuae</span> <span class='ocrx_word' id='word_1_416' title='bbox 592 4623 632 4674; x_wconf 92' lang='lat' dir='ltr'>B:</span> <span class='ocrx_word' id='word_1_417' title='bbox 658 4626 710 4677; x_wconf 80' lang='lat' dir='ltr'>Cic.</span> <span class='ocrx_word' id='word_1_418' title='bbox 729 4626 754 4673; x_wconf 84' lang='grc'>16</span> <span class='ocrx_word' id='word_1_419' title='bbox 767 4626 822 4675; x_wconf 81' lang='lat' dir='ltr'>Pa.</span> <span class='ocrx_word' id='word_1_420' title='bbox 840 4627 883 4688; x_wconf 78' lang='lat'>41,</span> <span class='ocrx_word' id='word_1_421' title='bbox 901 4624 936 4675; x_wconf 82' lang='lat' dir='ltr'>uu</span> <span class='ocrx_word' id='word_1_422' title='bbox 1021 4628 1187 4691; x_wconf 81' lang='grc'><strong>8666616666</strong></span> <span class='ocrx_word' id='word_1_423' title='bbox 1207 4628 1234 4676; x_wconf 87' lang='lat' dir='ltr'>id</span> <span class='ocrx_word' id='word_1_424' title='bbox 1252 4625 1299 4690; x_wconf 87' lang='lat' dir='ltr'>(ad</span> <span class='ocrx_word' id='word_1_425' title='bbox 1317 4627 1421 4677; x_wconf 85' lang='lat' dir='ltr'>Gcorr.</span> <span class='ocrx_word' id='word_1_426' title='bbox 1440 4629 1468 4679; x_wconf 91' lang='lat' dir='ltr'>id</span> <span class='ocrx_word' id='word_1_427' title='bbox 1487 4628 1516 4692; x_wconf 88' lang='lat' dir='ltr'>c)</span> <span class='ocrx_word' id='word_1_428' title='bbox 1536 4632 1605 4679; x_wconf 82' lang='lat' dir='ltr'>scire</span> 
     </span>
     <span class='ocr_line' id='line_1_43' title="bbox 305 4678 1605 4767; baseline 0.008 -28"><span class='ocrx_word' id='word_1_429' title='bbox 305 4690 389 4742; x_wconf 79' lang='lat' dir='ltr'>Ano</span> <span class='ocrx_word' id='word_1_430' title='bbox 450 4678 1044 4761; x_wconf 71' lang='grc' dir='ltr'><strong>2466666166666111166666616611616Α</strong></span> <span class='ocrx_word' id='word_1_431' title='bbox 1107 4697 1399 4767; x_wconf 81' lang='grc' dir='ltr'><strong>25661661661661Αο</strong></span> <span class='ocrx_word' id='word_1_432' title='bbox 1461 4699 1605 4764; x_wconf 78' lang='grc'><strong>26661661</strong></span> 
     </span>
     <span class='ocr_line' id='line_1_44' title="bbox 306 4760 1605 4833; baseline 0.007 -22"><span class='ocrx_word' id='word_1_433' title='bbox 306 4760 388 4811; x_wconf 75' lang='lat' dir='ltr'>ABG</span> <span class='ocrx_word' id='word_1_434' title='bbox 435 4764 484 4811; x_wconf 88' lang='lat' dir='ltr'>nisi</span> <span class='ocrx_word' id='word_1_435' title='bbox 504 4764 571 4827; x_wconf 87' lang='lat' dir='ltr'>quod</span> <span class='ocrx_word' id='word_1_436' title='bbox 590 4774 614 4813; x_wconf 86' lang='grc'>61</span> <span class='ocrx_word' id='word_1_437' title='bbox 629 4766 703 4815; x_wconf 81' lang='lat' dir='ltr'>Bca</span> <span class='ocrx_word' id='word_1_438' title='bbox 719 4766 768 4815; x_wconf 91' lang='lat' dir='ltr'>nisi</span> <span class='ocrx_word' id='word_1_439' title='bbox 787 4774 810 4813; x_wconf 91' lang='grc'>61</span> <span class='ocrx_word' id='word_1_440' title='bbox 829 4766 854 4813; x_wconf 89' lang='grc' dir='ltr'><em>Α</em></span> <span class='ocrx_word' id='word_1_441' title='bbox 913 4766 945 4814; x_wconf 79' lang='lat'>27</span> <span class='ocrx_word' id='word_1_442' title='bbox 960 4767 1046 4831; x_wconf 77' lang='lat' dir='ltr'>legere</span> <span class='ocrx_word' id='word_1_443' title='bbox 1066 4768 1189 4830; x_wconf 78' lang='lat' dir='ltr'>quoderat</span> <span class='ocrx_word' id='word_1_444' title='bbox 1207 4768 1323 4833; x_wconf 74' lang='lat' dir='ltr'>legerunt</span> <span class='ocrx_word' id='word_1_445' title='bbox 1339 4766 1364 4815; x_wconf 80' lang='lat' dir='ltr'><em>A</em></span> <span class='ocrx_word' id='word_1_446' title='bbox 1382 4768 1470 4833; x_wconf 82' lang='lat' dir='ltr'>legere</span> <span class='ocrx_word' id='word_1_447' title='bbox 1487 4770 1563 4830; x_wconf 91' lang='lat' dir='ltr'>quod</span> <span class='ocrx_word' id='word_1_448' title='bbox 1581 4780 1605 4820; x_wconf 86' lang='grc'>61</span> 
     </span>
    </p>
   </div>
   <div class='ocr_carea' id='block_1_5' title="bbox 306 4828 1609 4900">
    <p class='ocr_par' dir='ltr' id='par_1_10' title="bbox 306 4828 1609 4900">
     <span class='ocr_line' id='line_1_45' title="bbox 306 4828 1609 4900; baseline 0.008 -19"><span class='ocrx_word' id='word_1_449' title='bbox 306 4832 421 4898; x_wconf 81' lang='lat' dir='ltr'>legerunt</span> <span class='ocrx_word' id='word_1_450' title='bbox 436 4830 470 4880; x_wconf 77' lang='lat' dir='ltr'>a*</span> <span class='ocrx_word' id='word_1_451' title='bbox 521 4834 555 4883; x_wconf 79' lang='lat'>28</span> <span class='ocrx_word' id='word_1_452' title='bbox 574 4828 982 4900; x_wconf 76' lang='lat' dir='ltr'>maioresdeatresA,onr.G</span> <span class='ocrx_word' id='word_1_453' title='bbox 1031 4835 1065 4887; x_wconf 78' lang='lat'>29</span> <span class='ocrx_word' id='word_1_454' title='bbox 1084 4838 1386 4889; x_wconf 80' lang='lat' dir='ltr'>versunxLindemannus</span> <span class='ocrx_word' id='word_1_455' title='bbox 1405 4839 1514 4888; x_wconf 88' lang='lat' dir='ltr'>uerbum</span> <span class='ocrx_word' id='word_1_456' title='bbox 1528 4841 1609 4892; x_wconf 76' lang='lat' dir='ltr'>Aac</span> 
     </span>
    </p>
   </div>
   <div class='ocr_carea' id='block_1_6' title="bbox 0 0 1681 5442">
    <p class='ocr_par' dir='ltr' id='par_1_11' title="bbox 0 0 1681 5442">
     <span class='ocr_line' id='line_1_46' title="bbox 0 0 1681 5442; baseline 0 0"><span class='ocrx_word' id='word_1_457' title='bbox 0 0 1681 5442; x_wconf 95' lang='lat' dir='ltr'> </span> 
     </span>
    </p>
   </div>
  </div>
 </body>
</html>
