3350 5442
318 342 383 410 460
867 343 1054 409 strictus

343 469 365 509 p.
380 455 424 498 166·
438 453 498 499 bib·
1409 465 1432 505 p.
1461 446 1583 491 laessi.

319 537 431 605 sacius,
454 536 528 596 artis
548 533 745 596 subtilitatem
767 533 942 605 mirabitur,
967 550 1043 613 qnae
1062 533 1303 610 coniugationum
1326 532 1518 610 distinguens
1539 549 1603 590 con·
1655 560 1656 605 y

317 637 464 697 fusionem
486 655 503 697 a
524 637 671 716 positione
693 633 854 697 verborum
874 635 1009 696 traducta
1030 633 1162 696 verbalia
1184 636 1318 704 nomina,
1340 635 1523 714 paucissima
1545 635 1604 711 qui
1655 608 1656 687 l

317 739 385 799 dem
407 745 438 798 ot
459 757 494 799 ca
521 741 587 819 ipsa
614 741 663 799 vir
690 741 722 800 in
744 737 859 802 duabus
888 745 938 799 aut
965 736 1063 797 tribus
1084 735 1349 796 terminationibus
1369 755 1407 796 ex
1431 738 1546 814 prima,
1573 752 1604 793 er

317 841 441 902 alierum
464 857 533 900 vcro
555 843 796 919 coniugationum
811 839 913 900 verbis
934 841 1026 901 multa
1049 847 1081 899 et
1101 858 1118 900 a
1139 837 1277 918 pluribus
1291 837 1434 898 clausulis
1448 839 1604 917 progenuit
1655 836 1656 907 l

316 945 446 1004 nomina.
491 948 521 1002 et
543 952 710 1005 ceterarum
732 942 853 1022 quidem
875 943 1117 1020 coniugationurn
1138 958 1281 1021 praesens
1303 940 1512 1009 indicativum,
1540 941 1622 1018 quiaz.
1655 924 1656 953 ³

316 1047 468 1105 nominum
496 1045 699 1107 traductiones
725 1047 757 1105 in
780 1044 864 1105 verbi
887 1045 1062 1105 finalitatem
1083 1061 1143 1104 non
1165 1044 1305 1122 suscipit,
1334 1050 1364 1102 ct
1391 1043 1521 1102 maxime
1550 1049 1604 1100 ter·
1655 1046 1656 1123 }

314 1147 389 1216 tiae,
412 1146 619 1209 indifferenter
641 1147 732 1208 multa
755 1146 791 1206 de
813 1163 846 1206 se
861 1149 981 1207 nemim
996 1146 1094 1206 iacere
1117 1161 1177 1206 non
1199 1144 1364 1224 prohibuit.
1399 1147 1516 1224 primae
1540 1161 1604 1202 vero
1655 1136 1656 1197 l

315 1250 533 1326 coniugationis
566 1250 690 1328 positio,
722 1250 790 1329 quia
824 1249 932 1310 multas
963 1251 1117 1309 nominum
1151 1248 1278 1326 suscipit
1311 1246 1349 1306 ab
1376 1245 1517 1306 omnibus
1551 1254 1603 1306 tan
1655 1266 1656 1317 t

314 1349 564 1411 declinationibus
586 1369 674 1430 quarn
696 1349 837 1411 clausulis
852 1350 1056 1412 traductiones
1078 1351 1110 1410 ln
1124 1347 1229 1418 verbo,
1254 1351 1363 1409 merito
1378 1349 1415 1408 de
1430 1367 1464 1408 se
1486 1351 1603 1407 nomina
1655 1330 1656 1335 ἵ

315 1469 374 1512 non
396 1451 469 1512 adeo
498 1454 646 1514 concessit
673 1451 820 1532 prolerre.
864 1452 994 1512 secunda
1021 1453 1103 1512 enim
1129 1459 1160 1511 et
1186 1457 1292 1530 quarta
1318 1450 1387 1511 licet
1416 1447 1572 1510 interdurn
1591 1467 1629 1509 aa
1655 1480 1656 1523 γ

317 1553 489 1614 nominibus
512 1555 644 1616 derivata
666 1553 756 1615 verba
779 1555 960 1634 suscipiunt,
984 1560 1083 1614 tamen
1106 1552 1143 1613 de
1164 1547 1295 1630 gebitivo
1310 1555 1464 1613 nominum
1486 1571 1546 1632 per
1566 1554 1605 1612 in·
1655 1616 1656 1631 y

315 1663 467 1716 crementa
490 1656 686 1736 syllabarum,
715 1654 826 1736 quibus
847 1661 973 1736 utraque
996 1657 1166 1732 coniugatio
1188 1655 1391 1732 cognoscitur,
1420 1655 1451 1714 id
1481 1661 1530 1713 cst
1557 1671 1606 1732 per
1655 1694 1656 1729 y

315 1775 351 1817 eo
373 1758 517 1828 secunda,
541 1776 595 1837 per
617 1761 646 1819 io
668 1765 788 1837 quarta,
814 1758 946 1820 derivata
968 1764 1072 1817 carent
1093 1756 1182 1817 buius
1204 1756 1285 1817 modi
1308 1758 1493 1817 contusione.
1533 1755 1605 1815 unde

314 1866 411 1939 potest
432 1862 523 1921 etlam
544 1861 596 1921 illa
618 1863 751 1940 quaestio
774 1860 849 1921 solvi
874 1856 902 1941 Η,
926 1877 1015 1939 quam
1036 1857 1158 1938 quidam
1179 1875 1216 1919 ex
1233 1874 1417 1936 supervacuo
1438 1866 1607 1938 proponunt
1655 1870 1656 1933 j

315 1960 503 2033 dubitantes,
527 1979 561 2023 ea
584 1961 689 2033 verba,
718 1979 793 2041 quac
817 1962 957 2041 superius
978 1979 995 2022 a
1017 1959 1144 2038 singulis
1164 1969 1225 2021 tam
1246 1959 1499 2021 declinationibus
1522 1978 1630 2039 quamn

315 2061 508 2124 finalitatibus
535 2063 688 2125 nominum
717 2063 849 2124 derivata
876 2064 989 2143 primae
1018 2064 1236 2140 coniugationis
1268 2079 1333 2122 esse
1366 2065 1606 2128 monstravimus,
1655 2094 1656 2121 r

316 2173 416 2226 utrum
438 2165 529 2226 verba
557 2166 594 2226 de
621 2165 807 2236 nominibus,
837 2182 875 2226 an
903 2167 1025 2226 nomina
1052 2165 1089 2225 de
1118 2163 1219 2225 verbis
1240 2173 1446 2244 procreantur.
1490 2183 1564 2225 nam
1584 2166 1607 2224 si
1655 2138 1656 2223 l

315 2267 351 2328 de
380 2266 482 2328 verbis
510 2275 609 2328 essent
637 2269 772 2338 nomina,
801 2285 862 2328 non
890 2267 1023 2328 diversas
1050 2273 1080 2327 et
1106 2267 1194 2345 quasi
1216 2267 1382 2344 singulares
1408 2285 1445 2328 es
1468 2285 1532 2326 uno
1554 2268 1606 2326 tine

315 2368 472 2430 verborum
493 2368 641 2431 haberent
668 2369 828 2440 clausulas,
862 2369 930 2438 sed,
959 2370 1038 2440 sicut
1063 2370 1222 2448 participia
1250 2369 1296 2429 vel
1322 2371 1443 2430 nomina
1466 2367 1605 2433 verbalia,

314 2470 458 2533 deberent
480 2471 584 2532 ecdem
605 2472 693 2532 modo
715 2472 801 2551 plura
824 2470 881 2531 sub
903 2487 961 2532 uns
985 2471 1154 2556 eademque·
1169 2472 1380 2533 terminatione
1402 2472 1499 2540 finiri,
1531 2470 1633 2550 quode
1655 2464 1656 2535 l

314 2593 330 2634 c
359 2575 508 2636 contrario
536 2575 682 2635 cernitur.
727 2575 882 2635 nominum
914 2575 995 2633 enim
1027 2572 1065 2632 dc
1105 2572 1189 2633 verbi
1222 2575 1371 2652 positione
1404 2572 1606 2634 traducturus

315 2674 426 2755 absque
449 2677 551 2754 paucis
572 2674 778 2754 generalibus,
812 2693 888 2756 quas
908 2676 1048 2754 superius
1069 2675 1269 2750 ostendimus,
1297 2671 1441 2755 relilquas
1463 2675 1607 2753 speciales

315 2785 426 2839 ettam
448 2776 589 2838 clausulis
618 2797 706 2856 quam
734 2775 984 2839 declinationibus
1007 2776 1142 2837 diversas
1164 2778 1247 2836 etin
1275 2775 1443 2838 rarioribus
1464 2776 1606 2855 exemplis
1655 2778 1656 2861 f

313 2882 450 2941 inventas
478 2881 716 2951 terminationes,
746 2878 907 2940 verborum
933 2897 1005 2939 vero
1032 2877 1069 2938 dc
1097 2877 1269 2939 nominibus
1296 2878 1444 2939 factorum
1467 2888 1498 2938 et
1520 2895 1606 2956 gene·
1655 2874 1656 2933 ζ

314 2979 392 3042 rales
413 2981 574 3042 finalitates
595 2989 627 3042 et
648 2981 683 3043 ad
706 2999 797 3042 unam
810 2988 926 3042 tantum
940 2981 1128 3059 pertinentes
1143 2980 1380 3058 coniugatioocm
1403 2988 1433 3041 et
1455 2983 1488 3042 in
1508 2999 1604 3040 exem·
1614 3003 1632 3040 e

314 3082 372 3162 plis
394 3081 666 3145 innumerabilibus
687 3090 867 3164 apparentes
881 3082 1024 3143 videmus.
1049 3100 1085 3143 ex
1107 3099 1143 3142 eo
1165 3099 1292 3163 quoque,
1315 3082 1394 3162 qued
1416 3084 1605 3144 uniformiter

314 3191 343 3244 et
366 3183 426 3246 sibi
448 3200 578 3263 congrue
600 3184 637 3246 ab
665 3187 745 3248 omni
773 3186 986 3246 terminatione
1008 3187 1163 3246 nominum
1185 3183 1271 3263 plura
1300 3183 1390 3245 verba
1417 3186 1604 3244 consonanti·

313 3285 368 3346 bus
390 3285 638 3366 praecedentibus
667 3287 801 3348 traducta
823 3265 939 3367 primae
967 3294 1037 3347 sunt
1065 3284 1158 3346 solius
1184 3287 1404 3363 coniugationis
1426 3284 1603 3365 syllabarum

314 3389 403 3448 ctiam
424 3389 549 3466 genitivi
576 3391 723 3450 rationem
751 3397 781 3449 et
810 3389 842 3448 in
865 3386 956 3448 verbo
979 3390 1144 3458 servantia,
1174 3388 1417 3448 manifestissime
1440 3388 1604 3468 probantur

313 3488 404 3550 verba
426 3489 463 3550 dc
486 3490 657 3552 nominibus
681 3509 746 3552 esse
768 3490 916 3551 traducta.
960 3497 993 3550 ut
1016 3492 1097 3551 enim
1118 3490 1262 3551 feminina
1289 3491 1410 3550 nomina
1432 3490 1626 3551 masculiniss¹

313 3590 507 3652 adhaerentia
529 3598 560 3652 et
581 3591 618 3654 ah
646 3591 708 3652 illis
735 3593 818 3671 gigni
845 3592 987 3652 dicuntur
1012 3600 1043 3653 et
1064 3609 1152 3671 pares
1173 3593 1219 3652 eis
1240 3609 1359 3670 semper
1380 3591 1494 3652 babere
1515 3592 1601 3671 sylla·

313 3690 366 3753 bas
388 3701 549 3771 coguntur,
573 3700 607 3754 ut
628 3702 693 3755 ater
716 3697 773 3754 atrl
795 3701 874 3764 stra,
897 3702 986 3754 tener
1008 3694 1106 3754 teneri
1128 3701 1245 3764 tenera,
1274 3693 1380 3770 longus
1404 3693 1486 3771 longi
1507 3694 1599 3770 longa,

313 3793 423 3855 arduus
451 3795 537 3855 ardui
566 3794 671 3865 ardua,
702 3797 746 3856 sic
772 3795 847 3856 baec
874 3795 966 3856 verba
993 3795 1030 3855 dc
1058 3793 1230 3855 nominibus
1256 3795 1322 3854 lieri
1350 3794 1493 3865 dicimus,
1525 3795 1599 3874 quod

312 3898 513 3973 genitivorum
536 3896 658 3978 syllabis
680 3899 789 3976 positio
811 3897 896 3957 verbi
917 3897 1093 3976 respondet,
1122 3905 1156 3958 ut
1177 3913 1265 3958 sacer
1285 3899 1363 3958 sacri
1386 3915 1472 3958 sacro
1494 3915 1597 3966 sacras,

311 3997 390 4059 liber
412 3998 502 4059 liberi
525 3997 622 4060 libero
637 3997 762 4070 liberas,
786 3999 858 4077 vigil
873 3999 971 4077 vigilis
986 4000 1077 4077 vigilo
1091 3998 1210 4076 vigilas,
1234 4017 1336 4060 semen
1352 4001 1477 4060 seminis
1488 4001 1597 4058 semino
1607 4021 1628 4058 s

312 4103 455 4170 seminas,
480 4117 595 4161 memor
615 4101 757 4162 memoris
779 4098 913 4163 memoro
934 4117 1097 4171 memoras,
1126 4101 1212 4162 miles
1233 4101 1340 4162 mllitis
1363 4101 1460 4162 milito
1481 4100 1595 4169 militas,

383 4335 487 4406 tquse]
507 4339 567 4402 quis
583 4339 608 4390 P
675 4339 833 4389 iuerblalie
851 4339 908 4389 BP
975 4337 1090 4402 δοιαὶ
1106 4339 1218 4392 Μαι
1233 4337 1280 4403 m.)
1297 4337 1403 4389 aliarum
1422 4340 1448 4388 Ρ
1492 4337 1593 4402 bprae

311 4424 377 4529 Zeila}
394 4407 700 4536 prspesseniutdipsyiryrym
719 4411 745 4460 P
764 4480 778 4528 Ἰ
797 4409 974 4529 Ι(ἳάιιιζιιιὶιιὲηιι
992 4408 1086 4544 pultes
1099 4408 1330 4529 traduptionesmys·
1349 4409 1512 4538 d'ffmntlef
1525 4409 1593 4524 terp:

389 4493 500 4528 maxine
565 4493 610 4528 err
797 4495 822 4529 rn
843 4493 929 4529 esrnen
941 4493 970 4528 er
1055 4494 1189 4533 erasmo.
1208 4493 1240 4532 m.
1322 4492 1347 4527 ru
1368 4494 1375 4527 ι
1397 4493 1490 4528 erener
1519 4492 1561 4525 mn

312 4549 345 4600 de
364 4564 393 4598 se
412 4547 615 4598 contrafacere
632 4561 682 4598 nou
701 4547 832 4614 prohibuit
850 4557 861 4598 t
876 4493 1054 4599 indesinenti?
1065 4563 1115 4598 non
1132 4547 1262 4615 probibuit
1279 4547 1305 4596 P
1319 4548 1489 4597 indesinenter
1506 4561 1555 4596 uon
1571 4546 1593 4594 B

313 4617 488 4669 indifferenter
515 4633 566 4669 non
590 4618 720 4683 probibuit
744 4618 824 4668 multa
841 4618 872 4668 de
898 4633 926 4669 se
950 4621 1053 4668 nomino
1071 4618 1190 4675 laceres
1260 4616 1293 4669 13
1309 4617 1495 4672 deriuataeBs
1564 4616 1591 4665 tt

312 4688 428 4752 quaestio
446 4687 513 4738 solui
531 4688 586 4738 sola
604 4689 629 4737 P
678 4695 837 4754 praeponunt
855 4689 881 4738 B
934 4688 967 4739 19
985 4690 1049 4738 sicut
1065 4705 1111 4741 ont.
1129 4687 1156 4736 B
1207 4688 1330 4738 uerbialio
1348 4687 1405 4736 BP
1454 4685 1486 4736 23
1500 4684 1592 4734 <liniam

312 4757 339 4808 B
392 4757 426 4808 26
444 4773 477 4807 ex
495 4773 525 4807 eo
543 4771 644 4820 quoque
659 4758 727 4822 quod
740 4759 777 4821 [ς
796 4775 828 4808 ex
843 4771 873 4807 eo
891 4773 991 4822 quoquc
1009 4760 1069 4822 quis
1088 4766 1099 4807 t
1116 4773 1149 4807 ex
1163 4756 1305 4821 (superscr.
1323 4755 1367 4819 eo)
1382 4772 1430 4820 que
1446 4755 1508 4820 quod
1524 4755 1548 4804 B
1563 4769 1591 4804 ex

312 4841 343 4877 eo
362 4827 430 4889 quod
447 4827 471 4876 P
540 4826 574 4877 34
591 4829 776 4892 respondetis
794 4828 958 4894 responderet
975 4827 1033 4878 BP
1101 4827 1136 4880 36
1152 4828 1264 4878 seminas
1280 4829 1320 4878 sic
1336 4835 1362 4876 et
1379 4839 1473 4876 meram
1487 4825 1512 4876 Ρ
