3350 5442
609 342 847 405 COMMENTVM
1329 343 1369 405 87

96 537 208 592 secutus
229 549 316 608 sum,
339 527 532 614 praesertim
554 549 629 593 cum
650 550 718 593 non
738 526 877 594 munitum
899 528 977 593 novi
998 551 1041 593 ex
1054 526 1110 593 illo
1127 528 1307 593 accederet.
1335 528 1369 592 in

94 632 223 696 Parisino
245 628 360 695 codice
376 629 433 715 (P)
448 630 530 693 haec
551 651 628 715 pars
649 652 714 696 non
736 630 882 716 integra,
899 630 957 695 sed
972 628 1045 695 aliis
1068 630 1196 699 omissis
1212 629 1284 695 aliis
1300 654 1369 723 mu-

94 732 156 797 tatis
176 732 295 817 legitur
317 732 342 795 f.
363 731 424 797 51*
446 736 495 811 de·
510 736 694 797 barbarismo
715 737 852 812 quidest
872 737 1075 797 barbarismus
1095 769 1136 779 -
1159 731 1183 797 f.
1206 732 1247 796 62
1274 754 1295 795 a
1316 754 1369 797 re-

94 840 136 899 lus
150 838 283 913 putitiu.
323 856 366 899 ex
392 833 456 899 hoc
482 855 604 920 pauca,
633 856 717 920 quae
744 834 881 900 alicuius
904 834 1061 908 momenti
1080 856 1152 899 esse
1173 834 1369 899 videbantur

93 938 126 1001 ad
144 936 334 1022 scripturam
355 934 601 1018 stabiliendam,
624 936 795 1023 adscripta
815 948 899 1003 sunt.
931 958 1008 1021 ergo
1024 935 1066 1000 de
1080 934 1131 999 his
1145 935 1240 1001 libris
1263 936 1367 1001 trihus

92 1040 124 1104 iis
148 1048 272 1103 antam
293 1036 374 1103 locis
403 1048 553 1103 constare
580 1037 672 1119 nolo,
700 1040 757 1104 uhi
779 1039 860 1124 quid
882 1039 978 1103 iniis
1002 1038 1160 1125 scriptum
1181 1039 1226 1103 sit
1246 1037 1367 1102 indica·

92 1152 147 1206 un
166 1148 223 1205 est.

160 1240 312 1327 Reliquos
335 1242 485 1328 Pompeii
503 1241 643 1325 codices,
667 1265 748 1329 quos
771 1242 904 1329 quidem
926 1241 997 1307 vidi
1019 1254 1078 1308 aut
1098 1240 1172 1307 aliis
1193 1241 1367 1327 inspicien-

94 1345 165 1410 tibus
185 1343 340 1428 cognovi,
364 1343 509 1408 brevitcr
530 1343 692 1410 indicabo.
737 1355 814 1411 sunt
835 1354 945 1409 autem
967 1344 1011 1407 hi.
1055 1343 1160 1408 codex
1183 1344 1366 1429 Montepcs-

94 1447 207 1511 solanus
230 1468 317 1510 saec.
340 1444 384 1527 X,
407 1446 432 1509 i.
458 1448 475 1508 1
503 1450 541 1510 de
567 1452 677 1511 littera.
714 1466 786 1525 erpo
814 1452 954 1524 quoniam
980 1451 1053 1511 bene
1077 1450 1153 1523 fecit
1179 1450 1304 1509 donatus
1325 1482 1367 1491 -

91 1549 112 1613 i.
124 1548 160 1611 28
177 1552 227 1612 ubi
241 1569 299 1628 pes
318 1554 394 1624 finit.
417 1554 542 1627 explicit
557 1549 715 1630 pompeius
733 1556 949 1628 prammaticus
972 1549 1018 1635 (p.
1034 1546 1164 1631 8-82).
1197 1548 1222 1611 f.
1238 1545 1366 1611 22—34

92 1652 293 1734 fragmentum
320 1650 401 1713 artis
421 1648 594 1736 Eutychii,
618 1650 658 1715 de
680 1650 932 1737 orthographia,
960 1648 1208 1716 commentarius
1229 1649 1265 1712 in
1287 1648 1367 1713 Ver-

92 1751 149 1836 gilii
169 1750 327 1819 bucolica.
359 1749 382 1813 f.
404 1751 447 1816 35
469 1757 576 1832 incipit
591 1759 749 1833 pompeius
769 1760 920 1833 expositor
941 1760 1116 1831 repuleram
1138 1757 1242 1816 donati
1258 1770 1368 1829 pram-

91 1860 184 1917 matici.
225 1863 420 1917 commentum
447 1860 523 1917 artis
552 1858 666 1918 donati.
703 1862 933 1935 uniuscuiusque
967 1861 1015 1919 rel
1044 1860 1185 1919 scientiae
1212 1890 1254 1899 -
1280 1852 1303 1921 i.
1325 1852 1367 1915 36

90 1977 169 2034 quare
187 1962 251 2035 ipso
273 1959 380 2019 ordine
395 1962 497 2035 ponta
518 1966 587 2020 sant
607 1960 705 2020 idest
724 1968 754 2021 et
773 1964 917 2023 rationem
941 1961 1055 2021 mainis
1076 1957 1122 2044 (p.
1146 1954 1254 2040 3-8)
1277 1954 1301 2017 f.
1325 1954 1366 2019 36

89 2064 177 2138 irapit
195 2068 342 2122 tractabas
358 2064 501 2138 pcmpepi
517 2064 684 2136 aromatici
703 2064 742 2125 de
762 2067 888 2124 nomiae.
915 2072 1020 2140 partes
1040 2065 1185 2123 orationis
1205 2093 1247 2103 -—
1269 2062 1367 2119 statim

90 2173 116 2224 ut
132 2162 235 2224 aderit
255 2164 372 2237 oblique
393 2164 503 2224 dictam
526 2159 573 2245 (p.
596 2160 781 2245 ita-476).
818 2161 923 2226 codex
947 2160 1170 2247 sangallensis
1193 2158 1256 2223 876
1280 2179 1363 2222 saec.
1473 2204 1477 2213 .

91 2262 126 2342 X,
138 2285 166 2348 p.
181 2261 243 2327 398
264 2267 371 2341 incipit
388 2272 534 2326 tractatus
553 2270 678 2342 pompei
697 2271 728 2326 in
750 2284 808 2342 quo
830 2267 934 2327 donati
954 2273 1047 2327 artem
1070 2268 1193 2338 mirifice
1214 2280 1366 2325 commea-

90 2378 227 2428 tanseat.
266 2368 396 2428 donanis
422 2371 544 2443 sumsit
568 2375 664 2429 artem
693 2370 843 2445 duplicem
871 2370 968 2429 idest
1001 2369 1083 2429 VIII
1094 2375 1202 2443 partes
1223 2369 1366 2426 orationis

87 2473 171 2545 primo
190 2472 310 2545 scripsit
336 2504 377 2513 —
404 2470 486 2543 quaa
505 2472 581 2529 artis
605 2474 777 2547 praeceptis
797 2474 891 2532 multa
913 2478 1019 2531 teneat.
1057 2471 1132 2545 quid
1151 2473 1190 2529 sit
1206 2485 1367 2544 aramma-

90 2576 152 2631 icce
170 2575 242 2633 artis
256 2573 454 2649 principium
492 2574 579 2631 malti
599 2572 703 2633 dicum
722 2574 761 2633 ab
780 2582 847 2633 arte
868 2606 909 2617 -
931 2592 964 2655 p.
986 2568 1050 2634 510
1076 2574 1206 2633 urebas
1227 2571 1364 2647 paribus.
1389 2572 1396 2585 “

90 2677 181 2749 eapite.
197 2676 354 2751 pompepii
374 2674 411 2733 de
432 2676 526 2749 tropis
548 2670 595 2756 (p.
618 2670 749 2736 3-82.
774 2670 953 2735 tlt—480
975 2670 1025 2735 ed.
1048 2668 1173 2756 Lind.).
1207 2672 1366 2732 Tractatio

89 2779 219 2852 pompepii
238 2776 276 2836 de
297 2775 461 2835 maioribus
478 2776 618 2849 partibus
639 2792 684 2835 cr.
708 2783 816 2852 partes
837 2780 981 2837 orationis
1002 2810 1044 2820 —-
1066 2794 1096 2858 p.
1113 2770 1176 2836 526
1198 2776 1365 2834 terminan-

90 2888 129 2937 tur
147 2880 226 2953 apud
242 2893 350 2953 preces
372 2884 431 2937 totu
449 2893 545 2951 preca
565 2884 634 2936 suat
657 2878 807 2951 feminina
827 2882 906 2939 enim
927 2888 995 2941 suat
1020 2884 1049 2939 et
1077 2884 1182 2939 aoslra
1204 2872 1252 2959 (p.
1276 2872 1365 2937 82-
1472 2893 1476 2901 ’

93 2976 164 3061 tto).
192 2976 299 3043 codex
319 2974 488 3040 Parisinus
511 2975 592 3039 7491
617 2997 703 3040 saec.
726 2974 776 3058 X,
799 2976 877 3041 olim
899 2974 1029 3042 Claudii
1051 2974 1200 3056 Puteani,
1224 2974 1248 3038 i.
1273 2976 1290 3037 1
1314 2982 1365 3039 ia-

90 3084 151 3156 cipit
170 3086 318 3157 prolapus.
356 3082 484 3142 donatus
504 3083 625 3157 scripsit
645 3091 740 3143 artem
762 3083 911 3158 duplicem
931 3116 973 3127 -
994 3099 1047 3142 urs
1068 3088 1111 3141 est
1137 3067 1367 3155 uniuscuiusque

90 3186 129 3242 rei
145 3186 272 3244 amentia.
303 3186 408 3260 uomit
428 3190 576 3245 tractatus
594 3187 727 3260 pompeii
743 3187 937 3259 prcmmatici
958 3200 1014 3259 quo
1037 3184 1141 3244 donati
1161 3170 1260 3243 artem¹
1278 3184 1366 3241 miri-

89 3289 356 3355 memmmeutatus
377 3291 474 3347 estet
496 3283 637 3347 duarum
658 3283 854 3369 paginarum
877 3280 984 3370 spatio
1013 3280 1126 3347 relicto
1149 3280 1174 3344 f.
1196 3280 1240 3343 2*
1263 3286 1379 3360 incipit¹

91 3405 135 3447 ars
150 3392 263 3464 pompei
279 3391 475 3464 arammatici
500 3388 538 3448 tle
556 3387 758 3463 arammatica
780 3398 853 3449 arte.
884 3390 1016 3449 elicimus
1037 3404 1108 3462 erpo
1130 3390 1272 3461 quoniam
1293 3388 1365 3447 icae

89 3490 153 3561 iecit
169 3493 293 3552 donatis
308 3496 370 3551 etc.
387 3490 433 3572 (p.
451 3485 471 3549 8
487 3509 557 3573 sqq.
574 3486 624 3551 ed.
639 3487 752 3576 Lind.)
775 3487 800 3553 f.
818 3488 857 3552 18
880 3494 986 3566 incipit
1004 3491 1095 3551 editio
1118 3490 1156 3549 de
1177 3498 1243 3549 arte
1255 3507 1364 3568 pram-

92 3596 183 3651 natica
197 3596 331 3670 pompei.
362 3593 400 3653 ae
415 3593 557 3669 partibus
579 3596 733 3654 orationis.
761 3605 865 3670 partes
879 3595 1024 3653 orationis
1044 3598 1112 3653 suat
1134 3590 1216 3651 VIII
1230 3596 1269 3635 -'
1283 3587 1307 3652 f.
1324 3589 1364 3653 82

92 3695 118 3751 ii
138 3702 175 3754 est
195 3699 223 3755 si
245 3698 297 3757 ille
322 3696 442 3756 adama
466 3694 568 3767 fretus
592 3712 646 3769 epo
670 3698 779 3771 pretate
806 3693 852 3779 (p.
875 3692 916 3756 82
938 3714 1009 3780 sqq.
1033 3690 1084 3756 ed.
1106 3688 1231 3773 Lind.).
1259 3691 1364 3755 codex

92 3790 278 3858 Florentinus
308 3816 352 3858 ex
372 3792 406 3858 S.
428 3792 533 3857 Marci
554 3792 755 3859 bibliotheca
781 3794 816 3857 in
836 3793 1092 3858 Laurentianam
1120 3791 1299 3856 translatus
1322 3794 1363 3856 38

93 3915 160 3959 saec.
180 3896 239 3978 XI,
262 3903 295 3960 in
317 3902 434 3960 nomine
454 3900 506 3960 dei
524 3904 632 3960 nummi
650 3902 757 3976 incipit
774 3902 863 3961 etiam
886 3906 998 3959 laetare
1020 3900 1057 3959 cle
1075 3898 1213 3974 partibas
1234 3901 1364 3958 maiori-

93 4000 140 4059 iur.
172 4005 398 4077 maeoniusque
419 4005 468 4063 rei
492 4006 688 4078 queritur-
713 4006 766 4077 qui
787 4010 884 4078 potest
916 4003 1033 4062 tardior
1059 4017 1127 4063 esse,
1150 4001 1293 4061 testudine
1316 3998 1361 4083 (p.

93 4098 236 4188 3-476).
273 4102 372 4165 huius
400 4102 554 4167 notitiam
582 4100 686 4165 debeo
707 4099 920 4182 Detlefseno,
949 4101 1006 4186 qui
1028 4121 1104 4163 eum
1124 4098 1211 4163 inter
1232 4099 1362 4163 codices

94 4222 126 4264 ex
137 4200 297 4267 blanciam
316 4201 519 4269 bibliotheca
539 4203 574 4266 in
588 4202 844 4268 Laurentianam
864 4199 1041 4267 translatos
1064 4201 1191 4265 invenit
1212 4210 1245 4264 et
1267 4222 1364 4285 quae-

95 4299 155 4366 dam
173 4304 246 4371 inde
267 4316 424 4391 excerpta
444 4326 572 4368 mecum
594 4305 857 4370 communicavit.
890 4305 995 4369 codex
1016 4303 1254 4367 Laurentianus
1275 4301 1326 4383 47,
1343 4304 1362 4367 8

95 4404 260 4473 chartaceus
283 4429 372 4472 saec.
394 4406 471 4489 XV,
498 4413 592 4471 oratio
619 4412 732 4472 dicitur
752 4414 897 4486 eloquutio
917 4442 959 4455 -
982 4409 1082 4468 aliena
1102 4409 1181 4467 enim
1196 4422 1297 4483 poena
1320 4410 1366 4469 iili

95 4514 162 4569 ralia
179 4516 243 4574 talis
263 4517 322 4575 erit
343 4511 390 4597 (p.
405 4509 563 4595 4-479):
587 4509 628 4573 ef.
645 4508 789 4574 Bandini
810 4509 882 4573 cod.
897 4506 954 4572 lat.
977 4503 1058 4571 bibl.
1074 4505 1174 4570 Lauc.
1190 4505 1272 4592 Hp.
1288 4506 1361 4571 393.

95 4608 181 4674 codex
193 4610 361 4677 Palatinus
379 4611 461 4677 1756
476 4611 667 4676 chartaceus
682 4632 712 4674 a.
730 4610 813 4675 1464
830 4610 981 4697 scriptus,
996 4614 1101 4687 incipit
1115 4618 1261 4671 tractatas
1270 4629 1361 4689 potn-

93 4718 142 4786 peii
157 4734 241 4792 saper
257 4724 365 4794 partes
379 4719 480 4778 amiati
498 4718 691 4793 arammatici
710 4718 793 4778 urbis
807 4734 896 4777 rome.
927 4717 1157 4791 uniusmiusquc
1171 4748 1212 4757 -
1221 4716 1360 4790 paribus.

97 4812 180 4879 codex
199 4814 435 4903 Neapolitanus
457 4815 676 4883 bibliothecae
698 4816 808 4903 regiae
830 4814 879 4881 IV
902 4815 933 4879 A
955 4813 997 4881 34
1019 4834 1103 4879 saec.
1128 4812 1179 4878 XI
1200 4813 1255 4879 vel
1275 4813 1360 4877 XII:
