3350 5442
607 384 678 446 Ans
708 383 749 446 lll
771 387 801 445 2.
824 387 843 446 3
1313 379 1375 446 461

114 493 249 546 pareest
265 493 286 534 r.
1196 504 1217 545 p.
1233 490 1353 534 conten

87 573 179 634 iudex
206 573 315 634 iudicis
344 573 444 636 iudico
472 574 599 644 iudicas,
634 591 775 654 manceps
802 575 949 654 mancipis
975 575 1113 653 mancipo
1139 575 1300 652 mancipas.
1350 580 1380 636 et

88 677 136 736 sic
159 693 277 755 semper
299 695 336 736 er
358 679 450 736 certis
472 683 503 736 et
524 676 691 736 manifestis
712 678 827 738 incerta
849 676 1023 763 regelantur·
1045 683 1077 736 et
1097 675 1251 753 ambigua;
1277 693 1378 736 uerno·

86 796 148 858 que
170 776 299 847 dubitat,
329 778 408 858 quod
436 779 537 857 priora
559 795 682 856 prorsus
702 797 719 840 a
741 777 842 840 verbis
865 785 933 838 sunt
954 780 1088 849 nomina,
1111 779 1143 838 in
1165 776 1274 857 quibus
1293 785 1377 838 natu·

87 880 195 941 raliter
216 878 383 942 substantia
405 881 534 941 nominis
556 880 706 941 antecedit
727 886 826 942 actum
848 882 900 958 qui
922 887 1074 959 spectatur
1096 881 1127 940 in
1150 878 1261 940 verbis.

31 994 48 1032 ⁵
172 981 308 1061 Exempli
330 998 419 1043 causa
441 980 477 1041 de
499 981 601 1043 multis
623 980 697 1042 libet
724 983 862 1061 proferre
884 977 898 1063 ll
922 1000 1030 1061 pauca,
1053 988 1087 1041 nt
1114 999 1181 1042 esca
1204 983 1305 1042 inesco
1331 983 1376 1042 in·

84 1102 185 1153 escas,
213 1082 291 1144 unda
314 1083 426 1144 inundo
448 1082 590 1154 inundes,
618 1102 675 1162 pax
698 1086 780 1164 pacis
802 1103 876 1164 paco
898 1102 999 1162 pacas‚
1029 1083 1113 1145 radia
1136 1083 1256 1144 eradico
1277 1083 1375 1146 eradi·

83 1205 153 1254 cas,
182 1187 274 1264 piscis
296 1185 397 1264 piscor
418 1187 560 1264 piscaris,
589 1203 641 1246 cor
669 1185 769 1246 cordis
790 1185 938 1246 concordo
959 1184 1098 1246 discordo
1120 1185 1275 1254 recordor,
1303 1185 1377 1246 odor

80 1287 194 1348 odoror
216 1287 366 1357 odoraris,
390 1286 530 1350 lloratius
551 1288 583 1348 in
606 1288 700 1367 epodo

237 1390 446 1468 proiectum
468 1387 641 1450 odoraris
664 1388 799 1452 cibum:

34 1505 65 1542 ¹0
83 1491 190 1551 radius
213 1491 297 1552 raclio
319 1491 433 1556 radias,
456 1490 564 1551 burnus
586 1489 675 1551 burne
697 1491 816 1560 bumas,
840 1477 940 1552 furnus
961 1492 1043 1552 fumo
1058 1484 1168 1561 ftrtitas,
1192 1493 1291 1552 contio
1306 1509 1375 1552 con·

81 1595 199 1662 tionor,
227 1593 319 1653 limen
347 1592 485 1662 elimino,
515 1609 657 1654 cacumen
684 1595 854 1663 cacumine,
887 1592 1138 1672 ‘summasque
1169 1594 1376 1654 cacuminat

79 1698 214 1756 aures'
238 1693 361 1756 Ovidius
385 1693 661 1772 metamorphoseon
684 1693 764 1755 libro
786 1695 814 1756 l:
838 1712 945 1756 rumen
967 1697 1094 1756 rumiuis
1116 1696 1250 1763 rumino,

235 1796 327 1858 ilice
350 1793 417 1855 sub
439 1797 550 1873 nigra
571 1795 762 1876 pallentes
785 1799 952 1858 ruminat
974 1796 1112 1858 herbas

78 1899 226 1976 Virgilius
241 1899 273 1959 iu
287 1896 438 1959 bucolico:
461 1916 566 1959 aurum
580 1899 687 1960 inaure
703 1900 838 1969 inauras,
855 1898 996 1962 Horatius
1010 1901 1042 1960 in
1057 1898 1252 1978 epistularum
1267 1897 1347 1958 libro
1361 1897 1375 1958 l

35 2013 67 2054 15
1095 2007 1133 2061 ut
1154 2006 1192 2060 te

235 2101 436 2163 confestim
459 2101 586 2179 largus
608 2102 780 2162 fortunae
804 2103 907 2163 rivus
930 2104 1100 2164 inauret:

83 2212 217 2266 scortum
239 2209 357 2264 scortor
380 2205 536 2274 scortaris,
564 2221 673 2280 gurges
700 2205 829 2282 gurgitis
852 2205 1019 2282 ingurgito,
1049 2204 1154 2265 Cicero
1182 2205 1214 2264 iu
1235 2203 1374 2264 Pisonem

82 2311 297 2385 ‘numquam
325 2311 361 2364 te
390 2306 421 2366 in
453 2311 509 2366 tot
542 2305 695 2384 flagitia
729 2306 1039 2382 ingurgitasses'.
1089 2323 1156 2366 cras
1189 2303 1373 2375 adverbium,

78 2410 234 2468 crastinus
261 2425 385 2477 nomen,
414 2414 445 2466 et
471 2405 508 2467 ab
537 2425 573 2467 eo
600 2407 724 2470 verbum
751 2410 955 2487 procrastino;
983 2407 1049 2470 dies
1075 2425 1199 2479 nomen,
1229 2406 1374 2487 perendie

34 2527 63 2564 2⁰
80 2509 275 2579 adverbium,
304 2508 537 2588 comperendino
565 2509 700 2571 verbum.
750 2517 906 2590 praetcrea
934 2509 971 2572 de
997 2508 1098 2570 verbis
1124 2511 1214 2572 etiam
1241 2509 1374 2571 derivata

78 2610 176 2673 verba
199 2618 379 2674 consonante
403 2607 608 2691 praecellente
630 2613 745 2691 primae
768 2629 888 2691 semper
910 2619 992 2682 sunt,
1020 2618 1054 2672 ut
1080 2613 1178 2672 omnis
1203 2612 1373 2691 frequenta·
1436 2673 1443 2682 ,

77 2715 143 2774 tiva
166 2712 271 2774 forma.
305 2729 361 2774 nec
384 2712 419 2774 ad
443 2713 531 2774 attam
553 2719 651 2793 potest
672 2712 796 2776 huiusce
819 2714 900 2775 modi
922 2714 1081 2776 verborum
1103 2713 1247 2774 derivatio
1268 2713 1372 2772 venire

77 2816 339 2893 coniugationem,
369 2816 427 2876 nisi
454 2815 533 2875 forte
560 2815 672 2878 incidat
700 2817 731 2876 in
754 2815 932 2886 clausulam,
959 2817 1019 2877 iam
1040 2823 1108 2878 ante
1130 2815 1249 2876 cuidam
1269 2815 1372 2875 couiu·

76 2918 194 2994 gationi
217 2915 399 2994 generaliter
415 2916 598 2996 deputatam,
622 2927 654 2980 ut
670 2919 701 2977 iu
716 2919 784 2979 urio
799 2917 966 2979 desinentia
980 2917 1152 2979 meditativa
1167 2934 1233 2977 esse
1248 2920 1372 2996 quartae

34 3021 155 3080 refacit
176 3019 241 3097 ipsa
266 3019 380 3078 formae
403 3017 529 3080 finalitas
563 3025 593 3079 et
625 3019 793 3082 inchoativa
821 3008 945 3090 tertiae}
980 3021 1129 3099 etiamque
1156 3020 1187 3078 in
1214 3035 1265 3078 sco
1291 3015 1370 3078 desi·

77 3121 186 3181 nentia
215 3119 361 3198 perfecta,
390 3121 416 3179 si
443 3126 543 3180 tamen
570 3137 628 3180 non
651 3122 710 3182 sint
732 3139 748 3182 a
770 3121 957 3191 nominibus,
986 3123 1071 3201 quasi
1098 3123 1132 3182 in
1154 3120 1371 3200 possessionem

77 3223 189 3284 tertiae
218 3219 310 3281 solius
338 3229 559 3282 concesserunt.
608 3221 793 3302 singulisque
820 3224 926 3284 formis
954 3223 1183 3284 derivativorum
1213 3220 1371 3282 verborum

76 3323 215 3400 singulas
236 3324 374 3401 accipere
396 3324 505 3384 coactis
528 3323 564 3384 ad
580 3322 778 3384 differentiam
800 3325 847 3385 sui
867 3327 1090 3402 coniugationes
1113 3325 1178 3384 iure
1200 3322 1371 3384 meditativa

76 3424 204 3504 quidem
232 3430 369 3502 quartam
397 3425 427 3484 in
456 3426 486 3484 io
513 3426 722 3488 terminatione
749 3433 938 3497 meruerunt,
967 3428 1046 3486 sicut
1072 3427 1105 3486 in
1133 3444 1170 3486 eo
1193 3425 1369 3494 desinentia,

33 3545 61 3584 oo
77 3529 145 3588 sive
167 3527 316 3604 primitiva
340 3527 401 3586 sive
424 3525 586 3588 derivativa
608 3528 683 3597 sint,
711 3526 802 3588 solam
830 3527 990 3590 secundam
1012 3529 1103 3588 etiam
1129 3528 1160 3588 in
1186 3527 1280 3587 forma
1302 3545 1369 3605 per·

76 3631 160 3690 fecta
186 3626 311 3697 habent;
345 3628 562 3707 frequentativa
590 3647 659 3688 vero
687 3635 717 3690 et
743 3628 925 3699 inchoativa,
960 3631 1094 3690 carentia
1122 3628 1215 3690 vocali
1244 3636 1311 3690 aute
1341 3647 1368 3699 o,

76 3733 209 3811 primam
232 3736 262 3789 et
284 3730 404 3790 tertiam
420 3731 546 3790 invicem
563 3732 730 3792 necessario
745 3733 924 3801 sortientem
947 3733 1112 3811 meritoque
1127 3739 1252 3810 utraque
1273 3730 1368 3792 forma

76 3833 312 3894 derivativorum
335 3830 371 3894 ad
394 3849 459 3892 eam
474 3833 600 3893 maxime
624 3834 705 3892 venit
720 3833 974 3910 coniugationcnr,
997 3834 1029 3894 in
1050 3851 1110 3912 qua
1131 3850 1202 3894 suae
1217 3832 1369 3897 finalitatis

149 4035 166 4087 3
185 4035 253 4097 qnod
271 4035 355 4100 priora
371 4035 454 4084 uerbis
475 4043 534 4084 sunt
552 4035 675 4099 quaedam
696 4035 798 4086 nomina
816 4035 858 4084 lta
920 4035 943 4099 ⁴‘l
961 4044 1122 4102 exspectatur
1140 4035 1166 4084 B
1183 4041 1330 4102 expectatur
1347 4037 1371 4085 P

149 4101 252 4171 blibet]
273 4104 332 4154 licet
348 4103 396 4161 Βς
466 4112 493 4154 ut
509 4113 546 4153 est
564 4107 752 4156 aescainaeseo
770 4105 889 4154 inaeaeas
906 4104 932 4152 P
997 4105 1055 4154 Sin
1075 4104 1168 4172 epodo]
1186 4105 1212 4166 b,
1233 4103 1266 4157 1⁰
1335 4107 1367 4157 lv

78 4183 184 4228 metam.
204 4173 310 4240 librol]
330 4175 433 4226 111195
506 4173 537 4224 ta
555 4175 579 4223 in
600 4173 724 4242 bucolico]
744 4175 776 4238 d,
796 4176 829 4226 et
901 4175 975 4239 epist.
996 4175 1059 4225 libro
1079 4173 1100 4241 l]
1120 4175 1198 4235 12,9
1267 4175 1301 4225 ld
1318 4173 1368 4224 lar·

76 4245 163 4312 giust
242 4243 357 4295 fortunae
375 4241 456 4310 rivus]
476 4245 556 4293 imber
572 4245 598 4296 B
687 4246 718 4297 17
738 4246 763 4294 iu
782 4245 873 4310 pleone
891 4241 984 4301 1²:18,
1002 4247 1037 4296 42
1123 4244 1157 4295 te
1175 4241 1214 4309 iu]
1234 4241 1324 4303 inni.
1344 4261 1366 4294 e.

78 4317 145 4365 inter
163 4316 189 4364 P
275 4313 308 4364 te
327 4311 496 4380 procrastino]
519 4316 627 4366 crastino
645 4314 671 4365 B
757 4315 814 4364 dica
837 4313 897 4362 item
918 4314 1039 4378 perendie
1051 4314 1107 4364 BP
1122 4313 1179 4364 dies
1199 4327 1290 4363 nomen
1307 4315 1366 4362 item

77 4385 202 4451 perendie
221 4384 302 4434 tdiea
321 4385 380 4433 item
394 4398 485 4433 nomen
505 4385 624 4447 perendie
639 4387 658 4448 f
722 4385 756 4434 20
774 4385 806 4434 de
822 4383 950 4434 adtrerbila
971 4385 996 4433 P
1046 4385 1078 4436 21
1094 4382 1132 4449 ut]
1148 4394 1172 4434 et
1188 4385 1225 4432 P:
1244 4392 1269 4432 et
1283 4384 1365 4432 omnia

78 4455 281 4517 frequentatiuae
296 4453 392 4504 formae
408 4467 425 4510 ς
476 4455 509 4504 23
523 4455 622 4504 incedat
634 4456 659 4504 P
705 4456 755 4504 iam
774 4462 832 4504 ente
851 4450 992 4518 (euperem.
1008 4453 1114 4522 dictam)
1130 4454 1229 4504 cuidam
1245 4454 1366 4519 coniuga-

76 4528 175 4574 tionum
193 4523 219 4574 B
239 4525 288 4573 iam
307 4523 475 4574 antedictam
493 4523 812 4592 cuidarn·coniogationum
833 4525 921 4574 Piam
938 4531 996 4574 aute
1013 4524 1115 4573 cuidam
1135 4523 1367 4588 coniugationemt

130 4595 167 4644 24
181 4592 330 4644 meditatiua
347 4603 450 4658 quartae
469 4593 656 4660 coniugatiouls
668 4609 726 4644 esee
740 4591 800 4644 facit
816 4594 873 4659 ipsa
889 4590 970 4643 ferma
983 4593 1112 4644 finalitatis
1125 4601 1135 4643 t
1148 4593 1294 4643 meditatim
1311 4590 1366 4642 fore

76 4673 184 4726 quartae
199 4661 260 4712 fecit
277 4665 333 4729 ipse
357 4663 454 4714 formae
471 4663 579 4713 finalitas
599 4665 621 4713 P
638 4663 784 4714 meditatiua
804 4671 909 4725 quartae
923 4679 944 4727 q
962 4661 1102 4727 (anpermr,
1117 4661 1211 4726 soline)
1231 4661 1290 4712 feeit
1307 4663 1366 4728 ipsa

77 4735 160 4784 forma
186 4732 332 4783 finalitatem
357 4733 439 4796 (corr.
458 4732 554 4783 formae
572 4731 694 4796 dualitas)
711 4733 736 4783 B
804 4733 838 4785 25
861 4741 886 4784 et
903 4732 1048 4783 inoboatiua
1064 4747 1122 4783 eoae
1135 4733 1224 4784 tertiae
1241 4731 1266 4780 P
1331 4733 1366 4785 ‘28

75 4805 218 4854 coaetasP
285 4804 319 4856 30
334 4801 394 4870 sint]
417 4810 501 4854 essent
514 4801 568 4854 BP
632 4803 712 4854 solam
730 4803 936 4871 coniugationem
950 4802 1088 4854 secundam
1103 4803 1129 4854 P
1196 4799 1229 4854 tt
1246 4801 1367 4854 babentt

76 4874 189 4926 babeant
207 4871 265 4923 BP
332 4879 446 4923 carentes
463 4873 488 4922 P
