3350 5442
709 391 780 454 ARS
1327 387 1392 456 545

1192 514 1214 556 p.
1228 501 1329 542 rasa-st
1342 499 1364 540 n.

101 582 190 650 siris,
215 587 246 640 ut
268 598 391 641 moneor
412 582 557 640 moneris:
581 587 649 642 aute
671 583 714 641 ris
736 600 752 642 e
775 583 956 651 invenimus,
979 601 1055 662 qnae
1070 590 1115 642 est
1134 580 1265 642 secunda
1286 581 1389 643 coniu-

101 667 200 742 gatio,
227 684 302 745 quae
329 665 359 726 in
387 667 563 745 promissivo
591 673 723 745 tempore
752 669 813 727 exit
840 669 871 728 in
899 667 969 737 bor,
1000 678 1030 727 ut
1052 667 1197 727 ruoncbor
1218 664 1389 726 moneberis

102 749 278 834 monebitur¹
301 747 500 828 monelbimur
525 751 720 812 monebimini
747 751 957 812 monebantur.
1001 754 1032 813 in
1055 750 1262 812 communibus
1283 768 1389 810 vereor

101 837 231 904 vereris,
255 843 322 896 ante
345 837 388 896 ris
411 853 427 895 e
450 837 598 905 invenies,
621 853 697 915 quae
719 838 810 898 mittit
832 839 1041 916 promissivum
1063 839 1094 897 in
1117 837 1184 906 bor,
1208 844 1240 897 ut
1263 833 1389 896 verebor

71 919 256 981 evereberis
277 919 432 981 verebitur
454 919 622 982 verebimur
645 921 819 982 verebimini
835 921 1032 983 verebuntur:
1055 939 1209 983 commune
1231 930 1276 982 cst
1298 922 1387 990 enim,

102 1013 135 1066 ut
157 1023 262 1066 vereor
283 1013 325 1076 te,
350 1023 454 1068 vereor
476 1025 492 1066 a
514 1012 553 1066 te.
583 1008 615 1066 in
638 1006 869 1086 deponentibus,
892 1015 926 1067 ut
946 1007 1067 1068 medeor
1089 1006 1233 1074 mederis,
1258 1013 1325 1066 ante
1347 1005 1390 1065 ris

101 1109 119 1149 e
144 1092 293 1162 invenies,
322 1109 397 1170 quae
424 1092 514 1152 mittit
540 1091 675 1152 futurum
702 1099 820 1172 tempus
847 1093 879 1153 in
901 1091 973 1163 bor,
1002 1100 1036 1153 ut
1057 1090 1199 1153 medebor
1220 1089 1389 1151 medeberis

100 1175 272 1236 medebitur
294 1175 482 1237 medebimur
503 1175 697 1238 medebimini
721 1175 930 1239 madebuntur.
975 1185 1109 1238 remanet
1136 1177 1221 1236 tertia
1249 1176 1387 1252 coniuga-

100 1262 159 1328 tio,
183 1263 267 1320 cuius
288 1261 385 1321 locum
407 1261 542 1341 implevit
569 1280 585 1321 e
613 1261 713 1324 littera
739 1270 892 1342 correpta,
921 1269 954 1324 nt
975 1263 1007 1323 in
1028 1263 1153 1342 passivis
1175 1261 1256 1338 legor
1278 1261 1387 1337 legeris

55 1367 84 1404 ιο
99 1345 227 1422 legitur:
251 1354 319 1407 ante
342 1348 384 1406 ris
406 1364 423 1406 e
446 1354 500 1407 est.
545 1346 596 1407 sed
618 1348 688 1426 quia
716 1355 887 1427 correptum
908 1356 968 1418 est,
996 1347 1092 1408 locum
1114 1354 1195 1408 tenca
1217 1364 1271 1424 pro
1293 1347 1318 1414 i;
1346 1346 1388 1404 sie

99 1448 157 1508 per
187 1431 256 1501 hoc,
286 1432 423 1510 quoniam
452 1450 469 1491 c
496 1439 667 1511 correptum
694 1440 753 1504 est,
782 1433 940 1512 procedet;
968 1439 999 1493 et
1025 1451 1084 1512 quo
1111 1430 1198 1491 modo
1227 1432 1257 1490 in
1287 1429 1390 1490 activis

99 1517 310 1592 promissivum
333 1516 452 1577 modum
474 1517 504 1577 in
527 1535 573 1578 am
595 1519 699 1587 mittit,
722 1536 781 1578 non
803 1518 834 1578 iu
858 1517 911 1586 bo,
934 1518 978 1578 sic
992 1518 1023 1577 in
1042 1517 1165 1597 passivis
1178 1517 1210 1576 in
1232 1533 1266 1576 ar
1287 1516 1387 1583 mittit,

98 1619 161 1662 non
183 1603 213 1662 in
237 1599 302 1661 bor.
346 1603 389 1662 sic
411 1603 442 1661 in
465 1601 671 1663 communibus
693 1621 726 1664 ae
748 1601 980 1683 deponentibus,
999 1610 1038 1662 'ut
1058 1609 1129 1682 puta
1151 1618 1260 1682 sequor
1283 1617 1388 1679 seque·

98 1688 160 1746 ris:
184 1693 251 1746 ante
274 1687 318 1747 ris
340 1705 356 1746 e
379 1693 547 1764 correptum
575 1693 621 1748 est
648 1705 702 1766 pro
731 1688 741 1748 i
768 1695 923 1767 correpto3
945 1689 1038 1748 mittit
1059 1687 1269 1766 promissivum
1291 1685 1321 1745 in
1344 1700 1388 1752 ar,

57 1787 84 1826 15
99 1779 133 1832 ut
156 1789 264 1850 sequar
292 1771 386 1840 dicae,
414 1788 473 1831 non
500 1770 658 1850 sequebor.
701 1781 837 1835 remanet
863 1774 951 1834 tertia
980 1772 1149 1850 coniugatio
1176 1769 1333 1851 producta,
1357 1777 1390 1828 ut

99 1865 172 1936 puta
195 1857 226 1915 iu
248 1857 383 1936 passivis
406 1862 440 1916 ut
461 1858 578 1917 nutrior
600 1858 739 1919 nutriris:
763 1865 830 1918 ante
854 1859 929 1919 risi
951 1856 1128 1936 productum
1150 1863 1206 1916 est.
1236 1856 1306 1934 quia
1328 1861 1388 1914 ter-

100 1943 144 2002 tia
166 1948 225 2008 est,
249 1941 310 2000 exit
330 1942 362 2002 in
386 1957 433 2010 ar,
457 1941 645 2002 utdicamus
667 1941 703 2002 de
725 1943 827 2004 lutnro
849 1945 981 2012 nutriam
1004 1948 1034 2002 et
1055 1943 1124 2020 quia
1146 1940 1304 2020 producta,
1329 1939 1390 1998 exit

99 2027 190 2086 etiam
213 2027 243 2086 in
266 2025 335 2096 bor,
359 2032 392 2086 ut
413 2024 545 2086 dicamus
568 2035 598 2087 et
619 2026 767 2098 nutribor.
812 2045 883 2105 ergo
905 2029 949 2088 sic
977 2025 1150 2088 observabis
1171 2027 1203 2085 iu
1225 2023 1388 2084 communi·

99 2110 158 2170 bus
181 2118 211 2169 et
232 2109 459 2190 deponentibus.
503 2111 667 2172 infinitivus
693 2130 763 2173 vero
791 2114 924 2193 ipsorum
947 2110 1105 2172 verborum
1132 2129 1149 2171 a
1170 2112 1266 2190 prima
1288 2109 1389 2169 coniu-

56 2215 85 2254 ιο
99 2196 220 2274 gatione
242 2195 372 2256 secunda
400 2201 431 2256 et
456 2197 545 2256 tertia
571 2195 714 2277 producta
741 2199 772 2257 in
795 2199 822 2257 ri
846 2199 920 2267 exit,
950 2204 982 2257 nt
1004 2203 1076 2276 puta
1098 2214 1114 2256 a
1136 2197 1248 2275 prima,
1275 2199 1308 2254 ut
1329 2192 1388 2253 cla-

100 2281 191 2348 mari,
220 2299 237 2341 a
265 2279 393 2341 secunda
422 2282 556 2350 moneri,
585 2301 601 2342 a
629 2283 716 2342 tertia
743 2281 887 2361 producta
915 2281 1033 2342 nutriri.
1077 2300 1095 2341 a
1122 2281 1210 2341 tertia
1232 2297 1302 2339 vero
1324 2295 1388 2338 cor·

100 2372 186 2444 repta
209 2383 367 2444 numquam
391 2367 452 2426 exit
474 2367 505 2425 iu
528 2367 565 2433 ri,
589 2366 641 2426 sed
663 2367 695 2426 in
717 2369 737 2436 i,
760 2375 886 2448 utputa
908 2367 967 2444 legi
989 2366 1117 2427 dicimus
1138 2367 1170 2426 in
1192 2365 1338 2425 infinitivo
1360 2368 1390 2422 et

99 2447 213 2520 scribi,
237 2469 295 2510 non
316 2449 409 2526 legeri
431 2457 462 2510 et
483 2449 626 2522 scriberi;
657 2459 687 2512 et
708 2453 794 2530 ungi,
823 2471 883 2512 non
898 2452 1029 2528 ungari,
1059 2451 1127 2529 quia
1150 2467 1229 2527 ungo
1252 2449 1388 2515 dicimus,

101 2553 161 2594 non
184 2551 290 2612 ungeo.
335 2552 403 2595 nam
425 2553 484 2614 quo
506 2534 594 2596 modo
616 2535 652 2596 de
674 2538 780 2613 ungeri
803 2545 834 2597 et
855 2539 926 2614 ungi
948 2534 1050 2597 habita
1072 2535 1206 2614 quaestio
1229 2541 1287 2602 est,
1317 2531 1389 2612 qnid

56 2637 84 2676 aa
100 2619 284 2688 diceremus,
313 2621 356 2679 sic
384 2619 419 2680 de
453 2622 564 2698 tergeri
593 2629 623 2682 et
655 2620 691 2681 de
725 2623 811 2699 tergi.
856 2622 908 2682 sed
936 2629 966 2682 et
997 2620 1141 2681 infinitivo
1174 2620 1285 2696 tergeri
1315 2616 1388 2677 dici-

100 2723 185 2774 mus,
215 2723 274 2765 non
302 2707 394 2779 tergi,
422 2705 491 2785 qnia
519 2704 678 2766 indicativo
705 2713 807 2784 tergeo
835 2708 921 2777 lacit,
944 2724 1003 2766 non
1026 2713 1120 2783 tergo.
1163 2704 1206 2766 sic
1228 2705 1259 2764 in
1281 2702 1390 2763 ceteris

100 2788 290 2859 observabis,
314 2796 361 2860 ut,
386 2789 436 2850 ubi
457 2791 607 2851 inveneris
628 2791 786 2853 secundam
802 2793 1038 2870 coniugationem
1059 2791 1087 2851 ri
1109 2787 1221 2851 habere
1243 2788 1389 2849 infinitivo

99 2874 203 2943 modo,
238 2891 274 2934 eo
297 2872 377 2935 dicas
403 2874 563 2935 indicativo
596 2877 706 2936 activae
734 2877 974 2954 significationis,
1003 2876 1101 2937 caveri
1130 2875 1245 2944 doceri,
1273 2881 1389 2934 terreor

101 2960 227 3028 terreri,
252 2976 394 3020 coercear
415 2961 563 3030 coerceri;
586 2959 658 3021 licet
680 2979 773 3039 pauca
795 2963 909 3041 primae
937 2960 1152 3038 coniugationis
1172 2960 1203 3020 in
1226 2977 1261 3020 eo
1283 2965 1389 3018 exeant

56 3061 84 3101 ao
99 3045 132 3103 in
155 3043 315 3104 indicativo
337 3045 448 3104 activae
471 3041 718 3128 signildcationis,
742 3053 867 3125 utputa
890 3064 956 3107 meo
978 3064 1076 3114 meas,
1099 3043 1156 3104 beo
1179 3043 1259 3114 beas,
1283 3043 1389 3124 laqueo

99 3128 237 3206 laqueas,
267 3132 378 3189 nauseo
406 3145 546 3199 nauseas,
576 3130 701 3191 enucleo
729 3131 884 3200 enucleas,
913 3146 1388 3199 ereocreas,exereoe1creas.

100 3213 205 3272 eodem
229 3213 316 3272 modo
337 3231 414 3292 queo
437 3223 467 3274 et
489 3233 537 3283 eo,
561 3233 636 3294 quae
651 3215 709 3274 diro
724 3222 838 3276 tautum
852 3218 960 3276 tertiae
976 3216 1176 3292 coniugationi
1199 3221 1390 3274 accesserunt

99 3297 273 3378 productae.
303 3305 374 3359 sunt
395 3306 493 3360 autem
516 3317 607 3378 pauca
629 3298 720 3361 verba
751 3319 826 3380 quae
849 3302 943 3379 magis
965 3319 1020 3380 per
1042 3298 1217 3362 anomaliam
1239 3298 1388 3367 dicuntur,
1432 3353 1435 3358 .

98 3390 135 3442 ut
157 3383 220 3444 lero
242 3383 319 3452 fers,
342 3383 408 3444 volo
431 3386 488 3453 vie,
513 3402 577 3444 sum
600 3403 647 3454 es,
672 3383 727 3444 edo
749 3403 791 3446 es.

57 3483 84 3522 es
186 3467 334 3537 Quantum
357 3469 433 3528 ratio
454 3468 614 3548 postulavit
636 3469 672 3529 de
694 3471 935 3548 coniugationum
958 3470 1063 3531 ordine
1086 3471 1287 3530 tractavimus.
1310 3485 1389 3528 nnnc

98 3552 138 3613 de
160 3553 328 3632 participiis
349 3571 442 3634 pauca
464 3552 588 3614 dicenda
611 3561 689 3616 sunt.
1007 3573 1015 3590 ·

222 3737 233 3766 ⁶
603 3722 652 3783 DE
674 3721 887 3786 Pauvlutt’tu

186 3840 344 3920 Participia
367 3841 544 3911 dictasunt,
567 3842 646 3920 quod
669 3848 783 3921 partem
806 3843 924 3922 capiant
945 3845 1074 3904 nominis
1097 3849 1270 3923 partemque
1293 3839 1388 3901 verbi.

92 3926 223 3986 trahunt
245 3927 324 3986 enim
346 3945 361 3986 a
384 3927 503 3987 nomine
526 3945 627 3996 casus,
651 3940 667 3987 a
690 3925 781 3988 verbo
802 3933 951 4006 tempora,
976 3937 1009 3988 ut
1030 3934 1101 4007 puta
1121 3928 1224 4005 legens
1245 3926 1388 3986 lecturus.

57 4029 85 4067 ao
99 4029 171 4070 ecce
195 4011 253 4070 iam
276 4017 401 4071 tractum
424 4031 440 4072 a
463 4010 553 4071 verbo
574 4011 701 4091 aliquid,
725 4012 753 4072 id
777 4018 823 4072 cst
844 4020 976 4093 tempus:
1009 4031 1077 4074 nam
1099 4011 1202 4090 legens
1223 4012 1390 4090 praesentis

99 4097 245 4174 temporis
267 4097 459 4174 participium
482 4103 541 4165 est,
565 4096 697 4158 lecturus
718 4097 823 4158 iutnri.
868 4104 899 4157 et
921 4096 1109 4158 declinantur
1135 4116 1194 4177 quo
1221 4095 1308 4156 modo
1336 4114 1388 4155 no·

99 4181 195 4250 mina,
219 4187 340 4259 utputa
364 4178 412 4240 hic
434 4180 537 4258 legens
564 4181 653 4242 huius
680 4181 807 4259 legentis
833 4181 903 4242 hnic
932 4182 1059 4262 legenti:
1089 4188 1120 4243 et
1147 4183 1191 4242 sic
1211 4199 1266 4261 per
1287 4199 1391 4241 omnes

98 4283 186 4325 casus
209 4264 343 4326 declines
364 4273 423 4326 tam
446 4266 638 4344 singulariter
660 4285 748 4345 quam
770 4266 937 4346 pluraliter.
967 4269 1011 4328 sic
1027 4275 1057 4328 ct
1076 4267 1125 4328 hic
1147 4267 1279 4328 lecturus
1300 4265 1390 4327 huius

171 4451 181 4501 1
206 4460 264 4500 aute
281 4449 346 4501 risa
364 4460 389 4500 et
404 4451 549 4501 inuauinrns
567 4453 596 4502 V
610 4461 669 4503 ante
688 4453 724 4503 ris
743 4469 756 4503 e
774 4453 819 4503 aed
837 4453 1015 4508 innenlmuss
1077 4454 1093 4502 7
1112 4468 1177 4516 quae
1191 4449 1279 4518 mittit]
1296 4452 1391 4515 quius

168 4518 186 4569 9
208 4520 323 4586 impleuit
342 4529 432 4585 quarta
452 4519 566 4576 litteras
626 4521 659 4573 to
673 4536 720 4587 pro
738 4520 758 4588 i]
780 4537 824 4589 per
840 4523 847 4571 i
867 4525 896 4574 V
898 4535 915 4578 ς
967 4521 997 4574 ll
1017 4519 1177 4589 quoniame]
1196 4531 1254 4572 ante
1273 4536 1287 4570 e
1306 4532 1323 4576 ς

98 4598 244 4655 correptum
260 4591 380 4654 estquod
400 4591 472 4641 cedet
489 4601 514 4642 at
530 4606 576 4658 per
593 4593 600 4640 i
618 4593 737 4656 quoniam
757 4593 781 4640 in
801 4594 828 4642 V
832 4605 850 4649 ς
919 4591 953 4643 le
971 4593 980 4640 i
998 4593 1146 4659 productum
1163 4593 1247 4644 habet.
1265 4605 1314 4654 ego
1331 4591 1392 4653 qraia

97 4670 174 4714 este*
228 4659 259 4710 17
278 4660 310 4710 de
324 4659 408 4711 loturo
428 4669 454 4710 ut
472 4663 569 4712 nutriar*
589 4663 616 4712 V
623 4673 640 4716 ς
700 4670 724 4712 et
743 4663 866 4728 producta
882 4662 936 4712 exit
954 4663 979 4711 in
999 4663 1079 4717 bore
1143 4665 1178 4712 2⁴
1195 4657 1291 4727 ungeo]
1311 4661 1391 4726 ungio

103 4729 131 4778 V
197 4728 283 4779 habita
302 4731 449 4794 quaestione
463 4731 559 4795 quide
628 4731 662 4782 ‘ill
680 4731 822 4783 diceremus
840 4732 924 4781 nesle
942 4734 989 4786 Vs
1059 4744 1083 4782 et
1101 4743 1180 4787 οιιι.ς
1248 4729 1283 4780 29
1300 4739 1393 4780 exeant

98 4799 239 4848 indicatiuo
259 4809 276 4853 ς
294 4807 386 4850 exeunt
405 4801 430 4850 in
448 4801 586 4852 indication
603 4802 632 4850 V
678 4799 713 4852 32
732 4801 904 4867 coniugationi
923 4811 1055 4852 cesserunt
1070 4803 1102 4853 ad
1118 4801 1269 4870 productum
1292 4801 1320 4850 V
1322 4810 1340 4854 ς

98 4867 131 4919 35
151 4865 226 4936 ratio]
246 4867 273 4917 ιιῑ
294 4871 321 4920 V
386 4869 420 4921 40
435 4868 496 4938 iam]
507 4871 584 4944 ⁸enim
604 4883 621 4926 ς
689 4871 724 4923 42
742 4868 793 4938 hic]
815 4872 853 4921 sic
871 4871 898 4920 V
902 4882 919 4926 ς
