3350 5442
336 340 395 404 108
868 327 870 331 ’
902 342 1054 403 uuunun

359 450 505 504 pat-aut„
1662 502 1663 505 ,

418 531 480 591 lloc
505 537 550 590 est
571 529 648 610 quod
668 528 741 589 dixit
762 528 798 589 de
820 528 978 590 vocalibus.
1023 540 1186 611 sequuntur
1209 536 1413 592 consonantes.
1461 546 1530 607 quas
1550 547 1612 590 con·
1662 570 1663 611 3

333 640 471 693 sonantes
499 632 597 692 divisit
623 634 654 693 in
683 632 755 693 duas
782 640 897 712 partes,
925 634 955 693 iu
984 633 1174 694 semivocales
1197 640 1227 693 et
1248 634 1398 693 immutas
1432 652 1449 683 a
1478 648 1550 709 quae
1576 634 1613 691 sic

217 746 275 809 tua,
291 734 487 804 indicuntur,
517 744 550 796 ut
577 734 705 796 diximus
732 738 882 815 superius,
913 734 1005 795 llm
1030 754 1048 795 n
1071 754 1087 795 r
1109 754 1123 794 s
1145 753 1173 795 x.
1218 754 1320 795 omnes
1349 734 1459 795 debant
1486 732 1613 793 inchoare

334 837 370 897 ab
394 857 409 897 c
432 838 528 898 littera
552 846 582 897 et
603 833 740 898 desinere
762 838 792 897 in
817 836 980 897 naturalem
1004 854 1108 897 sonum
1133 847 1253 917 excepta
1275 856 1293 896 x
1318 835 1423 897 littera.
1469 837 1522 896 ista
1544 836 1613 895 enim

317 943 392 999 non
415 938 453 998 ab
477 958 493 999 e
514 938 647 1008 inchoat,
671 939 723 999 scd
750 938 829 1001 abi.
875 937 948 1000 baec
976 945 1073 1000 autem
1101 958 1119 999 x
1147 938 1242 1000 littera
1271 956 1325 1016 pro
1353 938 1467 999 duabus
1493 939 1634 1015 iungitura

334 1041 572 1103 consonantibus.
606 1043 723 1119 penitus
746 1040 924 1119 ubicumque
947 1042 1037 1103 luerit
1058 1060 1077 1101 x
1099 1040 1211 1112 littera,
1236 1042 1278 1101 sic
1302 1049 1359 1109 est,
1384 1059 1418 1100 ac
1440 1041 1465 1100 si
1487 1039 1559 1100 duae
1578 1038 1615 1099 ibi

332 1144 398 1203 sint.
446 1142 530 1203 multi
560 1142 662 1205 dicunt
689 1146 774 1204 istam
802 1143 945 1213 litteram,
976 1141 1058 1204 multi
1088 1152 1206 1219 negant.
1252 1142 1376 1221 legimus
1399 1142 1476 1222 apud
1499 1142 1616 1203 maiores
1662 1168 1663 1177 ι

333 1254 451 1305 nostros
479 1247 589 1324 primas
617 1246 694 1325 apud
723 1246 871 1305 Romanos
899 1246 938 1305 lll
965 1245 1078 1305 litteras
1106 1247 1198 1307 luisse
1227 1253 1339 1306 tantum
1368 1244 1471 1310 modo,
1499 1253 1531 1304 ut
1552 1242 1617 1303 dicit

333 1347 440 1408 Caesar
462 1350 492 1407 in
516 1347 592 1408 libro
615 1340 815 1425 analogiarum
838 1349 951 1427 primo:
976 1349 1006 1408 in
1028 1346 1105 1408 libro
1128 1346 1328 1426 analogiarum
1346 1348 1454 1408 Caesar
1470 1346 1527 1406 boc
1542 1346 1615 1413 dicit,
1662 1418 1663 1425 ἵ

333 1447 372 1508 ΧΙ
400 1449 496 1510 luisse.
542 1450 635 1509 Varro
664 1450 750 1510 docet
776 1452 806 1510 iu
834 1448 900 1510 aliis
928 1449 1024 1518 tibris.
1055 1465 1129 1527 quos
1157 1450 1193 1509 ad
1217 1452 1325 1510 Attium
1347 1451 1482 1529 scripsit,
1511 1448 1618 1508 litteras
1628 1453 1663 1519 ιιι

332 1550 395 1610 xvt
425 1552 531 1619 luisse,
561 1559 662 1631 postea
692 1561 789 1612 tamen
818 1554 946 1611 crevisse
975 1564 1004 1611 et
1032 1552 1125 1612 lactas
1154 1570 1220 1612 esse
1242 1551 1343 1612 lllllll.
1389 1559 1488 1613 tamen
1511 1554 1618 1629 primae

332 1672 407 1732 quae
429 1655 565 1713 inventae
588 1662 656 1713 sunt
670 1654 804 1714 'luerunt
825 1652 878 1724 Xl,
902 1662 1002 1733 postea
1026 1673 1102 1734 qnae
1129 1656 1265 1715 inventae
1294 1661 1380 1723 sunt,
1403 1655 1524 1715 luerunt
1545 1651 1618 1719 lll'l;
1662 1656 1663 1689 ³

332 1764 433 1833 postca
462 1761 558 1814 autem
581 1754 674 1815 XXlll
701 1758 795 1816 iactae
823 1763 899 1817 sunt.
945 1754 1005 1816 illic
1028 1766 1294 1827 commemoratur,
1319 1756 1369 1833 qui
1391 1754 1472 1816 iliam
1496 1753 1618 1814 litteram
1662 1776 1663 1844 p

333 1857 415 1925 iecit,
439 1858 488 1936 qui
511 1857 601 1917 illam.
634 1854 637 1939 i
667 1875 738 1935 ergo
759 1860 816 1919 ista
845 1876 862 1917 x
892 1857 988 1919 littera
1011 1858 1129 1938 quando
1152 1878 1212 1919 non
1235 1860 1305 1927 luit,
1334 1876 1420 1938 quem
1444 1855 1480 1917 ad
1505 1858 1618 1917 modum
1662 1852 1663 1895 ³

332 1958 503 2021 scribebant
525 1960 592 2038 pix?
626 1961 698 2038 pies.
745 1968 774 2021 et
796 1960 875 2021 unde
898 1962 1084 2040 suspicamur
1114 1963 1179 2037 quia
1208 1979 1262 2039 pcr
1289 1980 1306 2021 c
1335 1968 1363 2019 et
1384 1980 1397 2019 s
1421 1958 1663 2020 scrihebaurrtu

331 2069 454 2141 propter
476 2064 643 2137 genetivum
667 2060 792 2140 placuit;
816 2063 929 2123 idcirco
952 2082 1005 2142 per
1028 2081 1044 2121 c
1067 2072 1132 2123 ets
1154 2061 1333 2123 scribebant.
1367 2064 1438 2121 itam
1462 2079 1515 2122 rex
1538 2060 1620 2121 aliter

331 2163 514 2231 scribebant,
537 2181 615 2240 regs.
662 2171 691 2223 et
712 2165 738 2223 si
761 2164 816 2224 hoc
838 2163 905 2262 lpco
928 2183 961 2244 g,
985 2173 1108 2245 propter
1130 2167 1298 2242 genetivum
1321 2162 1378 2223 hoc
1401 2163 1557 2225 iaciebant.
1595 2172 1622 2222 ct

231 2338 238 2348 Ι
331 2265 399 2325 ideo
421 2274 598 2346 putaverunt
619 2265 696 2326 banc
718 2265 846 2326 litteram
870 2275 1006 2327 constare
1029 2276 1078 2327 aut
1101 2285 1154 2346 per
1177 2285 1193 2326 c
1216 2273 1246 2327 et
1268 2286 1282 2327 s
1307 2264 1353 2346 [ut
1370 2264 1550 2345 scriberent]
1575 2272 1621 2323 aut
1662 2302 1663 2305 =

330 2386 384 2447 per
406 2385 425 2445 g
447 2377 477 2427 et
497 2387 526 2437 s,
555 2375 678 2447 propter
705 2370 883 2445 genetivum.
929 2367 981 2429 sed
1010 2370 1066 2430 boc
1089 2367 1209 2429 stultum
1233 2375 1285 2428 est.
1307 2390 1309 2402 ‚
1331 2369 1521 2428 inveniuntur
1544 2368 1619 2426 enim
1662 2416 1663 2419 ,

330 2471 463 2539 nomina,
492 2468 543 2529 ubi
571 2489 627 2529 nec
655 2488 671 2530 c
699 2472 737 2530 sit
764 2490 819 2531 nec
842 2488 868 2549 g.
920 2479 1042 2550 utputa
1066 2488 1158 2531 senex
1188 2470 1258 2547 quid
1281 2467 1372 2530 habet
1399 2470 1497 2529 lacere
1519 2470 1549 2528 in
1573 2482 1663 2546 gean

329 2572 446 2632 nativo?
473 2574 589 2633 senecis
617 2591 676 2633 non
703 2582 801 2652 potest
823 2574 937 2641 iacere,
962 2572 1013 2633 sed
1037 2573 1116 2632 senis
1139 2572 1217 2632 lacit.
1263 2573 1334 2632 item
1357 2570 1435 2630 alind
1459 2573 1523 2639 nia,
1548 2572 1621 2631 rriris

328 2674 413 2743 iacit,
442 2693 502 2735 non
529 2675 601 2734 lacit
627 2675 714 2742 uicis,
744 2692 803 2735 non
825 2674 896 2735 iacit
917 2676 1003 2753 nigis
1049 2673 1128 2735 unde
1151 2681 1273 2754 apparet
1294 2675 1361 2752 quia
1384 2674 1490 2733 trustra
1516 2671 1621 2751 proba·

329 2785 435 2837 verunt
467 2778 509 2836 sio
535 2774 646 2836 debere
674 2775 773 2836 scribi.
817 2777 937 2837 interim
967 2777 1023 2837 hoc
1050 2778 1127 2837 scira
1150 2775 1254 2845 debes,
1280 2777 1348 2853 quia
1371 2775 1422 2836 ubi
1445 2783 1488 2835 est
1511 2793 1544 2843 x,
1569 2791 1621 2853 pro
1662 2836 1663 2839 ,

329 2877 444 2939 duabus
466 2877 698 2938 consonantibus
722 2876 856 2939 babetur.

211 2990 316 3050 tuaac
414 2980 434 3039 S
462 2978 561 3039 littera
589 2978 665 3038 lianc
693 2978 783 3040 babet
809 2988 1001 3059 potestatem,
1030 2989 1062 3042 ut
1091 2980 1141 3041 ubi
1169 2998 1244 3059 opus
1273 2980 1361 3040 luerit
1389 2978 1655 3040 exclamantes

330 3090 441 3150 metro,
466 3081 613 3160 ‘ponite
636 3100 721 3160 spes
743 3082 816 3142 sibi
839 3085 1029 3166 qnisquo',
1054 3083 1155 3162 ponite
1172 3079 1305 3161 dactylus
1328 3089 1387 3151 est;
1412 3082 1463 3142 sed
1487 3084 1623 3159 sequitur

329 3189 397 3243 set
419 3201 452 3261 p,
483 3193 512 3241 et
538 3183 607 3242 lacit
634 3182 766 3259 longam,
798 3193 827 3245 et
856 3186 914 3245 iam
942 3186 1046 3263 incipit
1074 3202 1138 3245 csse
1167 3182 1386 3263 amphimacrus
1413 3202 1467 3263 pro
1496 3183 1622 3263 dactylo.

332 3304 404 3363 ergo
426 3285 494 3362 quid
517 3285 669 3362 sequitur?
699 3295 730 3345 ut
750 3287 913 3365 proiciatur
935 3306 949 3346 s
978 3286 1084 3347 littera.
1130 3304 1201 3363 crgo
1223 3286 1291 3347 talis
1314 3294 1358 3347 est
1379 3304 1407 3355 s,
1431 3284 1535 3364 quales
1558 3292 1624 3345 sunt

245 3441 250 3448 .
329 3386 478 3467 liquidae?
506 3404 573 3446 nam
602 3393 631 3447 et
658 3385 788 3465 liquidae
817 3388 1014 3449 excluduntur
1042 3386 1078 3447 dc
1106 3395 1210 3448 metro.
1257 3386 1369 3467 duplici
1392 3383 1396 3471 1
1420 3388 1539 3448 ratione
1569 3387 1623 3446 lroc

329 3491 426 3568 ipsum
454 3488 564 3548 dicunt.
601 3506 659 3548 uua
687 3488 760 3550 levis
788 3498 834 3549 est
859 3492 950 3559 ratic,
979 3489 1033 3550 alia
1056 3489 1264 3551 valentissima.
1308 3488 1393 3550 multi
1415 3488 1517 3549 dicunt
1540 3488 1663 3557 illudat:

451 3608 632 3615 --—-.——

398 3662 413 3707 ¹2
432 3662 545 3708 lacunam
558 3660 674 3721 indicaui,
689 3677 739 3725 pua
756 3662 867 3723 definitio
884 3662 1062 3710 serrricoculium
1081 3660 1207 3710 excidisse
1225 3660 1325 3710 videtur
1383 3664 1397 3710 4
1418 3668 1526 3724 exceptu
1546 3676 1565 3709 x
1585 3662 1623 3710 lit-

329 3739 382 3779 tera
400 3744 465 3792 quac
483 3744 564 3793 neque
583 3730 614 3779 ab
633 3747 646 3778 e
664 3729 766 3779 inchoat
784 3746 865 3793 nequo
884 3732 908 3779 in
928 3731 1049 3779 edrsinit
1065 3730 1109 3779 sed
1129 3734 1160 3779 ab
1178 3731 1184 3779 i
1204 3731 1224 3780 C
1292 3730 1307 3780 5
1323 3730 1436 3796 iungitur
1454 3730 1511 3779 AB
1531 3732 1623 3797 lunga·

329 3812 369 3848 tur
387 3800 411 3849 L
428 3801 530 3863 ponitur
548 3799 569 3848 G
636 3800 653 3849 o
673 3801 772 3864 penitus
791 3802 944 3862 ubicumque
961 3800 1016 3849 AB
1030 3801 1132 3867 penitus
1149 3802 1192 3851 ubi
1210 3800 1231 3851 G
1242 3802 1345 3866 ponitur
1362 3804 1514 3863 ubicumque
1530 3802 1555 3851 L

329 3871 366 3919 sic
385 3886 441 3920 csse
461 3871 535 3918 debet
558 3884 588 3917 oc
606 3871 628 3917 si
647 3870 712 3919 duae
733 3872 766 3919 ibi
785 3872 834 3918 sint
853 3882 1022 3921 consonantes
1048 3868 1118 3919 multi
1137 3886 1151 3918 c
1169 3880 1194 3920 et
1214 3870 1329 3920 scimur
1346 3871 1420 3921 istam
1439 3872 1482 3919 litt
1494 3887 1551 3919 ram
1568 3887 1625 3923 csse

329 3940 399 3988 multi
421 3939 554 4004 neganti)
622 3941 638 3989 8
661 3942 755 4005 primas
774 3941 863 3989 Aac
890 3941 1017 4003 primisC
1088 3950 1114 3987 ut
1137 3940 1198 3989 dicit
1217 3955 1305 3989 caesar
1329 3942 1354 3989 in
1373 3940 1435 3989 libro
1454 3939 1492 3988 Cb
1514 3956 1544 3990 ut
1564 3943 1625 3990 dicit

327 4010 401 4075 (dicit
421 4026 467 4057 om.
482 4008 529 4070 Ἀ,
549 4009 610 4061 redd.
631 4009 661 4072 α)
679 4026 768 4058 caesar
789 4010 940 4061 tibro'AB:
961 4020 987 4059 ut
1008 4024 1093 4059 cessar
1117 4010 1141 4058 in
1170 4012 1233 4060 libro
1254 4010 1428 4076 ortalogiarum
1450 4011 1537 4073 primo
1563 4011 1625 4060 lraec

328 4081 389 4129 dicit
408 4078 543 4141 >tt-tuisse
566 4080 586 4127 L
657 4080 690 4129 to
708 4079 774 4147 alis]
803 4081 852 4130 alis
873 4081 896 4129 L
966 4082 997 4129 ad
1017 4080 1110 4129 actium
1133 4080 1246 4129 ABGL
1319 4081 1406 4130 scribit
1429 4096 1498 4132 corr.
1522 4084 1625 4146 scripsit

327 4151 352 4200 A
423 4150 448 4197 tn
469 4148 524 4199 xm
547 4148 626 4199 luisse
647 4151 740 4203 L
762 4150 805 4213 (lit
825 4152 907 4212 fuisse
929 4150 1039 4211 uidetur)
1065 4148 1109 4199 XU
1134 4150 1216 4199 fnisse
1238 4151 1261 4199 Α
1284 4150 1339 4202 XUl
1359 4148 1439 4199 luisse
1460 4148 1483 4196 B
1510 4152 1625 4201 sedecim

328 4220 447 4269 tuissec
534 4219 564 4268 ll
583 4228 665 4268 tamen
689 4220 723 4269 Xl
743 4221 896 4270 creuisseL
946 4216 949 4223 “
985 4221 1017 4271 12
1035 4229 1094 4270 snut
1109 4222 1196 4283 priora
1215 4224 1270 4273 loeo
1290 4238 1335 4274 oar.
1358 4220 1380 4268 L
1463 4220 1572 4270 luerunt
1591 4220 1625 4269 xt

327 4289 459 4351 (undecim
479 4294 503 4345 c)
521 4296 611 4353 postea
628 4304 692 4351 qnae
709 4291 826 4339 inuentae
847 4302 903 4340 sunt
924 4291 1024 4341 luerunt
1041 4288 1096 4340 XUl
1118 4290 1239 4349 (sedcim
1253 4292 1279 4348 ci
1300 4290 1406 4339 ABLc
1425 4289 1530 4339 luerunt
1552 4302 1625 4341 sene-

328 4359 415 4410 cimO
484 4371 572 4423 postea
592 4357 667 4427 qrrae]
690 4373 777 4424 postea
795 4376 870 4423 qnam
886 4360 1070 4411 Kinnamonmaa
1091 4360 1176 4411 Pdilol
1199 4376 1221 4413 o.
1244 4360 1290 4409 llll
1309 4364 1345 4426 (α.
1365 4358 1447 4415 185ῑ)
1462 4374 1488 4420 p.
1512 4362 1566 4411 atil

329 4428 361 4480 13
381 4439 467 4493 postea
488 4440 570 4477 autern
592 4428 673 4479 xxm
693 4430 717 4478 A
738 4431 902 4479 sostenium
923 4430 969 4479 XX
986 4442 1010 4480 et
1028 4432 1059 4481 ΙΙΙ
1081 4440 1121 4493 (ει
1140 4440 1190 4479 tres
1208 4430 1242 4492 0)
1260 4431 1300 4481 Ca
1321 4439 1407 4491 postea
1426 4428 1474 4479 llll
1490 4431 1511 4478 ll
1537 4432 1562 4481 B
1581 4447 1626 4498 po·

328 4511 380 4549 stra
398 4514 473 4560 quam
492 4498 573 4546 Xth
596 4500 617 4547 L
689 4500 720 4549 la
739 4500 796 4549 lacit
815 4500 858 4563 qui
879 4500 947 4549 iliam
963 4501 1019 4550 AB
1037 4500 1097 4549 lecit
1116 4500 1158 4565 qui
1177 4499 1244 4548 illam
1263 4502 1305 4562 qni
1322 4500 1390 4549 iilam
1406 4500 1449 4551 Oa
1469 4500 1534 4550 lacit
1550 4502 1574 4549 L

329 4570 360 4619 15
374 4570 416 4633 pix
432 4569 486 4632 pira
503 4568 564 4617 cao
581 4570 625 4634 pix
638 4571 704 4634 picis
719 4570 805 4620 ABL
859 4570 892 4620 lo
905 4571 1048 4619 scribebant
1064 4586 1124 4635 rcgs
1140 4570 1320 4620 Bsrribehaot
1338 4585 1396 4635 regs
1409 4569 1478 4633 regis
1494 4570 1519 4620 G
1532 4572 1627 4620 scribe-

328 4640 386 4686 bam
405 4638 540 4704 regisAL
585 4640 805 4690 rotiana-Auo
850 4640 882 4690 21
898 4655 997 4691 senecis
1012 4656 1060 4689 uon
1080 4639 1218 4705 potestBG
1231 4641 1323 4688 seuicis
1336 4654 1382 4688 uon
1398 4640 1627 4705 potestheuieis

327 4710 407 4766 (corr.
422 4709 531 4767 senecia,
544 4710 638 4759 senicis
651 4710 712 4763 add,
728 4709 757 4769 a)
774 4724 823 4758 nou
836 4711 954 4775 pausia
1009 4713 1068 4760 item
1086 4712 1154 4759 aliud
1176 4712 1220 4760 nix
1238 4711 1305 4759 niuis
1325 4710 1384 4759 lac-ir
1403 4724 1452 4758 uon
1472 4710 1541 4760 uicis
1560 4714 1628 4763 nude

327 4787 434 4843 apparet
452 4779 475 4827 L
533 4781 566 4826 '2⁰2
587 4794 635 4828 uon
653 4779 712 4829 lucit
729 4780 796 4845 oigis
814 4782 837 4829 Α
858 4795 907 4829 non
928 4779 988 4829 lacit
1006 4781 1074 4841 arigis
1091 4782 1135 4830 sed
1154 4780 1215 4829 lucit
1235 4782 1301 4830 trinis
1322 4780 1392 4829 lica
1445 4780 1479 4832 '23
1496 4784 1562 4844 quia
1583 4784 1627 4833 ubi

328 4858 365 4895 rot
382 4863 400 4895 x
416 4848 502 4897 -ABG
520 4849 579 4911 quia
598 4850 641 4896 ubi
661 4851 702 4899 oui
723 4862 761 4898 cst
778 4866 794 4898 x
812 4867 829 4900 o
846 4851 905 4913 quin
923 4865 939 4897 x
958 4852 982 4900 L
1053 4852 1086 4900 to
1105 4856 1200 4917 ponite]
1227 4852 1306 4916 Ver-p.
1325 4851 1390 4902 Aca.
1412 4848 1446 4898 Xl
1464 4850 1517 4902 309
