3350 5442
337 396 401 461 438
906 398 1057 461 Pflocse

363 517 384 559 p.
398 504 482 546 soem
495 503 518 546 ι
1425 519 1448 561 p.
1463 508 1563 548 ruo-22
1575 505 1597 548 r.

337 603 393 645 nec
421 604 481 646 non
508 585 598 647 etiarn
626 587 657 645 in
685 587 856 665 participiis
876 588 1033 665 utriusque
1055 587 1209 666 temporis.
1252 605 1345 648 unum
1367 605 1405 647 ex
1426 585 1476 647 bis
1497 587 1546 646 odi
1567 587 1617 648 duo

337 690 496 767 participia
518 690 590 748 lacit
611 690 767 766 praeteriti
790 691 935 768 temporis
955 690 1068 766 figurae
1091 691 1282 768 compositae,
1307 707 1415 749 exosus
1436 696 1468 749 et
1488 707 1616 770 perosus.

338 797 408 850 sunt
434 791 489 852 alia
518 808 593 870 quae
621 791 654 850 in
681 793 761 850 omni
790 789 987 852 declinatione
1021 790 1168 851 secundae
1195 799 1265 852 snnt
1291 791 1512 868 coniugationis
1538 799 1569 850 et
1592 794 1616 850 in

336 893 453 953 infinito
475 894 560 972 quasi
582 893 689 952 tertiae
713 900 869 972 correptae
891 893 1100 972 proferuntur:
1123 893 1223 970 fulgeo
1237 895 1387 955 inlinitum
1408 892 1524 970 fulgere
1544 893 1617 958 lacit

337 993 438 1054 ferveo
459 995 593 1063 fervere,
617 993 740 1055 obsideo
763 993 913 1055 obsidere.
956 993 1065 1055 lectum
1088 1002 1134 1055 est
1155 1003 1186 1056 et
1207 995 1310 1065 strido,
1332 994 1412 1075 quod
1434 1003 1481 1056 est
1504 998 1635 1061 tertiar:⁵

337 1095 387 1156 alii
411 1102 443 1156 ut
465 1097 611 1158 secundae
634 1097 811 1176 proferunt,
834 1113 869 1158 ac
884 1098 1011 1157 maxime
1027 1097 1164 1158 Lucanus
1184 1096 1274 1158 huius
1294 1097 1375 1158 modi
1397 1095 1618 1158 declinationem

337 1198 529 1281 usurpavit}

420 1299 517 1362 Verba
544 1310 604 1363 tam
633 1303 748 1381 passiva
775 1319 865 1381 quarn
892 1300 1071 1380 deponentia
1097 1319 1153 1363 nec
1175 1320 1234 1363 non
1257 1303 1347 1362 etiam
1369 1302 1555 1370 communia,
1575 1319 1619 1360 ro-

337 1403 511 1483 iuscumque
533 1405 594 1465 sint
615 1403 850 1482 coniugationis‚
873 1405 1069 1482 praeteritum
1091 1406 1258 1484 perlectum
1279 1406 1312 1465 in
1334 1404 1388 1466 bas
1409 1402 1538 1485 syllabas
1559 1406 1618 1462 mit·

335 1511 417 1574 tunt,
446 1507 479 1565 in
506 1512 567 1576 tus,
595 1507 628 1566 in
656 1513 736 1576 ctus,
765 1507 796 1566 in
820 1524 885 1576 sus,
913 1509 945 1566 in
967 1523 1037 1576 rus,
1060 1506 1200 1567 adiuncto
1222 1508 1253 1567 iu
1276 1506 1415 1567 omnibns
1435 1523 1503 1566 sum
1523 1503 1645 1568 verbor·

336 1613 370 1668 ut
392 1625 474 1668 arnor
497 1615 613 1669 amatus
635 1626 716 1679 sum,
740 1607 849 1668 doceor
863 1606 970 1694 doctus
985 1627 1065 1677 sum,
1088 1611 1186 1688 petior
1207 1625 1312 1688 passus
1334 1627 1415 1677 sum,
1437 1610 1521 1668 nitor
1541 1609 1621 1667 nixus

337 1727 412 1769 siun.
456 1715 597 1785 potantur
618 1728 712 1790 pauca
734 1728 809 1790 qnae
832 1711 864 1770 in
886 1712 1050 1790 praeterito
1077 1709 1232 1781 deliciunt,
1262 1713 1379 1790 passiva
1400 1709 1523 1790 quidem
1546 1708 1620 1776 baec,

335 1811 418 1872 feror
441 1813 534 1872 ferior
555 1811 658 1873 tollor:
681 1813 795 1873 faciunt
822 1814 902 1872 enim
930 1813 1127 1892 praeteritum
1149 1812 1226 1874 latus
1247 1831 1329 1883 sum,
1352 1815 1430 1873 ictus
1451 1829 1533 1886 surn,
1557 1810 1620 1870 sub

324 1913 414 2004 llatus
442 1933 522 1976 sum:
551 1933 657 1994 poscor
686 1911 828 1995 (namque
850 1913 907 1974 boc
929 1932 1046 1994 quoque
1070 1914 1170 1975 delicit
1196 1917 1228 1975 in
1255 1913 1435 1995 praeterito)
1462 1913 1622 1994 posttdatus

337 2035 416 2087 sum,
445 2034 554 2094 arguor
582 2019 735 2077 convictus
762 2035 844 2087 sum;
873 2016 1012 2077 similiter
1038 2024 1155 2078 metuor
1183 2025 1214 2078 et
1239 2019 1349 2078 timeor
1374 2015 1487 2077 nullom
1515 2015 1646 2077 namuro

336 2119 514 2197 perfectum.
544 2118 722 2198 deponentia
744 2137 815 2180 vero
837 2119 921 2189 haec,
944 2136 1047 2179 vescor
1068 2120 1154 2180 fruor
1174 2119 1297 2180 medeor
1319 2119 1418 2200 liquor
1438 2121 1620 2186 reminiscor,

336 2222 467 2301 quaein
489 2225 654 2301 praeterito
682 2223 725 2282 sic
753 2221 963 2302 proferuntur,
991 2228 1095 2300 pastus
1116 2239 1196 2292 snm,
1225 2225 1337 2301 potitus
1359 2238 1439 2290 snm,
1462 2219 1622 2281 medicatur

336 2339 416 2392 sum,
443 2315 623 2402 liquefactus
651 2341 732 2388 sum.
745 2323 935 2403 [recordatus
962 2340 1042 2394 sunm
1069 2341 1146 2403 quae
1173 2321 1211 2384 ab
1239 2323 1296 2384 alio
1319 2325 1470 2403 praesenti
1491 2325 1620 2384 veniunt
1655 2340 1656 2357 ²

335 2424 388 2485 sed
411 2425 447 2486 ad
470 2425 709 2505 supplementum
732 2425 940 2486 declinationis
962 2423 1119 2485 defectivis
1140 2425 1415 2487 adcommodantur.
1444 2431 1516 2486 sunt
1536 2442 1620 2504 quae·

336 2526 403 2587 darn
431 2527 611 2607 doponentia
639 2531 771 2590 incertae
794 2528 1028 2604 coniugationis,
1051 2528 1125 2588 baec
1147 2526 1223 2598 sola,
1246 2530 1329 2588 orior
1349 2529 1460 2607 potior.
1503 2545 1573 2588 narn
1592 2527 1646 2586 ior

335 2626 344 2712 [1
366 2629 496 2692 secunda
518 2648 646 2710 persona
667 2633 786 2692 numeri
808 2627 969 2707 singularis
983 2631 1091 2689 tertiae
1106 2629 1268 2709 productae
1290 2637 1375 2700 sunt,
1397 2629 1454 2690 hoc
1476 2636 1525 2690 est
1538 2647 1620 2710 quer·

333 2738 381 2794 tae
410 2733 641 2810 coniugationis,
671 2739 701 2793 et
726 2733 758 2792 in
786 2734 938 2812 praesenti
963 2739 1096 2811 tempore
1117 2733 1227 2792 infiniti
1250 2730 1348 2793 modi:
1379 2733 1472 2792 oriris
1492 2735 1575 2792 enim
1595 2741 1620 2790 et

263 2893 267 2902 ,
335 2836 442 2913 potiris
470 2842 500 2895 et
521 2836 594 2895 item
615 2835 687 2894 oriri
710 2841 740 2894 et
761 2836 853 2913 potiri
875 2832 1018 2904 dicimus;
1041 2833 1157 2914 reliqua
1179 2833 1216 2894 ad
1238 2833 1407 2914 exemplum
1428 2835 1538 2894 tertiae
1561 2850 1619 2892 ror-

326 2943 437 3016 ¹reptae
464 2937 661 2998 declinantur.
705 2944 774 2997 sunt
807 2936 865 2997 alia
892 2954 968 3016 quae
996 2955 1014 2996 a
1042 2935 1159 2996 diverso
1181 2936 1304 2998 veniunt
1324 2937 1495 3015 praesenti,
1519 2935 1619 2995 sedin

334 3041 497 3118 praeterito
525 3038 760 3110 confunduntur,
789 3045 822 3099 ut
849 3039 947 3118 patior
973 3055 1078 3119 passus
1105 3055 1185 3107 sum,
1214 3037 1329 3117 pandor
1355 3055 1461 3118 passus
1487 3055 1571 3106 snm,
1591 3045 1647 3096 ms

335 3141 413 3220 apud
439 3137 604 3218 Vergilium
632 3139 822 3201 ‘crinibus
848 3139 989 3200 lliades
1015 3142 1170 3220 pessis'3
1199 3141 1271 3200 item
1293 3146 1394 3200 vertor
1416 3157 1521 3200 versus
1549 3157 1618 3206 snm,

335 3260 439 3304 verror
466 3259 570 3304 versus
598 3261 679 3315 sum,
706 3250 740 3304 ut
767 3242 846 3322 apud
874 3241 1002 3302 eundem
1029 3242 1083 3302 ‘et
1110 3259 1219 3302 versa
1246 3240 1370 3321 pulvis
1390 3241 1619 3302 inscribitur

333 3345 469 3406 basta’.
515 3352 583 3405 sunt
606 3345 663 3406 alia
685 3343 912 3425 impersonalia,
940 3361 1016 3424 quae
1045 3343 1211 3424 adsumptis
1241 3342 1470 3423 pronominibus
1501 3342 1616 3403 ablatim‘

334 3465 420 3508 casus
442 3446 630 3508 declinantur
652 3454 681 3509 et
703 3466 720 3509 a
742 3446 842 3507 verbis
856 3446 955 3506 neutri
970 3448 1090 3524 generis
1104 3447 1270 3524 tlgurantur
1284 3444 1330 3505 vel
1352 3445 1389 3506 ab
1413 3445 1527 3514 activis,
1548 3463 1616 3524 quse

334 3548 465 3610 dativum
487 3567 589 3612 casum
610 3551 642 3609 in
664 3551 743 3610 serie
766 3550 910 3609 orationis
923 3546 1104 3631 admittunt,
1135 3555 1169 3608 ut
1196 3548 1317 3608 sedetur
1339 3545 1508 3608 ambulatur
1530 3554 1643 3606 mona

333 3659 483 3732 pugnatur
504 3652 564 3712 itur
586 3651 736 3713 studetur:
761 3647 774 3730 11
798 3652 921 3711 veniunt
942 3651 1037 3721 enim,
1065 3658 1099 3711 ut
1125 3650 1319 3720 dictumest,
1343 3668 1359 3710 a
1381 3651 1512 3716 neutris,
1535 3647 1615 3707 sedeo

334 3752 452 3816 ambulo
482 3761 528 3814 stc
555 3773 654 3834 pugno
681 3773 716 3814 eo
744 3753 862 3814 studeo.
904 3753 953 3814 bis
979 3754 1069 3813 ctiam
1091 3753 1274 3814 Graecorum
1299 3753 1485 3821 iactantiam,
1508 3753 1614 3830 siquam

334 3857 371 3917 de
393 3859 478 3936 copia
501 3857 646 3918 sermonis
668 3864 823 3925 exercent,
852 3855 1031 3926 refutamus,
1059 3853 1138 3934 quod
1160 3854 1234 3914 haec
1256 3855 1378 3933 proprie
1399 3859 1552 3933 nequeunt
1569 3869 1613 3910 er·

403 4097 435 4148 12
454 4104 572 4146 notentur
590 4110 673 4162 peuce
693 4094 769 4148 Odor.
784 4093 845 4156 249,
862 4093 889 4148 8.
909 4091 1062 4154 oromate,
1077 4093 1111 4143 22
1165 4092 1201 4142 24
1218 4099 1278 4142 sunt
1294 4091 1345 4142 alie
1363 4092 1446 4146 Dion.
1459 4090 1522 4155 377,
1538 4090 1567 4140 21

332 4167 367 4219 28
383 4174 443 4217 sunt
460 4166 510 4216 ella
526 4165 706 4232 impersonalia
723 4167 803 4216 Diem
814 4163 877 4226 3911,
896 4161 929 4215 13

402 4407 607 4462 41ιιοίῑοιιι.Ρ
673 4405 820 4458 dmaximo
838 4405 863 4454 P
931 4403 1109 4470 iusurpauit.
1129 4417 1161 4452 nr
1177 4417 1257 4452 nrnso
1276 4413 1388 4453 ressroo.
1408 4400 1491 4453 Uerbe
1502 4399 1557 4451 Pr

332 4479 524 4543 SeuiusqneP
575 4477 748 4530 lotntustn
767 4485 822 4526 ctus
841 4475 1040 4532 §ictusictus
1059 4471 1320 4538 PintueingusF
1372 4470 1403 4521 11
1422 4471 1516 4522 doceor
1532 4468 1609 4520 doctus

333 4565 389 4600 sum
403 4565 449 4601 om.
465 4549 492 4598 P
563 4543 666 4614 passus]
687 4556 774 4613 paetus
793 4547 818 4596 F
903 4545 979 4594 nixus
997 4543 1138 4605 Psnissns
1152 4543 1178 4592 F
1193 4543 1301 4597 risose
1387 4539 1420 4592 13
1438 4541 1536 4591 faciunt
1553 4540 1608 4588 euim

332 4635 378 4669 om.
396 4618 422 4668 F
490 4617 522 4668 17
541 4618 680 4669 medicatus
697 4632 754 4668 sum
774 4630 821 4665 om.
839 4615 904 4678 PF,
923 4613 1021 4669 adde
1109 4612 1143 4663 22
1157 4609 1244 4676 oriris]
1266 4610 1317 4660 oris
1334 4611 1359 4660 Ρ
1443 4611 1478 4661 23
1495 4619 1525 4659 ut
1539 4610 1610 4676 potior

333 4704 427 4754 passus
441 4703 497 4738 sum
516 4689 615 4755 pendor
632 4701 723 4752 pessus
740 4701 796 4736 sum
816 4698 833 4742 ς
852 4693 879 4732 ut
897 4685 980 4751 potior
997 4697 1088 4749 passus
1104 4697 1160 4732 som
1179 4683 1205 4734 P
1217 4692 1244 4732 ut
1261 4679 1359 4747 pendor
1373 4695 1466 4747 passm
1478 4679 1570 4730 euml*

334 4759 367 4810 26
385 4755 506 4824 crinibus]
534 4755 798 4824 Verp.Aeo.1480
849 4751 952 4819 lliades]
971 4753 1055 4803 alinde
1072 4753 1098 4801 F
1165 4751 1199 4802 27
1214 4760 1239 4804 et
1255 4747 1339 4816 versa]
1365 4751 1524 4817 Ver-Men.
1542 4751 1551 4798 l
1567 4745 1609 4796 178

402 4826 557 4893 inscribitur]
575 4829 602 4877 in
617 4827 657 4877 bis
675 4825 764 4878 scribit
782 4826 807 4874 P
857 4821 891 4873 32
910 4823 950 4872 his
967 4823 1035 4873 enim
1051 4823 1096 4879 rs
1114 4823 1141 4872 in
1156 4821 1197 4872 bis
1214 4820 1313 4883 enims
1361 4819 1512 4871 Gmeeorum
1526 4821 1608 4870 neuu-

334 4901 394 4948 tiam
413 4913 459 4948 om.
479 4897 504 4945 P
570 4897 604 4948 33
622 4895 685 4945 baec
698 4897 815 4962 propriae
834 4894 859 4942 P
870 4892 933 4943 baec
950 4893 1055 4959 propria
1069 4893 1094 4941 F
1109 4907 1155 4941 nec
1172 4893 1309 4956 proprias
