3350 5442
618 286 855 349 COMMENTVM
1320 287 1379 351 181

1194 410 1215 450 p.
1231 399 1319 438 ror-ca
1332 394 1355 436 u

92 494 165 537 nere.
210 494 269 555 quo
298 475 385 536 ruodo
418 475 474 535 lroc
500 482 599 554 potest
626 476 719 557 lieril
740 477 765 535 si
788 494 897 537 nomen
919 477 1119 555 conpositum,
1150 484 1182 537 ει
1203 477 1292 547 dixit,
1320 497 1381 538 non

92 584 181 658 potest
203 578 347 657 conponi,
373 596 429 655 quo
452 577 541 639 modo
563 583 661 657 potest
683 580 811 657 conponi
835 578 872 639 de
893 578 1047 659 pluribus?
1080 599 1149 641 uam
1172 578 1290 659 quando
1313 580 1380 640 dico

92 681 203 751 doctus,
233 698 291 743 una
319 698 368 741 res
396 687 454 749 est;
484 680 603 758 quando
632 679 699 739 dico
727 680 879 749 indoctus,
909 679 986 741 duae
1014 699 1063 741 res
1086 689 1164 743 sunt.
1209 701 1269 761 quo
1291 681 1380 744 modo

91 802 239 864 possumus
261 783 298 843 de
320 781 457 862 pluribus
479 799 662 863 conponere,
686 783 742 843 nisi
765 784 950 862 conpositum
973 786 1084 844 iterum
1106 785 1326 862 conponamusl
1349 794 1382 846 ει

70 894 131 947 sest
150 884 222 946 illud
246 886 326 961 quod
346 885 485 963 legimuS,
516 883 720 966 expugnabilis
746 871 995 963 inexpudnabilis.
1041 885 1108 947 ideo
1132 885 1233 947 videor
1256 886 1292 947 de
1313 885 1379 966 plu-

91 988 166 1049 ribus
188 990 408 1068 conposuisse,
432 989 571 1068 quoniam
594 990 653 1049 iam
676 988 863 1066 conpositum
887 1006 996 1048 nomen
1019 990 1172 1067 conposui.
1204 990 1258 1049 iste
1280 997 1379 1049 autem

91 1090 156 1151 dixit
177 1092 207 1151 in
230 1092 380 1169 principio
409 1092 528 1151 nomina
551 1091 707 1170 conposita
728 1108 789 1151 non
811 1108 899 1168 posse
921 1091 1065 1170 conponi,
1095 1092 1218 1152 etitem
1240 1090 1314 1151 dixit
1335 1099 1379 1153 ta·

90 1211 151 1253 meu
180 1191 250 1265 ‘sed
279 1192 432 1254 sciendum
461 1200 505 1253 εει
528 1194 615 1254 etiam
638 1192 676 1253 de
698 1191 832 1272 pluribus
854 1210 941 1272 posse
964 1193 1120 1272 conponi'.
1166 1195 1315 1254 contraria
1338 1194 1379 1253 vi-

91 1294 203 1356 dentur.
234 1295 383 1356 contraria
406 1302 476 1355 εεει
497 1295 615 1375 quidem
639 1293 674 1356 ad
698 1294 797 1365 verba,
819 1295 857 1355 ad
878 1295 1025 1355 rationem
1047 1313 1108 1355 non
1129 1303 1201 1355 εεει
1222 1297 1379 1357 contraria.

61 1398 160 1457 uscire
190 1399 270 1458 enirn
300 1396 405 1468 debes,
435 1416 510 1479 quae
539 1399 657 1459 nomina
687 1400 840 1479 conposita
863 1404 946 1467 sunt,
970 1399 1069 1457 omnia
1092 1396 1265 1459 naturaliter
1287 1397 1380 1458 semel

91 1500 237 1579 conposita
267 1508 350 1567 sunt;
381 1518 440 1561 non
470 1509 592 1579 possunt
620 1502 677 1561 iam
701 1498 827 1580 amplius
850 1501 988 1579 conponi.
1034 1498 1085 1560 sed
1109 1500 1135 1559 si
1158 1499 1286 1561 volueris
1308 1518 1379 1560 ecn-

91 1620 195 1681 ponere
223 1603 255 1661 in
286 1600 523 1679 similitudinem,
552 1609 678 1682 possunt
704 1604 812 1664 iterum
843 1604 980 1681 conponi.
1025 1620 1094 1662 nam
1121 1600 1196 1662 haec
1217 1602 1281 1680 ipsa
1303 1620 1380 1681 quae

92 1706 235 1782 conposita
265 1712 334 1768 sunt
362 1703 398 1763 de
427 1702 578 1783 pluribuS‚
601 1706 632 1765 in
646 1703 880 1767 ‚similitudinem
903 1710 1104 1766 revertuntur.
1149 1720 1311 1781 numquam
1333 1705 1379 1765 in-

91 1808 165 1867 venis
192 1825 304 1868 nomen
332 1808 363 1867 in
390 1806 570 1868 contrarium
601 1809 795 1887 conpositum.
843 1815 913 1887 puta
941 1805 1025 1867 felix:
1062 1807 1113 1884 qui
1142 1814 1187 1867 est
1213 1807 1301 1867 lelixl
1329 1807 1379 1888 qui

62 1908 173 1969 rehahet
200 1928 375 1989 prosperam
403 1908 567 1978 fortunam;
603 1927 671 1969 ecee
700 1909 792 1970 habes
819 1909 1074 1987 significationem.
1120 1927 1255 1987 conpone
1288 1908 1378 1970 illud:

91 2113 173 2175 lucris
196 2132 381 2194 conponere,
405 2113 524 2191 regredi
546 2112 635 2174 habet
658 2115 754 2193 prima
769 2114 945 2192 significatio
961 2110 1129 2173 damnatam
1144 2115 1378 2192 conpositionem

90 2214 231 2285 iniulelix,
262 2214 376 2277 sublata
404 2216 459 2275 ista
486 2234 534 2276 re:
564 2214 621 2276 hoc
650 2234 708 2276 non
736 2215 820 2287 licet,
844 2215 899 2275 ista
922 2216 1087 2294 conpositio
1110 2232 1170 2275 non
1193 2215 1376 2277 conceditur.

91 2327 217 2379 ceterum
239 2319 297 2377 iam
321 2314 540 2397 conpositiones
564 2316 651 2399 [iam]
676 2316 825 2397 simplices
847 2323 924 2378 sunt.
968 2323 1038 2396 puta
1061 2316 1242 2396 pugnabilis,
1267 2334 1378 2396 expug-

61 2419 205 2481 orabilis:
230 2418 310 2479 idem
333 2427 377 2479 εει
400 2419 617 2498 expugnabilis,
640 2419 719 2499 quod
735 2427 780 2479 est
794 2418 977 2499 pugnabilis,
1001 2417 1070 2479 ‘ille
1093 2417 1176 2479 locus
1198 2426 1243 2479 est
1263 2436 1377 2499 pugua-

90 2520 176 2592 bilis’,
208 2522 264 2582 hoc
294 2529 337 2582 est
365 2524 415 2598 qui
443 2522 535 2601 possit
557 2539 652 2600 paene
675 2522 767 2590 dirui;
796 2524 869 2582 ‘iste
892 2520 975 2582 locus
997 2528 1042 2582 est
1064 2520 1296 2602 expugnabilis’,
1320 2521 1377 2583 hoc

92 2631 131 2684 εει
156 2625 206 2705 qui
234 2624 330 2703 possit
355 2642 451 2704 paene
479 2623 565 2685 dirui.
610 2622 848 2704 inexpugnabilis
871 2641 931 2683 non
954 2622 1087 2683 videatur
1109 2626 1196 2684 tertia
1219 2642 1285 2684 esse
1307 2641 1377 2685 con·

90 2728 205 2805 positio,
226 2723 231 2807 Ι
250 2726 303 2787 sed
326 2726 464 2787 secunda.
509 2724 644 2787 similiter
666 2727 801 2787 territus:
826 2726 896 2802 quid
919 2733 964 2785 εει
985 2726 1124 2785 territus?
1148 2725 1277 2786 timidus.
1309 2744 1377 2805 per·

91 2830 204 2890 territus
225 2827 296 2909 qnid
320 2830 381 2889 est?
415 2828 549 2889 similiter
572 2828 703 2890 timidus.
747 2826 891 2907 numquid
919 2826 975 2887 lale
1004 2837 1062 2897 εει,
1087 2826 1378 2904 quemadmodum

61 2930 171 2991 aretin?
207 2930 352 3010 numquid
379 2932 444 3010 ipsa
472 2932 636 3010 conpositio
666 2932 811 2991 convertit
837 2948 961 2999 nomeu,
991 2936 1020 2989 et
1047 2947 1107 2989 non
1130 2931 1223 3008 magis
1245 2929 1377 3009 priorem

90 3035 327 3111 significationem
357 3033 498 3094 firmavit?
533 3052 604 3111 ergo
641 3032 759 3113 quando
792 3032 936 3111 significat
969 3035 1099 3112 priorem
1133 3032 1377 3109 significationem

91 3137 323 3206 confirmantem,
353 3136 495 3215 numquid
528 3154 687 3215 possumus
713 3134 770 3195 hoc
798 3134 899 3196 dicere
933 3153 998 3195 esse
1032 3136 1141 3196 iterum
1174 3134 1378 3214 conpositum?

91 3258 143 3300 non
166 3241 246 3301 enim
269 3237 384 3299 videtur
407 3240 490 3317 quasi
513 3240 599 3299 tertia
623 3236 772 3307 adhiberi,
801 3238 853 3299 sed
882 3244 949 3316 post
972 3237 1226 3297 confirmationem
1249 3235 1377 3297 sec-unda

92 3349 137 3401 εει.
182 3350 211 3403 ει
232 3341 303 3401 ιιεει
326 3340 413 3401 nobis
434 3341 475 3401 ita
499 3358 684 3420 conponere,
709 3339 794 3400 aliter
818 3359 877 3401 non
900 3339 977 3400 licet.

587 3595 593 3604 ι
624 3524 671 3570 DE
693 3522 837 3572 cosmus

167 3620 272 3693 Graeci
288 3648 375 3691 casus
390 3626 501 3690 habeut
516 3631 647 3709 quinque
671 3638 799 3698 tantum,
824 3619 1038 3690 nominativum
1061 3630 1230 3706 genetivum
1248 3628 1376 3689 dativum

92 3734 279 3793 accusativum
304 3739 333 3792 ει
354 3733 527 3792 vocativum.
562 3732 674 3794 idcirco
698 3732 857 3793 ablativum
878 3731 1014 3811 plerique
1038 3732 1116 3791 varie
1139 3729 1303 3811 appellant:
1327 3729 1378 3790 alii

92 3836 163 3896 illum
194 3836 297 3895 dicunt
324 3820 482 3895 sextum'a
509 3853 649 3905 numero,
680 3834 729 3895 alii
757 3832 840 3895 illurn
868 3833 991 3894 latinum
1022 3842 1126 3894 vocant
1155 3835 1193 3893 cd
1222 3854 1273 3903 eo,
1297 3832 1376 3911 quod
1475 3885 1480 3890 .

93 3940 188 3998 Graeci
210 3937 293 3998 illum
317 3954 378 3996 non
400 3936 543 4007 habeant,
568 3937 620 3999 sed
643 3936 781 4018 specialis
805 3942 851 3997 εει
871 3934 1034 3997 latinitatis.

67 4060 83 4097 n
165 4037 256 4100 Plane
285 4040 449 4115 quaesitum
478 4045 535 4109 est,
565 4046 663 4101 utrum
693 4040 891 4100 nominativus
919 4056 1006 4100 casus
1034 4046 1121 4101 esset.
1168 4045 1197 4100 et
1224 4040 1249 4099 si
1273 4055 1375 4099 verum
1387 4053 1448 4115 433,
1462 4054 1492 4103 12

151 4294 315 4359 aquomodo
340 4304 447 4361 possunt
466 4296 548 4348 ABG
616 4296 718 4359 5quod
737 4310 780 4345 om.
803 4294 890 4347 ABG
958 4295 1138 4362 expugnabilis
1165 4295 1223 4346 ideo
1243 4292 1318 4345 uideo
1336 4295 1375 4344 in·

94 4367 261 4433 expugnabilis
281 4367 339 4416 ideo
358 4366 470 4416 uideoA
543 4364 795 4433 videorJuideoBO
864 4364 943 4416 8sed
962 4380 1007 4415 om.
1027 4366 1144 4427 dudd,
1162 4382 1179 4417 a
1249 4365 1325 4414 etiam
1344 4367 1376 4416 de

94 4436 196 4499 plurimis
216 4438 240 4486 A
294 4438 326 4487 14
344 4436 369 4484 io
388 4438 539 4487 contrariom
559 4438 708 4505 positumO
761 4438 793 4487 15
812 4434 902 4503 habes]
922 4434 1000 4485 habet
1016 4436 1072 4485 AB
1080 4438 1101 4487 Ο
1170 4437 1202 4487 17
1221 4434 1375 4501 significatio

95 4506 273 4557 indamnatam
294 4508 322 4559 0.
341 4506 456 4565 sortasse
472 4508 575 4557 damnet
589 4510 663 4557 istam
682 4507 891 4574 compositionem
945 4504 979 4555 20
996 4507 1064 4557 idem
1083 4515 1121 4557 εει
1141 4506 1209 4569 quod
1229 4506 1375 4572 pugnabilis

97 4584 115 4625 et
130 4577 306 4645 expugnabilis
324 4576 391 4626 idem
409 4588 448 4627 εει
465 4578 507 4627 ille
524 4578 562 4627 Cb
582 4578 649 4628 idem
666 4586 705 4629 est
721 4578 788 4642 quod
804 4576 951 4643 pugnabilis
968 4585 993 4625 et
1009 4576 1190 4643 expugnabilis
1209 4576 1251 4625 ille
1264 4576 1289 4626 B
1306 4577 1374 4625 idem

97 4654 127 4694 eal
144 4647 184 4697 ille
200 4649 244 4699 A:
268 4648 337 4711 quod
357 4648 506 4715 pugnabilis
523 4655 548 4697 et
569 4648 747 4715 expugnabilis
765 4649 831 4697 idem
850 4656 888 4696 εει
907 4650 933 4696 in
951 4662 1029 4712 ruorp.
1047 4664 1064 4697 a
1132 4648 1166 4697 24
1184 4646 1307 4710 numquid
1325 4647 1375 4696 tule

98 4726 128 4765 εει
145 4718 354 4781 quemadmodum
375 4717 439 4767 lellx
458 4733 503 4767 om.
519 4716 553 4781 A,
571 4720 632 4771 add.
651 4737 668 4770 o
720 4717 755 4769 28
772 4716 934 4769 adhiberent
988 4717 1021 4769 32
1040 4717 1156 4783 plerique
1176 4716 1374 4784 BGuplernm-

100 4800 137 4847 que
155 4788 176 4836 A
246 4788 279 4841 33
298 4800 390 4838 uocant
411 4803 439 4838 eo
460 4788 540 4839 ABG
