3350 5442
272 381 293 447 4
702 442 706 450 ,
830 377 1005 440 ctsnontl

272 590 370 633 manu
389 565 626 653 praescriptum
644 573 694 628 est
706 566 875 643 INCIPIT,
888 563 965 626 item
985 565 1145 626 BOII'ATI
1160 573 1235 627 ante
1247 561 1387 646 collecto)
1403 564 1565 628 PROBUS
1670 564 1671 567 ’

272 675 330 758 ET
345 670 470 735 [IASSO
485 689 555 753 sqq.
571 665 716 730 codicem
733 663 808 730 olim
824 664 916 728 Petri
931 663 1059 731 Pithoei
1080 664 1183 729 fnisse
1206 664 1329 730 indicat
1349 687 1469 731 nomen
1490 665 1561 728 eius

270 773 306 836 in
327 773 393 835 ima
414 769 560 853 margine
586 769 712 854 primae
733 765 875 853 paginae
898 766 1073 852 scriptum,
1103 771 1154 828 ‘P.
1178 771 1284 831 Pithon
1306 771 1375 830 Emi
1394 771 1512 831 Basilia
1528 814 1562 830 ..

274 875 384 939 1568’.
429 873 673 956 inscriptionem
700 867 829 932 Pithoei
857 889 930 932 cum
962 869 1138 954 specimine
1173 870 1352 954 scripturae
1379 871 1481 955 ipsius
1509 891 1562 955 co·

272 977 353 1040 dicis
377 973 538 1059 expressit
560 970 596 1036 O.
612 973 654 1036 G.
677 967 854 1034 Muellerus
877 967 1013 1034 analect.
1037 970 1193 1034 Bemens.
1216 979 1299 1056 part.
1321 969 1374 1035 ΙΙΙ
1397 970 1441 1055 (a.
1465 969 1562 1055 1841)

272 1079 337 1143 tab.
362 1077 407 1140 ΙΙ.

356 1177 429 1242 Hoc
458 1176 559 1261 igitur
585 1174 716 1254 codice,
744 1195 817 1237 cum
846 1183 921 1259 post
942 1173 1033 1238 Petri
1054 1174 1181 1239 Pitheci
1203 1185 1341 1239 mortem
1362 1173 1405 1238 ad
1427 1172 1563 1237 fratrem

271 1273 500 1360 Franciscum,
528 1287 566 1342 ut
588 1275 735 1356 videtur,
766 1272 893 1340 delatus
923 1286 1025 1355 esset,
1053 1298 1132 1340 usus
1155 1285 1205 1340 est
1226 1275 1417 1356 Putscbius,
1445 1273 1565 1362 quide

272 1382 412 1448 editione
445 1402 505 1444 sua
536 1379 570 1442 in
603 1375 746 1463 epistula
778 1375 819 1440 ad
847 1376 1027 1441 Gruterum
1061 1377 1155 1459 data,
1189 1399 1271 1465 qnae
1300 1376 1450 1442 Oledonii
1478 1374 1562 1442 libro

271 1485 451 1572 praemissa
480 1492 545 1559 est,
573 1479 688 1544 scribit
709 1479 805 1558 haec,
834 1485 913 1564 ‘ego
936 1501 1015 1544 sane
1037 1479 1071 1544 in
1092 1481 1154 1545 hac
1175 1481 1330 1566 temporis
1353 1478 1521 1563 angustia,
1546 1499 1564 1542 e

270 1596 423 1672 corrupto
452 1581 602 1648 Cledonii
634 1580 747 1645 codice
779 1579 876 1666 plura
907 1601 1020 1646 eruere
1054 1604 1119 1647 non
1152 1584 1261 1668 potui,
1293 1603 1355 1646 nec
1380 1578 1565 1647 consultum

275 1686 449 1754 videbatur
464 1684 594 1768 ingenio
609 1681 706 1746 nimis
721 1681 910 1766 indulgere,
933 1681 1020 1768 quod
1042 1683 1145 1748 sciam
1166 1683 1250 1748 hane
1264 1705 1333 1748 rem
1347 1681 1457 1748 multis
1479 1678 1565 1746 male

272 1789 479 1855 successisse.
524 1784 583 1850 sed
603 1794 641 1849 nt
662 1805 776 1849 verum
799 1782 902 1849 libere
923 1785 1093 1870 profitear,
1116 1787 1200 1850 tanti
1220 1809 1287 1851 non
1308 1795 1358 1851 est
1380 1785 1436 1871 qui
1457 1783 1563 1850 bonas

224 1884 226 1890 ¹
271 1891 367 1956 boras
390 1888 473 1955 male
496 1885 643 1968 auferat,
665 1886 713 1950 ita
735 1907 832 1971 saepe
854 1885 1002 1951 suaviter
1022 1896 1176 1972 nugatur.
1210 1888 1288 1974 quia
1309 1897 1419 1951 tamen
1440 1884 1565 1971 aliquot
1599 1911 1604 1929 ⁴

271 2004 418 2059 veterum
443 1998 611 2054 auctorum
634 1987 820 2072 fragmenta
841 1986 968 2052 inedita
981 1989 1142 2078 continet,
1166 1988 1266 2053 malui
1280 1999 1386 2056 totum
1400 1995 1564 2073 corrupte,

271 2117 368 2181 quam
390 2091 463 2158 illas
486 2091 575 2178 ipsas
599 2091 673 2154 aevi
695 2089 814 2176 prioris
837 2111 982 2174 gemmas
1005 2091 1183 2176 separatim
1203 2090 1387 2178 publicare,
1403 2091 1495 2155 cuius
1516 2088 1565 2152 rei

270 2217 404 2261 causam
432 2190 529 2258 facile
559 2191 720 2277 suspicari
746 2199 871 2277 potes'.
917 2202 950 2257 et
976 2193 1147 2258 verissime
1175 2193 1307 2280 quidem
1329 2191 1504 2258 Putschius
1532 2200 1566 2254 et

272 2298 313 2364 de
341 2302 493 2380 corrupto
523 2291 636 2358 codice
659 2302 691 2357 et
713 2292 754 2357 de
776 2291 890 2358 labore
910 2293 1108 2359 emendandi
1130 2294 1206 2360 libri
1228 2305 1362 2381 questus
1385 2303 1444 2358 est.
1487 2314 1565 2356 nam

270 2410 308 2465 ut
329 2397 437 2464 codex
452 2393 601 2461 Oledonii
623 2394 817 2482 antiquitate
840 2393 983 2482 reliquos
1005 2419 1116 2462 omnes
1139 2395 1315 2464 latinorum
1335 2395 1566 2482 grammatico-

272 2523 346 2566 rum
372 2499 475 2565 libros
504 2506 652 2583 superat,
679 2496 727 2561 ita
753 2497 813 2562 vix
836 2497 927 2562 ullus
953 2497 988 2562 in
1016 2498 1078 2564 hoc
1105 2497 1289 2565 litterarum
1317 2520 1436 2584 genere
1463 2505 1565 2577 extat,

272 2605 328 2692 qui
350 2600 403 2667 vel
425 2601 556 2683 gravius
579 2609 751 2686 corruptus
774 2600 818 2663 sit
838 2599 892 2665 vel
914 2601 1071 2666 maiorem
1092 2601 1127 2664 in
1149 2600 1353 2667 emendando
1381 2597 1568 2664 molestiam

271 2715 375 2794 paret.
418 2701 508 2768 cuins
536 2700 585 2765 rei
618 2721 717 2766 causo
743 2722 809 2764 non
836 2701 943 2771 solnm
971 2726 1013 2767 cx
1040 2701 1249 2788 neglegentia
1275 2702 1396 2768 veteris
1426 2699 1566 2780 librarii,

274 2807 422 2896 quamvis
445 2805 474 2869 is
497 2824 625 2890 quoque
647 2801 752 2866 multa
773 2805 976 2890 peccaverit,
1000 2803 1059 2868 sed
1075 2807 1174 2869 etiam
1190 2827 1233 2870 ex
1254 2806 1380 2869 ratione
1402 2813 1435 2867 et
1456 2799 1568 2866 indole

275 2911 379 2997 ipsius
401 2906 478 2972 libri
499 2903 678 2990 repetenda
699 2913 760 2968 est.
802 2925 907 2990 neque
929 2904 1017 2968 enim
1039 2906 1192 2970 continuo
1216 2927 1383 2987 sermone,
1411 2905 1496 2969 sicut
1516 2925 1568 2967 re

272 3009 354 3097 liqui
381 3005 605 3091 grammatici,
635 3004 690 3091 qni
721 3005 968 3070 commentarios
996 3007 1031 3069 in
1058 3007 1227 3072 Donatum
1254 3007 1469 3094 scripserunt,
1492 3003 1567 3070 Cle-

274 3112 390 3177 donius
419 3115 595 3194 praecepta
621 3105 701 3170 artis
731 3116 945 3192 exposuerat,
974 3107 1033 3172 sed
1060 3108 1249 3196 interpretis
1277 3130 1411 3173 munere
1432 3105 1567 3171 functus

272 3213 320 3300 ita
341 3233 400 3298 per
421 3209 612 3274 universum
633 3205 752 3272 librum
772 3208 875 3272 verba
896 3210 1100 3293 grammatici
1122 3221 1252 3275 secutus
1275 3221 1340 3292 est,
1363 3221 1400 3276 ut
1422 3230 1569 3295 eaquae

265 3315 327 3380 ·vel
355 3313 539 3378 accuratius
574 3307 771 3394 explicanda
797 3308 851 3374 vel
883 3311 1016 3375 uberius
1050 3312 1245 3398 exponenda
1277 3335 1349 3378 esse
1375 3311 1570 3377 viderentur

274 3415 441 3500 adscripta
468 3411 678 3477 adnotatione
705 3409 897 3476 illustraret.
941 3413 995 3499 qui
1024 3416 1278 3493 commentarius
1300 3413 1394 3495 olim,
1416 3423 1454 3478 ut
1474 3412 1568 3478 vide-

274 3528 344 3598 tur,
367 3537 433 3580 una
455 3534 529 3578 cum
551 3513 678 3596 integro
699 3511 824 3577 Donati
846 3511 929 3576 libro
952 3515 1093 3601 scriptus
1117 3527 1202 3599 erat3
1232 3539 1326 3592 mox,
1349 3539 1423 3581 cum
1445 3515 1487 3581 ab
1509 3514 1568 3579 illo

275 3626 498 3704 separaretur,
526 3614 622 3680 modo
649 3635 756 3700 pauca
777 3613 901 3678 Donati
930 3617 1033 3681 verba
1060 3617 1221 3684 lemmatis
1249 3617 1319 3684 loco
1347 3616 1486 3704 singulis
1508 3617 1568 3682 ad-

275 3718 503 3784 notationibus
532 3715 751 3802 praescripta,
785 3715 884 3781 modo
918 3739 957 3781 ea
989 3719 1032 3782 ad
1064 3741 1147 3804 quae
1178 3721 1366 3807 interpretis
1397 3719 1569 3784 adnotatio

275 3819 461 3907 pertinebat
482 3819 619 3898 omissa,
642 3816 806 3882 interdum
827 3819 991 3885 continuis
1015 3821 1209 3908 antiquioris
1231 3820 1435 3906 grammatici
1455 3819 1570 3886 verbis

275 3919 498 4006 transscriptis
527 3942 567 3985 ea
594 3941 677 4005 quae
699 3920 742 3984 ab
764 3919 940 4004 interprete
962 3921 1122 3987 adnotata
1144 3932 1238 3987 erant
1259 3923 1456 4009 interposita
1478 3932 1567 3988 sunt.

276 4022 380 4088 multa
401 4031 509 4086 autem
530 4021 596 4085 iam
617 4031 703 4102 tum,
726 4042 800 4085 cum
822 4022 961 4107 primum
984 4023 1018 4086 in
1040 4023 1124 4088 hanc
1146 4023 1285 4089 formam
1307 4025 1391 4090 liber
1412 4024 1569 4089 redactus
1588 4059 1596 4092 t

277 4136 343 4208 est,
372 4123 564 4211 perturbata
591 4144 664 4187 esse
691 4122 789 4188 facile
811 4122 1028 4209 intellegitnr3
1058 4125 1124 4190 alia
1144 4138 1260 4212 postea
1281 4126 1323 4192 ab
1345 4126 1387 4189 iis
1409 4125 1465 4213 qui
1485 4125 1571 4190 haec

276 4227 522 4312 descripserunt
554 4235 588 4289 et
621 4222 664 4288 ad
697 4247 792 4288 suum
823 4247 920 4290 usum
952 4226 1286 4294 adcommodaverunt
1313 4238 1466 4315 corrupta
1492 4249 1570 4294 esse

277 4327 439 4394 videntur.
478 4326 609 4412 saepius
632 4325 717 4390 enim
740 4326 781 4391 de
804 4349 869 4392 uno
892 4325 965 4393 loco
988 4326 1098 4414 plures
1121 4330 1262 4417 scriptae
1285 4340 1361 4395 sunt
1383 4330 1570 4396 adnotatio-

276 4452 351 4512 nes,
381 4430 450 4493 sive
479 4428 550 4514 ipse
577 4426 754 4493 Oledonius
788 4427 884 4514 plura
917 4429 958 4494 de
985 4430 1099 4496 eodem
1131 4443 1320 4518 argumento
1354 4437 1394 4496 ‘a
1425 4432 1570 4498 diversis

276 4531 471 4613 veteribus’,
500 4540 536 4594 ut
557 4528 620 4612 ait,
644 4528 780 4595 collecta
807 4540 978 4616 posuerat,
1008 4532 1078 4597 sive
1106 4534 1268 4620 quaedam
1294 4535 1336 4600 ab
1359 4531 1429 4598 aliis
1453 4533 1573 4600 addita

277 4642 383 4706 erant,
408 4653 529 4717 eaeque
544 4653 607 4696 non
622 4653 798 4720 numquam
812 4631 885 4696 aliis
906 4632 1109 4719 interpositis
1133 4633 1323 4717 distractae,
1347 4645 1446 4722 atque
1467 4636 1572 4700 etiam

191 4759 195 4768 ·
278 4733 391 4798 eadem
419 4731 522 4797 verba
549 4732 687 4799 diversis
715 4732 795 4800 locis
824 4734 965 4820 repetita
997 4745 1083 4800 sunt.
1127 4745 1296 4823 praeterea
1322 4737 1395 4801 aliis
1423 4736 1570 4819 omissis,

276 4834 349 4902 aliis
371 4835 579 4924 transpositis
602 4835 774 4902 continuae
796 4835 1024 4904 adnotationes
1047 4837 1204 4906 disiectae
1226 4837 1279 4904 vel
1299 4851 1407 4928 partes
1431 4839 1571 4906 adnota-
