3350 5442
646 437 648 442 .
670 383 742 446 AllS
1314 377 1356 445 59

1210 503 1231 544 p.
1245 492 1296 532 191⁶
1310 489 1332 530 Ρ.

21 583 22 586 ’
81 577 249 640 declinari
283 577 355 637 rite
378 591 450 635 non
474 581 642 654 possunt,
666 579 704 633 ut
726 573 818 633 cedo
847 591 911 632 are
940 571 1023 633 laxo
1046 573 1097 632 sis
1118 569 1249 632 antabo
1269 572 1360 631 iniit

21 671 22 680 ¹
80 686 208 760 iuquanr
233 695 372 758 quaeso
395 679 465 736 ain:
489 678 609 756 iuquam
632 677 734 756 inquio
756 695 816 736 non
832 675 917 744 lacit,
942 691 1052 755 quaeso
1067 676 1186 754 quassis
1202 693 1261 734 nou
1277 674 1357 764 tacit,

19 858 20 866 ἵ
79 787 116 846 sio
136 783 186 842 aiis
208 799 269 841 non
292 780 371 840 lacit.
411 797 482 857 erqo
505 780 559 839 ista
583 780 681 839 omnia
704 778 868 858 inaequalia
891 785 920 838 et
943 776 1195 838 neutrodelectiva
1216 784 1294 838 sunt.
1319 811 1356 818 -

79 887 157 946 Sunt
178 885 291 944 etiam
313 881 582 961 monosyllaba,
603 880 609 958 1
628 899 718 961 quae
740 881 826 942 ideo
843 882 953 942 etiam
971 879 1053 960 [quia
1069 881 1165 940 omnis
1179 879 1275 958 prima
1289 896 1358 957 per·
1372 885 1431 948 383,
1447 885 1477 933 tt

59 1003 139 1048 rsona
159 985 241 1047 rerbi
263 993 400 1064 correpta
425 991 483 1054 est,
506 992 539 1044 ut
561 991 663 1054 canto,
694 989 723 1043 to
746 982 844 1044 brevis
867 991 926 1044 est:
956 982 1036 1052 dieo,
1068 1000 1102 1042 co
1124 981 1223 1042 brevis
1246 987 1304 1051 est,
1330 988 1360 1041 et

79 1087 176 1168 cetera]
193 1086 377 1167 producta
400 1095 500 1157 sunt,
524 1094 561 1148 ut
580 1093 635 1146 sto
658 1085 702 1146 do
724 1084 790 1146 llo:
815 1085 853 1146 do
870 1085 935 1156 das,
958 1085 1141 1147 llollasllat.
1171 1084 1360 1164 quandoista

79 1188 275 1270 monosyllaba,
298 1189 439 1269 producta
455 1197 536 1260 sunt,
554 1191 716 1268 composita
732 1187 831 1249 brevia
848 1195 932 1257 sunt,
950 1195 983 1248 ut
997 1187 1099 1248 reddo.
1119 1221 1157 1230 —
1175 1187 1265 1247 Sunt
1280 1205 1359 1247 rer·
1373 1193 1405 1242 18

81 1295 294 1354 ltainoertae
317 1292 685 1370 signifieat.ionis,ut
707 1291 843 1352 tondeo
865 1290 945 1351 laro
969 1290 1112 1352 fabrico
1135 1291 1265 1369 punio,
1283 1307 1358 1348 mu-

80 1413 158 1457 nero
178 1393 319 1474 populo
339 1395 464 1474 partio
485 1393 656 1454 adsentio
679 1393 788 1454 adulo
812 1397 1082 1471 luctoauguro:
1099 1399 1200 1453 utrum
1217 1393 1304 1452 activi
1322 1410 1359 1453 an

52 1517 69 1554 ro
80 1499 173 1577 'tassiri
187 1496 298 1557 tondeo
314 1495 441 1556 tondeor
456 1497 481 1556 si
496 1497 539 1556 vis
554 1495 654 1557 dicere
670 1495 749 1556 dicit.
780 1495 861 1556 lavo:
879 1497 1038 1558 Terentius
1058 1497 1105 1554 ‘it
1124 1494 1214 1556 lavit
1233 1493 1359 1563 redit’‚

79 1599 221 1660 Sallustius
255 1599 470 1660 ‘Cossutius
497 1599 534 1658 in
561 1599 725 1677 proxima
754 1597 840 1659 villa
868 1600 973 1660 tonte
1001 1595 1223 1658 lavaltatur'.
1265 1596 1360 1656 lucto:

80 1697 410 1762 Terentius‘anulu‘rn
440 1699 520 1760 dum
542 1697 659 1760 luetat
682 1699 919 1771 detraxisse',
947 1698 1092 1778 Vergilius
1114 1697 1362 1778 ‘genibusque

80 1803 242 1864 adversae
265 1801 440 1864 obluctor
462 1801 650 1864 harenae’.
687 1805 797 1882 partio:
827 1801 983 1864 Sallustius
1003 1802 1234 1882 ‘provincias
1261 1801 1362 1861 inter

80 1925 110 1966 so
129 1908 390 1986 partirerant',
415 1904 561 1985 Vergilius
583 1907 636 1966 ‘et
656 1907 780 1966 socios
801 1907 967 1986 partitur
989 1907 1025 1966 in
1041 1909 1193 1967 omnes’.
1232 1919 1360 1981 auguro:

51 2007 211 2085 ul'ergilius
238 2006 292 2067 ‘et
319 2007 444 2087 siquid
468 2010 546 2069 veri
569 2027 669 2070 urens
697 2016 868 2086 augurat,
889 2003 1026 2089 ]opto'‚
1049 2007 1160 2068 Statius
1183 2012 1362 2085 ‘auguror

80 2109 152 2170 hino
178 2107 318 2170 'l'lrahis
346 2109 436 2171 belli
465 2115 521 2171 ιη’.
562 2110 688 2190 populo,
726 2129 812 2171 vexo:
857 2112 1004 2185 Verpttius
1032 2109 1278 2191 ‘populatque
1305 2110 1362 2169 in·

79 2221 209 2290 gentem
232 2213 550 2273 larrisacerrunt'
574 2213 1242 2293 et‘quisquesuumpopulaturitar’.
1275 2211 1362 2272 adulo

79 2314 164 2385 illuni,
187 2313 293 2374 adulor
315 2312 372 2384 illi,
396 2316 553 2396 obsequor.
574 2349 611 2358 —-
636 2315 678 2376 Ει
699 2315 753 2375 his
777 2314 902 2376 verbis
923 2333 1017 2393 pene
1039 2315 1226 2376 accidunt:
1250 2315 1317 2394 quia
1333 2319 1407 2373 etto

79 2416 110 2475 ob
129 2418 220 2478 actira
251 2417 372 2477 veniunt
399 2425 428 2478 et
450 2437 466 2478 a
488 2419 615 2497 passiva,
646 2425 677 2478 ut
704 2415 792 2478 adulo
819 2416 943 2478 adulans
970 2415 1103 2479 adulatus
1132 2415 1306 2477 adulaturus
1334 2423 1363 2476 et

51 2518 240 2580 sadulandus.
258 2553 301 2562 -
315 2518 347 2579 ld
371 2529 415 2580 est
435 2521 493 2580 rite
515 2519 658 2581 declinari
681 2521 801 2580 ornnlno
823 2537 884 2580 non
906 2528 1037 2599 possunt.
1074 2538 1142 2581 nant
1165 2518 1203 2580 ab
1226 2537 1261 2579 eo
1284 2518 1362 2598 quod
1376 2524 1407 2572 16

80 2631 117 2682 est
135 2621 223 2692 cedo,
253 2620 301 2681 die
331 2620 401 2682 rnihi
429 2621 509 2682 illatn
533 2641 610 2692 rein,
640 2621 801 2684 secundam
828 2631 858 2683 et
880 2624 996 2684 tertiam
1020 2639 1177 2702 personant
1200 2641 1260 2682 non
1282 2621 1360 2689 lacit,

79 2724 147 2784 tedis
169 2724 263 2793 cedit;
292 2725 324 2784 in
346 2721 452 2803 plurali
475 2725 543 2785 lacit
566 2732 657 2797 cette,
682 2733 713 2785 ut
734 2724 856 2785 Plautus
877 2726 909 2785 in
931 2749 950 2784 ιι
979 2724 1096 2786 ‘cette
1126 2724 1226 2803 patri
1253 2728 1360 2792 meo’‚

79 2827 164 2887 idest
186 2826 254 2887 dato
277 2825 324 2886 rel
346 2825 435 2888 dicite
456 2829 534 2907 patri
556 2845 632 2888 tneo.
670 2845 722 2887 avo
744 2825 880 2891 similiter
896 2845 955 2888 non
971 2825 1151 2897 declinatur,
1166 2827 1234 2887 ‘nisi
1248 2832 1362 2886 tantum

78 2930 102 2988 in
115 2927 240 2989 secunda
256 2947 394 3008 persona.
433 2929 500 2990 laxo
515 2929 602 2990 latis:
626 2929 782 2990 Terentius
797 2929 910 2990 ‘lasis
926 2931 1107 3009 promissa
1129 2947 1145 2989 a
1152 2931 1361 3009 ppareant’‚

52 3030 172 3090 sanato
201 3051 218 3092 a
244 3031 341 3111 prima
369 3049 498 3110 persona
522 3051 581 3092 non
604 3030 782 3102 declinatur,
808 3034 876 3112 quia
899 3031 978 3092 velut
1000 3030 1176 3093 blandientis
1205 3037 1250 3090 est
1271 3029 1362 3109 signi·

80 3135 172 3194 tieatio.
211 3135 277 3194 iniit
298 3150 358 3193 nort
380 3133 546 3195 declinatur
568 3137 598 3195 in
621 3135 717 3214 prima
739 3153 883 3215 persona,
912 3137 979 3216 quia
1001 3135 1066 3196 inlrt
1087 3134 1186 3213 eoepit
1207 3131 1302 3212 loqui,
1331 3139 1366 3193 ut

79 3236 174 3296 ‘iniit
196 3232 433 3318 eo]]dicento
457 3236 484 3298 d.
509 3235 537 3297 d.
561 3237 626 3319 a'.]

344 3355 374 3364 .-

17 3409 18 3422 ¹
139 3407 199 3458 Cod.
216 3407 298 3459 Bern.
320 3405 341 3456 ll
361 3408 448 3460 4-5.
519 3410 533 3459 l
553 3416 580 3456 ut
593 3409 655 3458 oedo
671 3409 753 3470 (corr.
768 3411 802 3460 al.
822 3426 886 3461 mort.
905 3407 967 3473 edo)
986 3409 1051 3459 ltnbe
1116 3403 1251 3472 2ittqtrio]
1270 3406 1363 3469 inqneo

16 3423 18 3562 Ι
138 3473 280 3542 equando]
303 3485 425 3540 quantum
496 3476 597 3545 illurn]
619 3479 691 3528 labeo
745 3479 833 3546 punio]
856 3482 947 3544 punico
1013 3477 1143 3546 llpartio]
1161 3477 1242 3542 patrio
1297 3475 1363 3525 lueto

16 3565 18 3628 ι
79 3563 117 3595 ortt.
174 3546 207 3597 12
225 3545 341 3597 tntillum
360 3549 479 3602 eomal.
500 3565 565 3601 man.
585 3547 688 3598 anulum
743 3550 878 3616 uergilium
949 3549 980 3599 14
996 3549 1096 3615 uergilii
1168 3547 1200 3598 15
1218 3547 1295 3608 siquit

16 3633 18 3718 y
83 3615 108 3666 tu
124 3617 216 3684 populo
233 3631 298 3668 vexo
314 3617 384 3666 illum
405 3619 480 3668 adulo
498 3619 588 3668 adulor
606 3619 732 3680 obsequor
749 3620 824 3670 adulo
844 3619 934 3670 adulas
954 3619 1073 3670 adulatus
1092 3618 1241 3668 adulaturus
1260 3623 1285 3665 et
1300 3615 1363 3664 adu·

81 3687 159 3736 laudus
178 3699 202 3736 et
221 3686 263 3736 his
276 3687 362 3738 uerbis
381 3704 445 3754 pene
459 3689 576 3738 accidunt
594 3691 653 3751 quia
670 3699 694 3738 et
712 3690 743 3738 ob
761 3692 845 3740 aetius
859 3692 963 3739 ueniunt
980 3699 1031 3739 eta
1045 3691 1148 3755 passius
1167 3696 1194 3737 ut
1209 3685 1364 3752 populatque

81 3757 166 3821 ingenti
186 3756 262 3806 larris
278 3771 398 3807 aceruum
416 3767 440 3807 et
461 3761 567 3821 quisque
586 3774 659 3808 suurn
679 3760 815 3825 populatur
834 3761 881 3809 iter
897 3761 923 3808 itl
941 3769 979 3808 est
1048 3759 1083 3808 20
1098 3759 1130 3808 ab
1149 3755 1189 3823 eo]
1211 3756 1293 3806 habeo

81 3827 106 3876 21
124 3827 191 3877 illum
264 3827 298 3878 23
316 3826 381 3877 haue
452 3831 484 3880 ‘ld
504 3827 668 3896 insecundo]
688 3831 712 3878 in
730 3833 812 3895 prima
883 3829 962 3878 laxis.
981 3828 1082 3879 rimissa
1100 3830 1183 3879 deletu
1203 3829 1364 3890 unalittera,

80 3911 137 3949 tarr.
153 3900 188 3954 al.
208 3915 275 3948 roan.
294 3899 416 3962 primissa
485 3900 519 3951 211
536 3914 585 3949 nou
602 3909 660 3964 poet
678 3899 732 3949 iutlt
750 3916 795 3952 om.
870 3900 937 3965 oepit

82 4001 142 4010 ιζ.

16 4103 17 4112 ,
140 4053 156 4102 o
174 4055 341 4118 quantumuis
360 4055 408 4106 istn
421 4055 555 4105 Patscltt‘us
640 4055 673 4107 10
697 4064 722 4104 ut
746 4066 784 4106 est
802 4057 896 4106 tondeo
917 4063 942 4105 et
958 4054 1079 4105 tondeor:
1105 4054 1229 4118 quodvis
1248 4054 1321 4110 dieis,
1340 4060 1365 4101 et

16 4131 17 4170 t
82 4121 163 4172 tondeo
179 4123 242 4174 milri
257 4133 335 4189 caput
356 4133 380 4174 et
398 4125 504 4174 tondeor
521 4123 582 4174 milri
603 4130 679 4192 caput
697 4127 828 4190 Pompeius
845 4142 871 4189 p.
887 4125 939 4178 308
963 4125 1003 4175 ed.
1021 4124 1100 4176 trau.
1171 4125 1190 4172 it
1207 4119 1286 4188 lavit]
1304 4123 1363 4175 Ter.

83 4189 137 4245 Erat.
158 4193 190 4243 lll
210 4196 236 4252 5,
256 4195 291 4244 45
378 4195 408 4245 11
435 4195 550 4246 Sallustii
569 4195 646 4246 verba
670 4199 744 4246 tertio
761 4197 921 4250 dalttorioruut
938 4196 1002 4245 libro
1020 4195 1107 4246 tribuit
1123 4195 1240 4244 Kritzt'tts
1257 4194 1364 4244 Sallust.

79 4261 158 4328 [rapat.
176 4280 206 4328 p.
226 4263 278 4315 246
332 4263 465 4316 Cossinius
481 4265 598 4314 Kritzt'ua
649 4265 713 4315 lorte
731 4267 872 4319 Dietaclrt'rts
925 4267 956 4317 12
974 4263 1089 4331 anulum]
1107 4264 1166 4314 Ter.
1180 4263 1317 4320 Hec.V3.
1331 4263 1363 4314 31

128 4330 296 4398 genibusque]
321 4334 399 4398 Verp.
416 4335 481 4387 Aen.
502 4336 535 4384 lll
553 4333 587 4386 38
642 4335 674 4385 ta
693 4336 848 4402 provincias]
867 4339 931 4388 Sau.
951 4336 1006 4401 Iup.
1025 4334 1075 4385 43.-
1092 4336 1126 4399 cs.
1144 4333 1218 4385 Serv.
1237 4336 1264 4384 ia
1282 4333 1363 4397 Verp,

82 4402 136 4450 Aen.
158 4404 167 4453 l
189 4403 239 4457 lut
257 4405 338 4455 Prob.
357 4405 447 4456 cathol.
463 4422 493 4470 p.
504 4403 548 4462 36,
567 4405 600 4452 25
654 4406 687 4456 14
705 4415 730 4456 et
747 4408 842 4474 socios]
862 4409 940 4472 Verp.
961 4407 1026 4458 Aen.
1043 4405 1053 4454 1
1072 4405 1122 4457 1114
1175 4403 1207 4454 15
1224 4413 1250 4453 et
1266 4401 1362 4469 siquid]

85 4473 153 4538 Verp.
173 4474 240 4526 Aen.
254 4473 299 4523 Vll
318 4473 370 4524 273
441 4473 548 4542 Statius]
574 4472 646 4523 Theb,
664 4477 708 4525 llll
728 4477 779 4528 592
852 4477 883 4528 16
899 4473 1078 4543 popolosqq]
1095 4475 1290 4524 ineutendonda
1303 4489 1366 4536 per-

82 4543 170 4593 notata
183 4545 278 4595 oodteis
291 4547 423 4606 scriptura
437 4553 536 4595 secutus
553 4560 605 4594 sum
621 4547 762 4608 Pompeium
774 4562 803 4609 p.
815 4546 867 4598 308
883 4557 908 4596 et
923 4545 974 4596 310
989 4547 1030 4597 ed.
1049 4544 1125 4594 Lind.
1196 4541 1362 4610 populatque]

87 4613 155 4678 Vtrp.
171 4629 258 4680 peorp.
283 4613 361 4665 1185
434 4615 465 4664 17
485 4612 604 4680 quisque]
636 4617 715 4682 Verp.
737 4617 802 4670 Aen.
823 4616 940 4667 1111525
1012 4615 1045 4663 ta
1064 4617 1177 4663 lacunam
1203 4629 1253 4678 qua
1280 4629 1366 4664 nomen

82 4681 173 4742 saldae
191 4685 328 4735 Plautinae
347 4685 445 4736 excidit
462 4686 579 4735 indicaui.
607 4686 693 4735 eadem
712 4689 801 4738 Plauto
825 4687 912 4738 tribuit
935 4685 1068 4748 Pompeius
1086 4699 1113 4748 p.
1133 4683 1184 4734 325
1208 4685 1248 4736 ed.
1270 4685 1366 4741 hlud:

85 4756 168 4803 erravit
188 4755 311 4805 Alesiam
332 4767 360 4818 p.
379 4754 448 4806 2118
472 4764 536 4804 eette
560 4769 607 4819 pro
632 4755 690 4805 date
709 4755 842 4808 Terentius
866 4761 947 4806 ‘cette
970 4756 1037 4822 patri
1056 4771 1113 4804 meo
1122 4758 1140 4806 '.
1179 4761 1243 4804 cette
1261 4754 1365 4804 dextras

85 4825 188 4874 ttnetrua
207 4825 302 4876 Plauto
324 4825 434 4876 restituit
451 4823 612 4875 Omnerarr'ue
628 4825 711 4880 Mero.
731 4827 753 4876 V
770 4830 828 4892 4,4
850 4826 887 4892 (ιι.
900 4823 966 4890 965)
1037 4828 1070 4886 24
1088 4822 1236 4894 Terentius]
1257 4824 1323 4874 Ean.
1342 4825 1365 4881 11

86 4889 152 4956 120
221 4897 254 4951 27
273 4894 327 4946 inllt
345 4893 386 4966 eo]
412 4897 492 4961 Verp.
511 4894 576 4946 Aen.
597 4895 622 4945 X
642 4895 690 4957 llll
1230 4896 1233 4903 ’
