<?xml version="1.0" encoding="UTF-8"?>
<!DOCTYPE html PUBLIC "-//W3C//DTD XHTML 1.0 Transitional//EN"
    "http://www.w3.org/TR/xhtml1/DTD/xhtml1-transitional.dtd">
<html xmlns="http://www.w3.org/1999/xhtml" xml:lang="en" lang="en">
 <head>
  <title>
</title>
<meta http-equiv="Content-Type" content="text/html;charset=utf-8" />
  <meta name='ocr-system' content='tesseract 3.04.00' />
  <meta name='ocr-capabilities' content='ocr_page ocr_carea ocr_par ocr_line ocrx_word'/>
</head>
<body>
  <div class='ocr_page' id='page_1' title='image "./grammaticilatin02hagagoog_0606.png"; bbox 0 0 3350 5442; ppageno 0'>
   <div class='ocr_carea' id='block_1_1' title="bbox 611 385 1364 456">
    <p class='ocr_par' dir='ltr' id='par_1_1' title="bbox 611 385 1364 456">
     <span class='ocr_line' id='line_1_1' title="bbox 611 385 1364 456; baseline -0.009 -2"><span class='ocrx_word' id='word_1_1' title='bbox 611 391 809 456; x_wconf 82' lang='lat' dir='ltr'>EXCERPTA</span> <span class='ocrx_word' id='word_1_2' title='bbox 1301 385 1364 449; x_wconf 77' lang='grc'>591</span> 
     </span>
    </p>
   </div>
   <div class='ocr_carea' id='block_1_2' title="bbox 70 573 1369 3823">
    <p class='ocr_par' dir='ltr' id='par_1_2' title="bbox 71 573 1369 1355">
     <span class='ocr_line' id='line_1_2' title="bbox 73 573 1367 664; baseline -0.005 -22"><span class='ocrx_word' id='word_1_3' title='bbox 73 587 155 660; x_wconf 89' lang='lat' dir='ltr'>crat,</span> <span class='ocrx_word' id='word_1_4' title='bbox 182 577 402 664; x_wconf 86' lang='lat' dir='ltr'>Hieronymus</span> <span class='ocrx_word' id='word_1_5' title='bbox 427 575 586 641; x_wconf 84' lang='lat' dir='ltr'>Columna</span> <span class='ocrx_word' id='word_1_6' title='bbox 613 577 647 640; x_wconf 93' lang='lat' dir='ltr'>in</span> <span class='ocrx_word' id='word_1_7' title='bbox 676 577 802 641; x_wconf 88' lang='lat' dir='ltr'>duobus</span> <span class='ocrx_word' id='word_1_8' title='bbox 830 575 930 639; x_wconf 85' lang='lat' dir='ltr'>Ennii</span> <span class='ocrx_word' id='word_1_9' title='bbox 957 573 1149 658; x_wconf 83' lang='lat' dir='ltr'><strong>fragmentis</strong></span> <span class='ocrx_word' id='word_1_10' title='bbox 1172 596 1203 659; x_wconf 89' lang='lat' dir='ltr'>p.</span> <span class='ocrx_word' id='word_1_11' title='bbox 1229 573 1289 636; x_wconf 78' lang='lat'>173</span> <span class='ocrx_word' id='word_1_12' title='bbox 1317 573 1367 636; x_wconf 90' lang='lat' dir='ltr'>ed.</span> 
     </span>
     <span class='ocr_line' id='line_1_3' title="bbox 74 673 1369 764; baseline -0.005 -22"><span class='ocrx_word' id='word_1_13' title='bbox 74 679 174 744; x_wconf 92' lang='lat' dir='ltr'>Vind.</span> <span class='ocrx_word' id='word_1_14' title='bbox 197 679 317 745; x_wconf 93' lang='lat' dir='ltr'>abillo</span> <span class='ocrx_word' id='word_1_15' title='bbox 340 679 481 764; x_wconf 92' lang='lat' dir='ltr'>primum</span> <span class='ocrx_word' id='word_1_16' title='bbox 504 677 600 743; x_wconf 91' lang='lat' dir='ltr'>editis</span> <span class='ocrx_word' id='word_1_17' title='bbox 623 679 708 742; x_wconf 88' lang='lat' dir='ltr'>Enn.</span> <span class='ocrx_word' id='word_1_18' title='bbox 731 675 849 762; x_wconf 86' lang='lat' dir='ltr'><strong>fragm.</strong></span> <span class='ocrx_word' id='word_1_19' title='bbox 872 673 1010 762; x_wconf 84' lang='lat' dir='ltr'>Neapoli</span> <span class='ocrx_word' id='word_1_20' title='bbox 1038 675 1175 739; x_wconf 79' lang='grc'><strong>1.·1590</strong></span> <span class='ocrx_word' id='word_1_21' title='bbox 1196 698 1227 760; x_wconf 87' lang='lat' dir='ltr'>p.</span> <span class='ocrx_word' id='word_1_22' title='bbox 1255 673 1312 737; x_wconf 91' lang='lat'>101</span> <span class='ocrx_word' id='word_1_23' title='bbox 1336 682 1369 738; x_wconf 95' lang='lat' dir='ltr'>et</span> 
     </span>
     <span class='ocr_line' id='line_1_4' title="bbox 71 776 1369 867; baseline -0.004 -23"><span class='ocrx_word' id='word_1_24' title='bbox 71 782 147 846; x_wconf 79' lang='grc'><strong>234.</strong></span> <span class='ocrx_word' id='word_1_25' title='bbox 169 783 241 867; x_wconf 90' lang='lat' dir='ltr'>ipsa</span> <span class='ocrx_word' id='word_1_26' title='bbox 264 789 420 865; x_wconf 88' lang='lat' dir='ltr'>excerpta</span> <span class='ocrx_word' id='word_1_27' title='bbox 441 802 525 867; x_wconf 90' lang='lat' dir='ltr'>quae</span> <span class='ocrx_word' id='word_1_28' title='bbox 541 780 612 845; x_wconf 84' lang='lat' dir='ltr'>dixi</span> <span class='ocrx_word' id='word_1_29' title='bbox 635 791 667 845; x_wconf 92' lang='lat' dir='ltr'>et</span> <span class='ocrx_word' id='word_1_30' title='bbox 689 803 731 844; x_wconf 84' lang='lat' dir='ltr'>ex</span> <span class='ocrx_word' id='word_1_31' title='bbox 753 779 814 843; x_wconf 94' lang='lat' dir='ltr'>hoc</span> <span class='ocrx_word' id='word_1_32' title='bbox 836 779 949 845; x_wconf 91' lang='lat' dir='ltr'>codice</span> <span class='ocrx_word' id='word_1_33' title='bbox 971 785 1068 841; x_wconf 89' lang='lat' dir='ltr'>etex</span> <span class='ocrx_word' id='word_1_34' title='bbox 1090 777 1258 862; x_wconf 82' lang='lat' dir='ltr'>superiore</span> <span class='ocrx_word' id='word_1_35' title='bbox 1281 776 1369 839; x_wconf 91' lang='lat' dir='ltr'>edita</span> 
     </span>
     <span class='ocr_line' id='line_1_5' title="bbox 72 878 1369 966; baseline -0.005 -20"><span class='ocrx_word' id='word_1_36' title='bbox 72 893 150 948; x_wconf 89' lang='lat' dir='ltr'>sunt</span> <span class='ocrx_word' id='word_1_37' title='bbox 177 883 212 946; x_wconf 93' lang='lat' dir='ltr'>in</span> <span class='ocrx_word' id='word_1_38' title='bbox 239 881 396 946; x_wconf 79' lang='lat' dir='ltr'>analectis</span> <span class='ocrx_word' id='word_1_39' title='bbox 424 883 646 966; x_wconf 81' lang='lat' dir='ltr'>grammaticis</span> <span class='ocrx_word' id='word_1_40' title='bbox 675 881 817 946; x_wconf 92' lang='lat' dir='ltr'>Vindob.</span> <span class='ocrx_word' id='word_1_41' title='bbox 847 903 877 944; x_wconf 90' lang='lat' dir='ltr'>a.</span> <span class='ocrx_word' id='word_1_42' title='bbox 902 880 981 944; x_wconf 72' lang='lat'>1837</span> <span class='ocrx_word' id='word_1_43' title='bbox 1009 902 1042 964; x_wconf 93' lang='lat' dir='ltr'>p.</span> <span class='ocrx_word' id='word_1_44' title='bbox 1074 878 1133 941; x_wconf 78' lang='grc'>145</span> <span class='ocrx_word' id='word_1_45' title='bbox 1156 900 1227 964; x_wconf 88' lang='lat' dir='ltr'>sqq.</span> <span class='ocrx_word' id='word_1_46' title='bbox 1255 887 1369 963; x_wconf 87' lang='lat' dir='ltr'>postea</span> 
     </span>
     <span class='ocr_line' id='line_1_6' title="bbox 73 979 1367 1068; baseline -0.003 -21"><span class='ocrx_word' id='word_1_47' title='bbox 73 985 174 1049; x_wconf 89' lang='lat' dir='ltr'>lanus</span> <span class='ocrx_word' id='word_1_48' title='bbox 197 983 310 1048; x_wconf 89' lang='lat' dir='ltr'>cadem</span> <span class='ocrx_word' id='word_1_49' title='bbox 333 1005 398 1047; x_wconf 90' lang='lat' dir='ltr'>una</span> <span class='ocrx_word' id='word_1_50' title='bbox 420 1005 493 1048; x_wconf 91' lang='lat' dir='ltr'>cum</span> <span class='ocrx_word' id='word_1_51' title='bbox 515 983 673 1048; x_wconf 87' lang='lat' dir='ltr'>Parisinis</span> <span class='ocrx_word' id='word_1_52' title='bbox 697 983 858 1068; x_wconf 83' lang='lat' dir='ltr'>excerptis</span> <span class='ocrx_word' id='word_1_53' title='bbox 881 981 929 1046; x_wconf 90' lang='lat' dir='ltr'>ita</span> <span class='ocrx_word' id='word_1_54' title='bbox 950 979 1061 1060; x_wconf 87' lang='lat' dir='ltr'>edidit,</span> <span class='ocrx_word' id='word_1_55' title='bbox 1084 989 1120 1043; x_wconf 91' lang='lat' dir='ltr'>ut</span> <span class='ocrx_word' id='word_1_56' title='bbox 1141 989 1295 1066; x_wconf 88' lang='lat' dir='ltr'>excerpta</span> <span class='ocrx_word' id='word_1_57' title='bbox 1317 1001 1367 1043; x_wconf 91' lang='lat' dir='ltr'>co-</span> 
     </span>
     <span class='ocr_line' id='line_1_7' title="bbox 73 1078 1367 1174; baseline -0.005 -24"><span class='ocrx_word' id='word_1_58' title='bbox 73 1087 156 1151; x_wconf 87' lang='lat' dir='ltr'>dicis</span> <span class='ocrx_word' id='word_1_59' title='bbox 181 1086 219 1150; x_wconf 82' lang='lat'>16</span> <span class='ocrx_word' id='word_1_60' title='bbox 242 1108 338 1174; x_wconf 83' lang='lat' dir='ltr'>saepe</span> <span class='ocrx_word' id='word_1_61' title='bbox 361 1107 434 1150; x_wconf 90' lang='lat' dir='ltr'>cnm</span> <span class='ocrx_word' id='word_1_62' title='bbox 455 1084 521 1149; x_wconf 88' lang='lat' dir='ltr'>illis</span> <span class='ocrx_word' id='word_1_63' title='bbox 538 1085 773 1149; x_wconf 91' lang='lat' dir='ltr'>consentientia</span> <span class='ocrx_word' id='word_1_64' title='bbox 795 1083 944 1149; x_wconf 89' lang='lat' dir='ltr'>subiecta</span> <span class='ocrx_word' id='word_1_65' title='bbox 964 1080 1175 1146; x_wconf 85' lang='lat' dir='ltr'>adnotatione</span> <span class='ocrx_word' id='word_1_66' title='bbox 1198 1081 1264 1145; x_wconf 89' lang='lat' dir='ltr'>snis</span> <span class='ocrx_word' id='word_1_67' title='bbox 1287 1078 1367 1144; x_wconf 89' lang='lat' dir='ltr'>locis</span> 
     </span>
     <span class='ocr_line' id='line_1_8' title="bbox 73 1181 1368 1269; baseline -0.006 -17"><span class='ocrx_word' id='word_1_68' title='bbox 73 1188 294 1269; x_wconf 83' lang='lat' dir='ltr'>adscriberet,</span> <span class='ocrx_word' id='word_1_69' title='bbox 322 1187 455 1251; x_wconf 88' lang='lat' dir='ltr'>alterius</span> <span class='ocrx_word' id='word_1_70' title='bbox 485 1197 593 1252; x_wconf 88' lang='lat' dir='ltr'>autem</span> <span class='ocrx_word' id='word_1_71' title='bbox 620 1186 741 1251; x_wconf 88' lang='lat' dir='ltr'>codicis</span> <span class='ocrx_word' id='word_1_72' title='bbox 773 1194 950 1250; x_wconf 90' lang='lat' dir='ltr'>tractatum</span> <span class='ocrx_word' id='word_1_73' title='bbox 972 1183 1012 1248; x_wconf 92' lang='lat' dir='ltr'>de</span> <span class='ocrx_word' id='word_1_74' title='bbox 1034 1184 1135 1249; x_wconf 89' lang='lat' dir='ltr'>verbo</span> <span class='ocrx_word' id='word_1_75' title='bbox 1153 1183 1192 1245; x_wconf 90' lang='grc' dir='ltr'>Ι11</span> <span class='ocrx_word' id='word_1_76' title='bbox 1214 1182 1279 1246; x_wconf 92' lang='lat' dir='ltr'>fine</span> <span class='ocrx_word' id='word_1_77' title='bbox 1301 1181 1368 1246; x_wconf 88' lang='lat' dir='ltr'>edi·</span> 
     </span>
     <span class='ocr_line' id='line_1_9' title="bbox 73 1288 371 1355; baseline 0 -1"><span class='ocrx_word' id='word_1_78' title='bbox 73 1291 172 1355; x_wconf 89' lang='lat' dir='ltr'>tionis</span> <span class='ocrx_word' id='word_1_79' title='bbox 196 1288 371 1354; x_wconf 87' lang='lat' dir='ltr'>exhiberet.</span> 
     </span>
    </p>

    <p class='ocr_par' dir='ltr' id='par_1_3' title="bbox 70 1385 1368 2393">
     <span class='ocr_line' id='line_1_10' title="bbox 157 1385 1367 1478; baseline -0.003 -24"><span class='ocrx_word' id='word_1_80' title='bbox 157 1392 308 1478; x_wconf 89' lang='lat' dir='ltr'>Denique</span> <span class='ocrx_word' id='word_1_81' title='bbox 330 1413 435 1478; x_wconf 89' lang='lat' dir='ltr'>pauca</span> <span class='ocrx_word' id='word_1_82' title='bbox 450 1401 606 1476; x_wconf 88' lang='lat' dir='ltr'>excerpta</span> <span class='ocrx_word' id='word_1_83' title='bbox 619 1390 779 1455; x_wconf 87' lang='lat' dir='ltr'>Macrobii</span> <span class='ocrx_word' id='word_1_84' title='bbox 803 1388 957 1474; x_wconf 88' lang='lat' dir='ltr'>leguntur</span> <span class='ocrx_word' id='word_1_85' title='bbox 979 1389 1015 1450; x_wconf 93' lang='lat' dir='ltr'>in</span> <span class='ocrx_word' id='word_1_86' title='bbox 1029 1387 1140 1452; x_wconf 92' lang='lat' dir='ltr'>codice</span> <span class='ocrx_word' id='word_1_87' title='bbox 1155 1385 1367 1452; x_wconf 89' lang='lat' dir='ltr'>Laudunensi</span> 
     </span>
     <span class='ocr_line' id='line_1_11' title="bbox 71 1493 1367 1573; baseline -0.004 -16"><span class='ocrx_word' id='word_1_88' title='bbox 71 1495 137 1556; x_wconf 90' lang='lat'>444</span> <span class='ocrx_word' id='word_1_89' title='bbox 159 1516 244 1558; x_wconf 90' lang='lat' dir='ltr'>saec.</span> <span class='ocrx_word' id='word_1_90' title='bbox 268 1493 335 1572; x_wconf 88' lang='lat' dir='ltr'>IX,</span> <span class='ocrx_word' id='word_1_91' title='bbox 360 1494 383 1557; x_wconf 87' lang='lat' dir='ltr'>f.</span> <span class='ocrx_word' id='word_1_92' title='bbox 405 1495 426 1557; x_wconf 82' lang='lat'>5</span> <span class='ocrx_word' id='word_1_93' title='bbox 449 1499 598 1573; x_wconf 72' lang='lat' dir='ltr'>Exempla</span> <span class='ocrx_word' id='word_1_94' title='bbox 620 1498 834 1572; x_wconf 61' lang='lat' dir='ltr'>bumanorum</span> <span class='ocrx_word' id='word_1_95' title='bbox 856 1497 1019 1555; x_wconf 80' lang='lat' dir='ltr'>secandam</span> <span class='ocrx_word' id='word_1_96' title='bbox 1041 1496 1223 1554; x_wconf 78' lang='lat' dir='ltr'>macrobium</span> <span class='ocrx_word' id='word_1_97' title='bbox 1247 1494 1367 1553; x_wconf 78' lang='lat' dir='ltr'>theodo</span> 
     </span>
     <span class='ocr_line' id='line_1_12' title="bbox 70 1589 1364 1679; baseline -0.007 -19"><span class='ocrx_word' id='word_1_98' title='bbox 70 1603 148 1660; x_wconf 75' lang='lat' dir='ltr'>siam</span> <span class='ocrx_word' id='word_1_99' title='bbox 172 1622 254 1660; x_wconf 71' lang='lat' dir='ltr'>aaran</span> <span class='ocrx_word' id='word_1_100' title='bbox 277 1600 389 1660; x_wconf 80' lang='lat' dir='ltr'>tribulo</span> <span class='ocrx_word' id='word_1_101' title='bbox 411 1603 484 1660; x_wconf 82' lang='lat' dir='ltr'>etc:</span> <span class='ocrx_word' id='word_1_102' title='bbox 516 1598 558 1662; x_wconf 86' lang='lat' dir='ltr'>cf.</span> <span class='ocrx_word' id='word_1_103' title='bbox 585 1592 757 1679; x_wconf 85' lang='lat' dir='ltr'>catalogue</span> <span class='ocrx_word' id='word_1_104' title='bbox 784 1590 917 1677; x_wconf 73' lang='lat' dir='ltr'>general</span> <span class='ocrx_word' id='word_1_105' title='bbox 940 1591 997 1656; x_wconf 89' lang='lat' dir='ltr'>des</span> <span class='ocrx_word' id='word_1_106' title='bbox 1020 1613 1181 1655; x_wconf 86' lang='lat' dir='ltr'>manuscr.</span> <span class='ocrx_word' id='word_1_107' title='bbox 1204 1589 1262 1654; x_wconf 81' lang='lat' dir='ltr'>das</span> <span class='ocrx_word' id='word_1_108' title='bbox 1285 1589 1364 1655; x_wconf 93' lang='lat' dir='ltr'>bibl.</span> 
     </span>
     <span class='ocr_line' id='line_1_13' title="bbox 73 1691 1367 1784; baseline -0.003 -26"><span class='ocrx_word' id='word_1_109' title='bbox 73 1696 133 1760; x_wconf 76' lang='lat' dir='ltr'>cles</span> <span class='ocrx_word' id='word_1_110' title='bbox 156 1697 228 1784; x_wconf 92' lang='lat' dir='ltr'>dep.</span> <span class='ocrx_word' id='word_1_111' title='bbox 246 1697 262 1761; x_wconf 93' lang='lat'><em>1</em></span> <span class='ocrx_word' id='word_1_112' title='bbox 286 1720 317 1782; x_wconf 91' lang='lat' dir='ltr'>p.</span> <span class='ocrx_word' id='word_1_113' title='bbox 333 1697 405 1778; x_wconf 83' lang='lat'>234,</span> <span class='ocrx_word' id='word_1_114' title='bbox 428 1695 636 1762; x_wconf 88' lang='lat' dir='ltr'>Hildebrand</span> <span class='ocrx_word' id='word_1_115' title='bbox 658 1693 794 1780; x_wconf 88' lang='lat' dir='ltr'>glossar.</span> <span class='ocrx_word' id='word_1_116' title='bbox 817 1693 875 1759; x_wconf 91' lang='lat' dir='ltr'>lat.</span> <span class='ocrx_word' id='word_1_117' title='bbox 897 1692 977 1759; x_wconf 93' lang='lat' dir='ltr'>bibl.</span> <span class='ocrx_word' id='word_1_118' title='bbox 994 1694 1098 1757; x_wconf 89' lang='lat' dir='ltr'>Paris.</span> <span class='ocrx_word' id='word_1_119' title='bbox 1123 1696 1222 1778; x_wconf 87' lang='lat' dir='ltr'>prael.</span> <span class='ocrx_word' id='word_1_120' title='bbox 1240 1715 1271 1779; x_wconf 92' lang='lat' dir='ltr'>p.</span> <span class='ocrx_word' id='word_1_121' title='bbox 1287 1691 1367 1773; x_wconf 92' lang='lat' dir='ltr'>VII,</span> 
     </span>
     <span class='ocr_line' id='line_1_14' title="bbox 73 1794 1367 1884; baseline -0.004 -22"><span class='ocrx_word' id='word_1_122' title='bbox 73 1799 221 1864; x_wconf 88' lang='lat' dir='ltr'>Rudorff.</span> <span class='ocrx_word' id='word_1_123' title='bbox 244 1798 285 1863; x_wconf 91' lang='lat' dir='ltr'>de</span> <span class='ocrx_word' id='word_1_124' title='bbox 307 1797 407 1883; x_wconf 88' lang='lat' dir='ltr'>gloss.</span> <span class='ocrx_word' id='word_1_125' title='bbox 424 1797 597 1863; x_wconf 82' lang='lat' dir='ltr'>Philoxeni</span> <span class='ocrx_word' id='word_1_126' title='bbox 619 1808 651 1862; x_wconf 91' lang='lat' dir='ltr'>et</span> <span class='ocrx_word' id='word_1_127' title='bbox 666 1794 782 1884; x_wconf 83' lang='lat' dir='ltr'>Cyrilli</span> <span class='ocrx_word' id='word_1_128' title='bbox 805 1817 920 1860; x_wconf 91' lang='lat' dir='ltr'>comm.</span> <span class='ocrx_word' id='word_1_129' title='bbox 945 1794 1091 1859; x_wconf 84' lang='lat' dir='ltr'>academ.</span> <span class='ocrx_word' id='word_1_130' title='bbox 1107 1794 1214 1860; x_wconf 89' lang='lat' dir='ltr'>Berol.</span> <span class='ocrx_word' id='word_1_131' title='bbox 1236 1817 1266 1858; x_wconf 94' lang='lat' dir='ltr'>a.</span> <span class='ocrx_word' id='word_1_132' title='bbox 1285 1794 1367 1858; x_wconf 80' lang='lat'>1865</span> 
     </span>
     <span class='ocr_line' id='line_1_15' title="bbox 73 1895 1368 1987; baseline -0.004 -23"><span class='ocrx_word' id='word_1_133' title='bbox 73 1923 107 1986; x_wconf 93' lang='lat' dir='ltr'>p.</span> <span class='ocrx_word' id='word_1_134' title='bbox 129 1902 202 1965; x_wconf 80' lang='lat'>213.</span> <span class='ocrx_word' id='word_1_135' title='bbox 233 1901 339 1986; x_wconf 90' lang='lat' dir='ltr'>prima</span> <span class='ocrx_word' id='word_1_136' title='bbox 360 1899 462 1964; x_wconf 90' lang='lat' dir='ltr'>verba</span> <span class='ocrx_word' id='word_1_137' title='bbox 484 1901 519 1962; x_wconf 94' lang='lat' dir='ltr'>in</span> <span class='ocrx_word' id='word_1_138' title='bbox 546 1899 766 1987; x_wconf 83' lang='lat' dir='ltr'>descriptione</span> <span class='ocrx_word' id='word_1_139' title='bbox 786 1898 907 1962; x_wconf 88' lang='lat' dir='ltr'>codicis</span> <span class='ocrx_word' id='word_1_140' title='bbox 930 1896 1148 1962; x_wconf 88' lang='lat' dir='ltr'>exhibuerunt</span> <span class='ocrx_word' id='word_1_141' title='bbox 1169 1895 1368 1961; x_wconf 91' lang='lat' dir='ltr'>Hildebran·</span> 
     </span>
     <span class='ocr_line' id='line_1_16' title="bbox 72 1997 1367 2088; baseline -0.005 -22"><span class='ocrx_word' id='word_1_142' title='bbox 72 2004 134 2066; x_wconf 85' lang='lat' dir='ltr'>dus</span> <span class='ocrx_word' id='word_1_143' title='bbox 159 2012 191 2066; x_wconf 92' lang='lat' dir='ltr'>et</span> <span class='ocrx_word' id='word_1_144' title='bbox 213 2001 419 2084; x_wconf 81' lang='lat' dir='ltr'>Rudorffius3</span> <span class='ocrx_word' id='word_1_145' title='bbox 441 2002 511 2088; x_wconf 87' lang='lat' dir='ltr'>ipse</span> <span class='ocrx_word' id='word_1_146' title='bbox 535 2001 653 2066; x_wconf 91' lang='lat' dir='ltr'>librum</span> <span class='ocrx_word' id='word_1_147' title='bbox 676 2023 740 2066; x_wconf 93' lang='lat' dir='ltr'>non</span> <span class='ocrx_word' id='word_1_148' title='bbox 755 2001 834 2066; x_wconf 87' lang='lat' dir='ltr'>vidi.</span> <span class='ocrx_word' id='word_1_149' title='bbox 880 1998 938 2064; x_wconf 90' lang='lat' dir='ltr'>sed</span> <span class='ocrx_word' id='word_1_150' title='bbox 960 1997 1074 2063; x_wconf 88' lang='lat' dir='ltr'>eadem</span> <span class='ocrx_word' id='word_1_151' title='bbox 1097 1999 1246 2085; x_wconf 87' lang='lat' dir='ltr'>quamvis</span> <span class='ocrx_word' id='word_1_152' title='bbox 1268 1997 1367 2064; x_wconf 90' lang='lat' dir='ltr'>valde</span> 
     </span>
     <span class='ocr_line' id='line_1_17' title="bbox 73 2098 1367 2190; baseline -0.003 -24"><span class='ocrx_word' id='word_1_153' title='bbox 73 2114 228 2190; x_wconf 88' lang='lat' dir='ltr'>corrupte</span> <span class='ocrx_word' id='word_1_154' title='bbox 256 2104 379 2188; x_wconf 90' lang='lat' dir='ltr'>scripta</span> <span class='ocrx_word' id='word_1_155' title='bbox 410 2103 520 2168; x_wconf 88' lang='lat' dir='ltr'>inveni</span> <span class='ocrx_word' id='word_1_156' title='bbox 548 2104 582 2166; x_wconf 94' lang='lat' dir='ltr'>in</span> <span class='ocrx_word' id='word_1_157' title='bbox 605 2101 716 2168; x_wconf 85' lang='lat' dir='ltr'>codice</span> <span class='ocrx_word' id='word_1_158' title='bbox 738 2103 886 2168; x_wconf 89' lang='lat' dir='ltr'>Parisino</span> <span class='ocrx_word' id='word_1_159' title='bbox 908 2100 992 2167; x_wconf 75' lang='lat'>7499</span> <span class='ocrx_word' id='word_1_160' title='bbox 1013 2101 1047 2164; x_wconf 91' lang='lat' dir='ltr'>in</span> <span class='ocrx_word' id='word_1_161' title='bbox 1069 2099 1201 2167; x_wconf 91' lang='lat' dir='ltr'>scholiis</span> <span class='ocrx_word' id='word_1_162' title='bbox 1223 2098 1367 2186; x_wconf 84' lang='lat' dir='ltr'>Eutychi</span> 
     </span>
     <span class='ocr_line' id='line_1_18' title="bbox 72 2204 1366 2291; baseline -0.005 -22"><span class='ocrx_word' id='word_1_163' title='bbox 72 2229 106 2291; x_wconf 90' lang='lat' dir='ltr'>p.</span> <span class='ocrx_word' id='word_1_164' title='bbox 127 2205 207 2287; x_wconf 76' lang='lat'>452,</span> <span class='ocrx_word' id='word_1_165' title='bbox 226 2205 269 2268; x_wconf 76' lang='grc'>24</span> <span class='ocrx_word' id='word_1_166' title='bbox 288 2204 480 2290; x_wconf 78' lang='lat' dir='ltr'>adscriptis,</span> <span class='ocrx_word' id='word_1_167' title='bbox 505 2209 669 2282; x_wconf 82' lang='lat' dir='ltr'>ferculum.</span> <span class='ocrx_word' id='word_1_168' title='bbox 700 2210 857 2285; x_wconf 77' lang='lat' dir='ltr'>Excerpla</span> <span class='ocrx_word' id='word_1_169' title='bbox 879 2229 1034 2274; x_wconf 72' lang='lat' dir='ltr'>tartesson,</span> <span class='ocrx_word' id='word_1_170' title='bbox 1055 2229 1137 2265; x_wconf 75' lang='lat' dir='ltr'>aarum</span> <span class='ocrx_word' id='word_1_171' title='bbox 1156 2238 1187 2247; x_wconf 85' lang='lat'><em>-</em></span> <span class='ocrx_word' id='word_1_172' title='bbox 1207 2223 1366 2278; x_wconf 78' lang='lat' dir='ltr'>crsqnuwua</span> 
     </span>
     <span class='ocr_line' id='line_1_19' title="bbox 75 2301 1300 2393; baseline -0.002 -22"><span class='ocrx_word' id='word_1_173' title='bbox 75 2315 165 2371; x_wconf 79' lang='lat' dir='ltr'>uinco</span> <span class='ocrx_word' id='word_1_174' title='bbox 187 2313 236 2372; x_wconf 85' lang='lat' dir='ltr'>uel</span> <span class='ocrx_word' id='word_1_175' title='bbox 257 2314 352 2371; x_wconf 80' lang='lat' dir='ltr'>ur&#39;ntr&#39;o</span> <span class='ocrx_word' id='word_1_176' title='bbox 373 2313 536 2372; x_wconf 67' lang='lat' dir='ltr'>maculam.</span> <span class='ocrx_word' id='word_1_177' title='bbox 1079 2301 1083 2305; x_wconf 63' lang='grc'><em>’</em></span> <span class='ocrx_word' id='word_1_178' title='bbox 1296 2382 1300 2393; x_wconf 31' lang='lat'><strong>¹</strong></span> 
     </span>
    </p>

    <p class='ocr_par' dir='ltr' id='par_1_4' title="bbox 71 2408 1367 3823">
     <span class='ocr_line' id='line_1_20' title="bbox 159 2408 1364 2496; baseline -0.001 -23"><span class='ocrx_word' id='word_1_179' title='bbox 159 2410 199 2473; x_wconf 89' lang='lat' dir='ltr'>In</span> <span class='ocrx_word' id='word_1_180' title='bbox 226 2408 361 2473; x_wconf 89' lang='lat' dir='ltr'>edendis</span> <span class='ocrx_word' id='word_1_181' title='bbox 389 2410 551 2496; x_wconf 84' lang='lat' dir='ltr'>excerptis</span> <span class='ocrx_word' id='word_1_182' title='bbox 579 2410 613 2473; x_wconf 90' lang='lat' dir='ltr'>id</span> <span class='ocrx_word' id='word_1_183' title='bbox 641 2409 692 2493; x_wconf 90' lang='lat' dir='ltr'>egi</span> <span class='ocrx_word' id='word_1_184' title='bbox 726 2419 762 2474; x_wconf 93' lang='lat' dir='ltr'>ut</span> <span class='ocrx_word' id='word_1_185' title='bbox 791 2408 995 2492; x_wconf 88' lang='lat' dir='ltr'>singulorum</span> <span class='ocrx_word' id='word_1_186' title='bbox 1026 2430 1181 2493; x_wconf 86' lang='lat' dir='ltr'>generum</span> <span class='ocrx_word' id='word_1_187' title='bbox 1216 2416 1364 2472; x_wconf 89' lang='lat' dir='ltr'>naturam</span> 
     </span>
     <span class='ocr_line' id='line_1_21' title="bbox 71 2502 1366 2596; baseline -0.001 -22"><span class='ocrx_word' id='word_1_188' title='bbox 71 2513 235 2592; x_wconf 83' lang='lat' dir='ltr'>integram</span> <span class='ocrx_word' id='word_1_189' title='bbox 263 2531 446 2592; x_wconf 89' lang='lat' dir='ltr'>servarem,</span> <span class='ocrx_word' id='word_1_190' title='bbox 475 2502 634 2593; x_wconf 87' lang='lat' dir='ltr'>ceterum,</span> <span class='ocrx_word' id='word_1_191' title='bbox 665 2522 821 2596; x_wconf 90' lang='lat' dir='ltr'>quantum</span> <span class='ocrx_word' id='word_1_192' title='bbox 845 2511 915 2575; x_wconf 82' lang='lat' dir='ltr'>fieri</span> <span class='ocrx_word' id='word_1_193' title='bbox 937 2520 1060 2596; x_wconf 87' lang='lat' dir='ltr'>posset,</span> <span class='ocrx_word' id='word_1_194' title='bbox 1082 2510 1237 2575; x_wconf 88' lang='lat' dir='ltr'>brevitati</span> <span class='ocrx_word' id='word_1_195' title='bbox 1259 2509 1366 2574; x_wconf 89' lang='lat' dir='ltr'>stude-</span> 
     </span>
     <span class='ocr_line' id='line_1_22' title="bbox 72 2611 1367 2699; baseline 0 -23"><span class='ocrx_word' id='word_1_196' title='bbox 72 2635 153 2676; x_wconf 90' lang='lat' dir='ltr'>rem.</span> <span class='ocrx_word' id='word_1_197' title='bbox 198 2613 307 2699; x_wconf 90' lang='lat' dir='ltr'>itaque</span> <span class='ocrx_word' id='word_1_198' title='bbox 336 2613 467 2677; x_wconf 88' lang='lat' dir='ltr'>diversa</span> <span class='ocrx_word' id='word_1_199' title='bbox 499 2623 724 2698; x_wconf 82' lang='lat' dir='ltr'>excerptorum</span> <span class='ocrx_word' id='word_1_200' title='bbox 753 2633 889 2696; x_wconf 89' lang='lat' dir='ltr'>genera,</span> <span class='ocrx_word' id='word_1_201' title='bbox 919 2616 1065 2698; x_wconf 88' lang='lat' dir='ltr'>quamvis</span> <span class='ocrx_word' id='word_1_202' title='bbox 1094 2633 1191 2696; x_wconf 88' lang='lat' dir='ltr'>saepe</span> <span class='ocrx_word' id='word_1_203' title='bbox 1217 2611 1302 2676; x_wconf 90' lang='lat' dir='ltr'>inter</span> <span class='ocrx_word' id='word_1_204' title='bbox 1331 2634 1367 2676; x_wconf 90' lang='lat' dir='ltr'>se</span> 
     </span>
     <span class='ocr_line' id='line_1_23' title="bbox 72 2714 1365 2801; baseline -0.002 -23"><span class='ocrx_word' id='word_1_205' title='bbox 72 2715 292 2796; x_wconf 88' lang='lat' dir='ltr'>consentiant,</span> <span class='ocrx_word' id='word_1_206' title='bbox 315 2723 429 2801; x_wconf 87' lang='lat' dir='ltr'>utpote</span> <span class='ocrx_word' id='word_1_207' title='bbox 452 2737 494 2779; x_wconf 89' lang='lat' dir='ltr'>ex</span> <span class='ocrx_word' id='word_1_208' title='bbox 516 2715 629 2780; x_wconf 89' lang='lat' dir='ltr'>eodem</span> <span class='ocrx_word' id='word_1_209' title='bbox 651 2716 741 2779; x_wconf 88' lang='lat' dir='ltr'>fonte</span> <span class='ocrx_word' id='word_1_210' title='bbox 764 2716 882 2798; x_wconf 89' lang='lat' dir='ltr'>petita,</span> <span class='ocrx_word' id='word_1_211' title='bbox 906 2724 1013 2778; x_wconf 89' lang='lat' dir='ltr'>tamen</span> <span class='ocrx_word' id='word_1_212' title='bbox 1035 2715 1210 2800; x_wconf 87' lang='lat' dir='ltr'>separatim</span> <span class='ocrx_word' id='word_1_213' title='bbox 1231 2714 1365 2778; x_wconf 89' lang='lat' dir='ltr'>exhibui</span> 
     </span>
     <span class='ocr_line' id='line_1_24' title="bbox 72 2814 1366 2899; baseline -0.002 -19"><span class='ocrx_word' id='word_1_214' title='bbox 72 2815 216 2880; x_wconf 90' lang='lat' dir='ltr'>numeris</span> <span class='ocrx_word' id='word_1_215' title='bbox 240 2816 393 2899; x_wconf 90' lang='lat' dir='ltr'>locorum,</span> <span class='ocrx_word' id='word_1_216' title='bbox 416 2817 474 2881; x_wconf 90' lang='lat' dir='ltr'>ubi</span> <span class='ocrx_word' id='word_1_217' title='bbox 496 2815 630 2880; x_wconf 89' lang='lat' dir='ltr'>eaedem</span> <span class='ocrx_word' id='word_1_218' title='bbox 652 2839 703 2879; x_wconf 89' lang='lat' dir='ltr'>res</span> <span class='ocrx_word' id='word_1_219' title='bbox 726 2815 780 2881; x_wconf 91' lang='lat' dir='ltr'>vel</span> <span class='ocrx_word' id='word_1_220' title='bbox 801 2818 833 2880; x_wconf 91' lang='lat' dir='ltr'>in</span> <span class='ocrx_word' id='word_1_221' title='bbox 850 2816 1007 2879; x_wconf 91' lang='lat' dir='ltr'>Parisinis</span> <span class='ocrx_word' id='word_1_222' title='bbox 1023 2814 1076 2879; x_wconf 90' lang='lat' dir='ltr'>vel</span> <span class='ocrx_word' id='word_1_223' title='bbox 1098 2817 1132 2878; x_wconf 94' lang='lat' dir='ltr'>in</span> <span class='ocrx_word' id='word_1_224' title='bbox 1147 2814 1366 2879; x_wconf 89' lang='lat' dir='ltr'>Bobiensihus</span> 
     </span>
     <span class='ocr_line' id='line_1_25' title="bbox 72 2915 1365 3005; baseline -0.001 -24"><span class='ocrx_word' id='word_1_225' title='bbox 72 2920 237 3005; x_wconf 88' lang='lat' dir='ltr'>excerptis</span> <span class='ocrx_word' id='word_1_226' title='bbox 268 2926 467 3001; x_wconf 87' lang='lat' dir='ltr'>tractantur,</span> <span class='ocrx_word' id='word_1_227' title='bbox 495 2920 530 2982; x_wconf 93' lang='lat' dir='ltr'>in</span> <span class='ocrx_word' id='word_1_228' title='bbox 555 2918 759 3002; x_wconf 87' lang='lat' dir='ltr'>marginibus</span> <span class='ocrx_word' id='word_1_229' title='bbox 789 2917 979 3005; x_wconf 88' lang='lat' dir='ltr'>adscriptis,</span> <span class='ocrx_word' id='word_1_230' title='bbox 1002 2915 1066 2980; x_wconf 92' lang='lat' dir='ltr'>nisi</span> <span class='ocrx_word' id='word_1_231' title='bbox 1088 2916 1176 3002; x_wconf 91' lang='lat' dir='ltr'>quod</span> <span class='ocrx_word' id='word_1_232' title='bbox 1196 2939 1261 2980; x_wconf 91' lang='lat' dir='ltr'>uno</span> <span class='ocrx_word' id='word_1_233' title='bbox 1283 2915 1365 2999; x_wconf 91' lang='lat' dir='ltr'>loco,</span> 
     </span>
     <span class='ocr_line' id='line_1_26' title="bbox 72 3018 1365 3107; baseline 0 -23"><span class='ocrx_word' id='word_1_234' title='bbox 72 3020 130 3106; x_wconf 91' lang='lat' dir='ltr'>qui</span> <span class='ocrx_word' id='word_1_235' title='bbox 153 3021 267 3084; x_wconf 91' lang='lat' dir='ltr'>eodem</span> <span class='ocrx_word' id='word_1_236' title='bbox 294 3020 390 3085; x_wconf 91' lang='lat' dir='ltr'>modo</span> <span class='ocrx_word' id='word_1_237' title='bbox 416 3021 450 3083; x_wconf 91' lang='lat' dir='ltr'>in</span> <span class='ocrx_word' id='word_1_238' title='bbox 472 3019 627 3085; x_wconf 89' lang='lat' dir='ltr'>Bobiensi</span> <span class='ocrx_word' id='word_1_239' title='bbox 659 3018 771 3084; x_wconf 90' lang='lat' dir='ltr'>codice</span> <span class='ocrx_word' id='word_1_240' title='bbox 793 3028 891 3107; x_wconf 90' lang='lat' dir='ltr'>atque</span> <span class='ocrx_word' id='word_1_241' title='bbox 911 3021 946 3083; x_wconf 92' lang='lat' dir='ltr'>in</span> <span class='ocrx_word' id='word_1_242' title='bbox 968 3018 1118 3083; x_wconf 90' lang='lat' dir='ltr'>Parisino</span> <span class='ocrx_word' id='word_1_243' title='bbox 1140 3018 1282 3104; x_wconf 89' lang='lat' dir='ltr'>scriptus</span> <span class='ocrx_word' id='word_1_244' title='bbox 1304 3031 1365 3101; x_wconf 92' lang='lat' dir='ltr'>est,</span> 
     </span>
     <span class='ocr_line' id='line_1_27' title="bbox 71 3119 1366 3208; baseline -0.001 -23"><span class='ocrx_word' id='word_1_245' title='bbox 71 3145 114 3186; x_wconf 92' lang='lat' dir='ltr'>ne</span> <span class='ocrx_word' id='word_1_246' title='bbox 137 3121 252 3186; x_wconf 89' lang='lat' dir='ltr'>eadem</span> <span class='ocrx_word' id='word_1_247' title='bbox 273 3121 325 3187; x_wconf 91' lang='lat' dir='ltr'>bis</span> <span class='ocrx_word' id='word_1_248' title='bbox 347 3131 556 3207; x_wconf 90' lang='lat' dir='ltr'>ponerentur,</span> <span class='ocrx_word' id='word_1_249' title='bbox 578 3120 666 3186; x_wconf 91' lang='lat' dir='ltr'>illius</span> <span class='ocrx_word' id='word_1_250' title='bbox 682 3121 937 3208; x_wconf 89' lang='lat' dir='ltr'>discrepantiam</span> <span class='ocrx_word' id='word_1_251' title='bbox 952 3121 1115 3206; x_wconf 83' lang='lat' dir='ltr'>excerptis</span> <span class='ocrx_word' id='word_1_252' title='bbox 1131 3120 1287 3184; x_wconf 87' lang='lat' dir='ltr'>Parisiuis</span> <span class='ocrx_word' id='word_1_253' title='bbox 1311 3119 1366 3184; x_wconf 89' lang='lat' dir='ltr'>ad·</span> 
     </span>
     <span class='ocr_line' id='line_1_28' title="bbox 72 3221 1366 3310; baseline -0.001 -22"><span class='ocrx_word' id='word_1_254' title='bbox 72 3225 202 3310; x_wconf 86' lang='lat' dir='ltr'>scripsi.</span> <span class='ocrx_word' id='word_1_255' title='bbox 239 3232 410 3309; x_wconf 89' lang='lat' dir='ltr'>praeterea</span> <span class='ocrx_word' id='word_1_256' title='bbox 432 3223 664 3288; x_wconf 88' lang='lat' dir='ltr'>declinationes</span> <span class='ocrx_word' id='word_1_257' title='bbox 686 3224 862 3289; x_wconf 86' lang='lat' dir='ltr'>verborum</span> <span class='ocrx_word' id='word_1_258' title='bbox 883 3221 1058 3287; x_wconf 90' lang='lat' dir='ltr'>latinorum</span> <span class='ocrx_word' id='word_1_259' title='bbox 1080 3224 1115 3286; x_wconf 91' lang='lat' dir='ltr'>in</span> <span class='ocrx_word' id='word_1_260' title='bbox 1136 3222 1292 3287; x_wconf 88' lang='lat' dir='ltr'>Bobiensi</span> <span class='ocrx_word' id='word_1_261' title='bbox 1313 3245 1366 3287; x_wconf 90' lang='lat' dir='ltr'>co·</span> 
     </span>
     <span class='ocr_line' id='line_1_29' title="bbox 73 3325 1366 3412; baseline -0.002 -21"><span class='ocrx_word' id='word_1_262' title='bbox 73 3328 147 3392; x_wconf 90' lang='lat' dir='ltr'>dice</span> <span class='ocrx_word' id='word_1_263' title='bbox 169 3334 244 3411; x_wconf 88' lang='lat' dir='ltr'>post</span> <span class='ocrx_word' id='word_1_264' title='bbox 267 3337 446 3410; x_wconf 91' lang='lat' dir='ltr'>temporum</span> <span class='ocrx_word' id='word_1_265' title='bbox 476 3334 508 3390; x_wconf 90' lang='lat' dir='ltr'>et</span> <span class='ocrx_word' id='word_1_266' title='bbox 529 3325 698 3390; x_wconf 89' lang='lat' dir='ltr'>modorum</span> <span class='ocrx_word' id='word_1_267' title='bbox 725 3327 953 3391; x_wconf 90' lang='lat' dir='ltr'>tractationem</span> <span class='ocrx_word' id='word_1_268' title='bbox 975 3325 1130 3412; x_wconf 90' lang='lat' dir='ltr'>repetitas</span> <span class='ocrx_word' id='word_1_269' title='bbox 1152 3325 1265 3410; x_wconf 88' lang='lat' dir='ltr'>paucis</span> <span class='ocrx_word' id='word_1_270' title='bbox 1288 3325 1366 3388; x_wconf 88' lang='lat' dir='ltr'>locis</span> 
     </span>
     <span class='ocr_line' id='line_1_30' title="bbox 73 3426 1367 3514; baseline -0.002 -22"><span class='ocrx_word' id='word_1_271' title='bbox 73 3428 220 3514; x_wconf 88' lang='lat' dir='ltr'>exceptis</span> <span class='ocrx_word' id='word_1_272' title='bbox 243 3427 348 3492; x_wconf 89' lang='lat' dir='ltr'>omisi.</span> <span class='ocrx_word' id='word_1_273' title='bbox 391 3428 540 3493; x_wconf 91' lang='lat' dir='ltr'>codicum</span> <span class='ocrx_word' id='word_1_274' title='bbox 562 3438 671 3493; x_wconf 88' lang='lat' dir='ltr'>autem</span> <span class='ocrx_word' id='word_1_275' title='bbox 693 3430 887 3513; x_wconf 88' lang='lat' dir='ltr'>scripturam</span> <span class='ocrx_word' id='word_1_276' title='bbox 908 3428 944 3490; x_wconf 92' lang='lat' dir='ltr'>in</span> <span class='ocrx_word' id='word_1_277' title='bbox 957 3426 1116 3490; x_wconf 90' lang='lat' dir='ltr'>Parisinis</span> <span class='ocrx_word' id='word_1_278' title='bbox 1140 3426 1301 3512; x_wconf 84' lang='lat' dir='ltr'>excerptis</span> <span class='ocrx_word' id='word_1_279' title='bbox 1324 3449 1367 3491; x_wconf 92' lang='lat' dir='ltr'>ex</span> 
     </span>
     <span class='ocr_line' id='line_1_31' title="bbox 73 3528 1366 3616; baseline -0.002 -24"><span class='ocrx_word' id='word_1_280' title='bbox 73 3529 148 3592; x_wconf 91' lang='lat' dir='ltr'>Iani</span> <span class='ocrx_word' id='word_1_281' title='bbox 171 3528 325 3611; x_wconf 89' lang='lat' dir='ltr'>editione,</span> <span class='ocrx_word' id='word_1_282' title='bbox 348 3530 383 3593; x_wconf 94' lang='lat' dir='ltr'>in</span> <span class='ocrx_word' id='word_1_283' title='bbox 404 3529 620 3596; x_wconf 90' lang='lat' dir='ltr'>Bobiensibus</span> <span class='ocrx_word' id='word_1_284' title='bbox 643 3552 685 3594; x_wconf 85' lang='lat' dir='ltr'>ex</span> <span class='ocrx_word' id='word_1_285' title='bbox 707 3529 953 3594; x_wconf 85' lang='lat' dir='ltr'>Vindobonensi</span> <span class='ocrx_word' id='word_1_286' title='bbox 974 3529 1087 3616; x_wconf 88' lang='lat' dir='ltr'>petivi.</span> <span class='ocrx_word' id='word_1_287' title='bbox 1105 3561 1111 3571; x_wconf 89' lang='lat'><strong>·</strong></span> <span class='ocrx_word' id='word_1_288' title='bbox 1131 3550 1235 3615; x_wconf 88' lang='lat' dir='ltr'>neque</span> <span class='ocrx_word' id='word_1_289' title='bbox 1257 3537 1366 3592; x_wconf 90' lang='lat' dir='ltr'>tamen</span> 
     </span>
     <span class='ocr_line' id='line_1_32' title="bbox 73 3629 1365 3718; baseline -0.002 -23"><span class='ocrx_word' id='word_1_290' title='bbox 73 3653 296 3718; x_wconf 90' lang='lat' dir='ltr'>quaecumque</span> <span class='ocrx_word' id='word_1_291' title='bbox 322 3631 357 3695; x_wconf 94' lang='lat' dir='ltr'>in</span> <span class='ocrx_word' id='word_1_292' title='bbox 384 3635 510 3716; x_wconf 90' lang='lat' dir='ltr'>graecis</span> <span class='ocrx_word' id='word_1_293' title='bbox 539 3630 707 3698; x_wconf 87' lang='lat' dir='ltr'>vocabulis</span> <span class='ocrx_word' id='word_1_294' title='bbox 735 3632 854 3696; x_wconf 90' lang='lat' dir='ltr'>vitiose</span> <span class='ocrx_word' id='word_1_295' title='bbox 888 3653 908 3694; x_wconf 89' lang='lat' dir='ltr'>a</span> <span class='ocrx_word' id='word_1_296' title='bbox 939 3629 1082 3696; x_wconf 88' lang='lat' dir='ltr'>librariis</span> <span class='ocrx_word' id='word_1_297' title='bbox 1110 3631 1231 3716; x_wconf 92' lang='lat' dir='ltr'>scripta</span> <span class='ocrx_word' id='word_1_298' title='bbox 1263 3638 1365 3710; x_wconf 87' lang='lat' dir='ltr'>erant,</span> 
     </span>
     <span class='ocr_line' id='line_1_33' title="bbox 73 3730 1366 3823; baseline -0.001 -27"><span class='ocrx_word' id='word_1_299' title='bbox 73 3755 159 3819; x_wconf 91' lang='lat' dir='ltr'>quae</span> <span class='ocrx_word' id='word_1_300' title='bbox 181 3734 427 3800; x_wconf 88' lang='lat' dir='ltr'>accuratissime</span> <span class='ocrx_word' id='word_1_301' title='bbox 449 3759 469 3799; x_wconf 92' lang='lat' dir='ltr'>a</span> <span class='ocrx_word' id='word_1_302' title='bbox 483 3733 792 3800; x_wconf 89' lang='lat' dir='ltr'>Vindobonensibus</span> <span class='ocrx_word' id='word_1_303' title='bbox 816 3732 995 3798; x_wconf 88' lang='lat' dir='ltr'>editoribus</span> <span class='ocrx_word' id='word_1_304' title='bbox 1016 3755 1058 3796; x_wconf 90' lang='lat' dir='ltr'>ex</span> <span class='ocrx_word' id='word_1_305' title='bbox 1073 3730 1291 3823; x_wconf 86' lang='lat' dir='ltr'>Bobiensihus</span> <span class='ocrx_word' id='word_1_306' title='bbox 1314 3753 1366 3795; x_wconf 91' lang='lat' dir='ltr'>co-</span> 
     </span>
    </p>
   </div>
   <div class='ocr_carea' id='block_1_3' title="bbox 74 3831 1458 3918">
    <p class='ocr_par' dir='ltr' id='par_1_5' title="bbox 74 3831 1458 3918">
     <span class='ocr_line' id='line_1_34' title="bbox 74 3831 1458 3918; baseline -0.002 -20"><span class='ocrx_word' id='word_1_307' title='bbox 74 3835 220 3916; x_wconf 92' lang='lat' dir='ltr'>dicibus,</span> <span class='ocrx_word' id='word_1_308' title='bbox 249 3838 356 3900; x_wconf 90' lang='lat' dir='ltr'>minus</span> <span class='ocrx_word' id='word_1_309' title='bbox 386 3844 552 3918; x_wconf 88' lang='lat' dir='ltr'>accurate,</span> <span class='ocrx_word' id='word_1_310' title='bbox 580 3845 617 3900; x_wconf 93' lang='lat' dir='ltr'>ut</span> <span class='ocrx_word' id='word_1_311' title='bbox 646 3835 778 3902; x_wconf 82' lang='lat' dir='ltr'>videtur</span> <span class='ocrx_word' id='word_1_312' title='bbox 805 3858 824 3899; x_wconf 91' lang='lat' dir='ltr'>a</span> <span class='ocrx_word' id='word_1_313' title='bbox 851 3833 1011 3900; x_wconf 88' lang='lat' dir='ltr'>Presselio</span> <span class='ocrx_word' id='word_1_314' title='bbox 1045 3857 1062 3897; x_wconf 96' lang='lat' dir='ltr'>e</span> <span class='ocrx_word' id='word_1_315' title='bbox 1090 3833 1235 3898; x_wconf 91' lang='lat' dir='ltr'>Parisino</span> <span class='ocrx_word' id='word_1_316' title='bbox 1262 3831 1366 3897; x_wconf 90' lang='lat' dir='ltr'>relata</span> <span class='ocrx_word' id='word_1_317' title='bbox 1455 3870 1458 3878; x_wconf 87' lang='lat'>·</span> 
     </span>
    </p>
   </div>
   <div class='ocr_carea' id='block_1_4' title="bbox 71 3936 1366 4945">
    <p class='ocr_par' dir='ltr' id='par_1_6' title="bbox 71 3936 1366 4945">
     <span class='ocr_line' id='line_1_35' title="bbox 73 3936 1365 4024; baseline -0.003 -22"><span class='ocrx_word' id='word_1_318' title='bbox 73 3948 177 4020; x_wconf 90' lang='lat' dir='ltr'>crant,</span> <span class='ocrx_word' id='word_1_319' title='bbox 200 3937 353 4003; x_wconf 82' lang='lat' dir='ltr'>indicavi.</span> <span class='ocrx_word' id='word_1_320' title='bbox 389 3961 464 4002; x_wconf 91' lang='lat' dir='ltr'>nam</span> <span class='ocrx_word' id='word_1_321' title='bbox 480 3961 554 4002; x_wconf 91' lang='lat' dir='ltr'>curn</span> <span class='ocrx_word' id='word_1_322' title='bbox 569 3937 710 4024; x_wconf 89' lang='lat' dir='ltr'>plurima</span> <span class='ocrx_word' id='word_1_323' title='bbox 724 3937 765 4022; x_wconf 86' lang='lat' dir='ltr'>in</span> <span class='ocrx_word' id='word_1_324' title='bbox 785 3936 847 4001; x_wconf 91' lang='lat' dir='ltr'>hoc</span> <span class='ocrx_word' id='word_1_325' title='bbox 869 3959 987 4019; x_wconf 88' lang='lat' dir='ltr'>genere</span> <span class='ocrx_word' id='word_1_326' title='bbox 1009 3959 1026 4000; x_wconf 89' lang='lat' dir='ltr'>e</span> <span class='ocrx_word' id='word_1_327' title='bbox 1049 3957 1205 4022; x_wconf 87' lang='lat' dir='ltr'>perversa</span> <span class='ocrx_word' id='word_1_328' title='bbox 1225 3957 1365 4022; x_wconf 90' lang='lat' dir='ltr'>pronun-</span> 
     </span>
     <span class='ocr_line' id='line_1_36' title="bbox 73 4035 1366 4121; baseline -0.002 -17"><span class='ocrx_word' id='word_1_329' title='bbox 73 4040 178 4105; x_wconf 88' lang='lat' dir='ltr'>tiandi</span> <span class='ocrx_word' id='word_1_330' title='bbox 200 4049 233 4104; x_wconf 88' lang='lat' dir='ltr'>et</span> <span class='ocrx_word' id='word_1_331' title='bbox 254 4040 419 4105; x_wconf 89' lang='lat' dir='ltr'>scribendi</span> <span class='ocrx_word' id='word_1_332' title='bbox 440 4040 566 4104; x_wconf 89' lang='lat' dir='ltr'>ratione</span> <span class='ocrx_word' id='word_1_333' title='bbox 588 4049 661 4104; x_wconf 89' lang='lat' dir='ltr'>orta</span> <span class='ocrx_word' id='word_1_334' title='bbox 688 4061 760 4104; x_wconf 89' lang='lat' dir='ltr'>esse</span> <span class='ocrx_word' id='word_1_335' title='bbox 781 4049 923 4121; x_wconf 88' lang='lat' dir='ltr'>constet,</span> <span class='ocrx_word' id='word_1_336' title='bbox 946 4048 983 4104; x_wconf 94' lang='lat' dir='ltr'>nt</span> <span class='ocrx_word' id='word_1_337' title='bbox 1004 4061 1020 4102; x_wconf 84' lang='lat' dir='ltr'>e</span> <span class='ocrx_word' id='word_1_338' title='bbox 1043 4049 1074 4104; x_wconf 90' lang='lat' dir='ltr'>et</span> <span class='ocrx_word' id='word_1_339' title='bbox 1096 4061 1130 4101; x_wconf 88' lang='grc' dir='ltr'>αι</span> <span class='ocrx_word' id='word_1_340' title='bbox 1151 4035 1205 4104; x_wconf 90' lang='lat' dir='ltr'>vel</span> <span class='ocrx_word' id='word_1_341' title='bbox 1226 4061 1263 4121; x_wconf 85' lang='grc' dir='ltr'>η,</span> <span class='ocrx_word' id='word_1_342' title='bbox 1293 4059 1311 4100; x_wconf 92' lang='lat' dir='ltr'>o</span> <span class='ocrx_word' id='word_1_343' title='bbox 1334 4048 1366 4102; x_wconf 90' lang='lat' dir='ltr'>et</span> 
     </span>
     <span class='ocr_line' id='line_1_37' title="bbox 74 4138 1365 4228; baseline -0.002 -22"><span class='ocrx_word' id='word_1_344' title='bbox 74 4167 112 4225; x_wconf 83' lang='grc' dir='ltr'>ω,</span> <span class='ocrx_word' id='word_1_345' title='bbox 137 4165 166 4206; x_wconf 84' lang='grc' dir='ltr'>ει</span> <span class='ocrx_word' id='word_1_346' title='bbox 188 4153 221 4206; x_wconf 91' lang='lat' dir='ltr'>et</span> <span class='ocrx_word' id='word_1_347' title='bbox 243 4165 270 4223; x_wconf 84' lang='grc' dir='ltr'>ι,</span> <span class='ocrx_word' id='word_1_348' title='bbox 293 4149 319 4206; x_wconf 78' lang='grc' dir='ltr'><em>θ</em></span> <span class='ocrx_word' id='word_1_349' title='bbox 341 4152 374 4206; x_wconf 91' lang='lat' dir='ltr'>et</span> <span class='ocrx_word' id='word_1_350' title='bbox 395 4165 413 4205; x_wconf 87' lang='grc' dir='ltr'><em>τ</em></span> <span class='ocrx_word' id='word_1_351' title='bbox 435 4165 531 4228; x_wconf 91' lang='lat' dir='ltr'>saepe</span> <span class='ocrx_word' id='word_1_352' title='bbox 560 4151 758 4226; x_wconf 89' lang='lat' dir='ltr'>permutata,</span> <span class='ocrx_word' id='word_1_353' title='bbox 786 4141 867 4206; x_wconf 89' lang='lat' dir='ltr'>haec</span> <span class='ocrx_word' id='word_1_354' title='bbox 889 4143 999 4207; x_wconf 88' lang='lat' dir='ltr'>omnia</span> <span class='ocrx_word' id='word_1_355' title='bbox 1021 4139 1210 4226; x_wconf 89' lang='lat' dir='ltr'>scrupulosa</span> <span class='ocrx_word' id='word_1_356' title='bbox 1231 4138 1365 4224; x_wconf 91' lang='lat' dir='ltr'>diligen-</span> 
     </span>
     <span class='ocr_line' id='line_1_38' title="bbox 73 4240 1365 4330; baseline -0.002 -22"><span class='ocrx_word' id='word_1_357' title='bbox 73 4248 121 4309; x_wconf 89' lang='lat' dir='ltr'>tia</span> <span class='ocrx_word' id='word_1_358' title='bbox 153 4244 299 4308; x_wconf 90' lang='lat' dir='ltr'>indicare</span> <span class='ocrx_word' id='word_1_359' title='bbox 326 4245 361 4308; x_wconf 92' lang='lat' dir='ltr'>in</span> <span class='ocrx_word' id='word_1_360' title='bbox 388 4243 437 4307; x_wconf 87' lang='lat' dir='ltr'>his</span> <span class='ocrx_word' id='word_1_361' title='bbox 466 4243 597 4330; x_wconf 92' lang='lat' dir='ltr'>quidem</span> <span class='ocrx_word' id='word_1_362' title='bbox 625 4243 717 4310; x_wconf 90' lang='lat' dir='ltr'>libris</span> <span class='ocrx_word' id='word_1_363' title='bbox 748 4267 813 4309; x_wconf 92' lang='lat' dir='ltr'>non</span> <span class='ocrx_word' id='word_1_364' title='bbox 842 4245 947 4308; x_wconf 89' lang='lat' dir='ltr'>minus</span> <span class='ocrx_word' id='word_1_365' title='bbox 975 4243 1090 4306; x_wconf 91' lang='lat' dir='ltr'>inutile</span> <span class='ocrx_word' id='word_1_366' title='bbox 1117 4253 1180 4321; x_wconf 89' lang='lat' dir='ltr'>est,</span> <span class='ocrx_word' id='word_1_367' title='bbox 1208 4264 1305 4329; x_wconf 89' lang='lat' dir='ltr'>quam</span> <span class='ocrx_word' id='word_1_368' title='bbox 1331 4240 1365 4304; x_wconf 93' lang='lat' dir='ltr'>in</span> 
     </span>
     <span class='ocr_line' id='line_1_39' title="bbox 73 4343 1364 4433; baseline -0.002 -24"><span class='ocrx_word' id='word_1_369' title='bbox 73 4344 248 4410; x_wconf 87' lang='lat' dir='ltr'>latinorum</span> <span class='ocrx_word' id='word_1_370' title='bbox 281 4344 514 4411; x_wconf 88' lang='lat' dir='ltr'>vocabulorum</span> <span class='ocrx_word' id='word_1_371' title='bbox 549 4345 779 4433; x_wconf 89' lang='lat' dir='ltr'>orthographia</span> <span class='ocrx_word' id='word_1_372' title='bbox 813 4346 944 4411; x_wconf 90' lang='lat' dir='ltr'>morari.</span> <span class='ocrx_word' id='word_1_373' title='bbox 989 4344 1106 4409; x_wconf 90' lang='lat' dir='ltr'>deinde</span> <span class='ocrx_word' id='word_1_374' title='bbox 1135 4345 1171 4406; x_wconf 91' lang='lat' dir='ltr'>in</span> <span class='ocrx_word' id='word_1_375' title='bbox 1202 4344 1242 4408; x_wconf 89' lang='lat' dir='ltr'>iis</span> <span class='ocrx_word' id='word_1_376' title='bbox 1275 4343 1364 4426; x_wconf 87' lang='lat' dir='ltr'>locis,</span> 
     </span>
     <span class='ocr_line' id='line_1_40' title="bbox 73 4445 1365 4535; baseline -0.001 -24"><span class='ocrx_word' id='word_1_377' title='bbox 73 4448 192 4535; x_wconf 88' lang='lat' dir='ltr'>quibus</span> <span class='ocrx_word' id='word_1_378' title='bbox 214 4448 362 4513; x_wconf 90' lang='lat' dir='ltr'>codicum</span> <span class='ocrx_word' id='word_1_379' title='bbox 385 4448 604 4535; x_wconf 89' lang='lat' dir='ltr'>discrepantia</span> <span class='ocrx_word' id='word_1_380' title='bbox 626 4448 791 4535; x_wconf 87' lang='lat' dir='ltr'>adscripta</span> <span class='ocrx_word' id='word_1_381' title='bbox 813 4450 878 4528; x_wconf 89' lang='lat' dir='ltr'>es&#39;t,</span> <span class='ocrx_word' id='word_1_382' title='bbox 902 4471 968 4513; x_wconf 93' lang='lat' dir='ltr'>non</span> <span class='ocrx_word' id='word_1_383' title='bbox 990 4456 1178 4512; x_wconf 87' lang='lat' dir='ltr'>constanter</span> <span class='ocrx_word' id='word_1_384' title='bbox 1200 4445 1365 4526; x_wconf 88' lang='lat' dir='ltr'>adnotavi,</span> 
     </span>
     <span class='ocr_line' id='line_1_41' title="bbox 74 4549 1363 4638; baseline -0.001 -24"><span class='ocrx_word' id='word_1_385' title='bbox 74 4552 148 4638; x_wconf 91' lang='lat' dir='ltr'>quis</span> <span class='ocrx_word' id='word_1_386' title='bbox 178 4549 379 4614; x_wconf 86' lang='lat' dir='ltr'>levissimum</span> <span class='ocrx_word' id='word_1_387' title='bbox 406 4572 565 4637; x_wconf 89' lang='lat' dir='ltr'>quemque</span> <span class='ocrx_word' id='word_1_388' title='bbox 594 4550 802 4616; x_wconf 91' lang='lat' dir='ltr'>librariorum</span> <span class='ocrx_word' id='word_1_389' title='bbox 831 4571 973 4614; x_wconf 89' lang='lat' dir='ltr'>errorem</span> <span class='ocrx_word' id='word_1_390' title='bbox 999 4551 1125 4636; x_wconf 90' lang='lat' dir='ltr'>primus</span> <span class='ocrx_word' id='word_1_391' title='bbox 1157 4550 1363 4624; x_wconf 87' lang='lat' dir='ltr'>correxisset,</span> 
     </span>
     <span class='ocr_line' id='line_1_42' title="bbox 71 4649 1366 4739; baseline -0.002 -23"><span class='ocrx_word' id='word_1_392' title='bbox 71 4654 132 4734; x_wconf 74' lang='lat' dir='ltr'>scd</span> <span class='ocrx_word' id='word_1_393' title='bbox 156 4663 235 4735; x_wconf 90' lang='lat' dir='ltr'>tum,</span> <span class='ocrx_word' id='word_1_394' title='bbox 257 4675 330 4717; x_wconf 91' lang='lat' dir='ltr'>cum</span> <span class='ocrx_word' id='word_1_395' title='bbox 352 4651 449 4739; x_wconf 90' lang='lat' dir='ltr'>paulo</span> <span class='ocrx_word' id='word_1_396' title='bbox 472 4653 604 4738; x_wconf 89' lang='lat' dir='ltr'>gravior</span> <span class='ocrx_word' id='word_1_397' title='bbox 627 4675 698 4718; x_wconf 88' lang='lat' dir='ltr'>esse</span> <span class='ocrx_word' id='word_1_398' title='bbox 720 4653 895 4718; x_wconf 88' lang='lat' dir='ltr'>videbatur</span> <span class='ocrx_word' id='word_1_399' title='bbox 916 4651 1098 4716; x_wconf 88' lang='lat' dir='ltr'>emendatio</span> <span class='ocrx_word' id='word_1_400' title='bbox 1120 4649 1174 4716; x_wconf 89' lang='lat' dir='ltr'>vel</span> <span class='ocrx_word' id='word_1_401' title='bbox 1196 4649 1323 4736; x_wconf 89' lang='lat' dir='ltr'>longius</span> <span class='ocrx_word' id='word_1_402' title='bbox 1346 4673 1366 4714; x_wconf 91' lang='lat' dir='ltr'>a</span> 
     </span>
     <span class='ocr_line' id='line_1_43' title="bbox 75 4753 1365 4841; baseline -0.001 -23"><span class='ocrx_word' id='word_1_403' title='bbox 75 4755 168 4822; x_wconf 89' lang='lat' dir='ltr'>libris</span> <span class='ocrx_word' id='word_1_404' title='bbox 191 4755 441 4841; x_wconf 88' lang='lat' dir='ltr'>manuscriptis</span> <span class='ocrx_word' id='word_1_405' title='bbox 464 4756 651 4839; x_wconf 88' lang='lat' dir='ltr'>recedebat,</span> <span class='ocrx_word' id='word_1_406' title='bbox 674 4757 805 4819; x_wconf 90' lang='lat' dir='ltr'>nomina</span> <span class='ocrx_word' id='word_1_407' title='bbox 828 4776 938 4820; x_wconf 90' lang='lat' dir='ltr'>eorum</span> <span class='ocrx_word' id='word_1_408' title='bbox 960 4754 1016 4841; x_wconf 91' lang='lat' dir='ltr'>qni</span> <span class='ocrx_word' id='word_1_409' title='bbox 1038 4776 1149 4818; x_wconf 87' lang='lat' dir='ltr'>veram</span> <span class='ocrx_word' id='word_1_410' title='bbox 1171 4753 1365 4839; x_wconf 87' lang='lat' dir='ltr'>scripturam</span> 
     </span>
     <span class='ocr_line' id='line_1_44' title="bbox 75 4855 1366 4945; baseline -0.002 -23"><span class='ocrx_word' id='word_1_411' title='bbox 75 4859 302 4941; x_wconf 89' lang='lat' dir='ltr'>restituerant,</span> <span class='ocrx_word' id='word_1_412' title='bbox 336 4859 363 4923; x_wconf 90' lang='lat' dir='ltr'>si</span> <span class='ocrx_word' id='word_1_413' title='bbox 396 4859 492 4923; x_wconf 90' lang='lat' dir='ltr'>modo</span> <span class='ocrx_word' id='word_1_414' title='bbox 520 4859 562 4923; x_wconf 93' lang='lat' dir='ltr'>ab</span> <span class='ocrx_word' id='word_1_415' title='bbox 596 4856 669 4922; x_wconf 88' lang='lat' dir='ltr'>aliis</span> <span class='ocrx_word' id='word_1_416' title='bbox 703 4858 836 4923; x_wconf 88' lang='lat' dir='ltr'>inventa</span> <span class='ocrx_word' id='word_1_417' title='bbox 866 4865 953 4939; x_wconf 89' lang='lat' dir='ltr'>erat,</span> <span class='ocrx_word' id='word_1_418' title='bbox 986 4855 1156 4944; x_wconf 87' lang='lat' dir='ltr'>adscripsi.</span> <span class='ocrx_word' id='word_1_419' title='bbox 1201 4855 1366 4945; x_wconf 88' lang='lat' dir='ltr'>Opsopoei</span> 
     </span>
    </p>
   </div>
   <div class='ocr_carea' id='block_1_5' title="bbox 0 0 1680 5442">
    <p class='ocr_par' dir='ltr' id='par_1_7' title="bbox 0 0 1680 5442">
     <span class='ocr_line' id='line_1_45' title="bbox 0 0 1680 5442; baseline 0 0"><span class='ocrx_word' id='word_1_420' title='bbox 0 0 1680 5442; x_wconf 95' lang='lat' dir='ltr'> </span> 
     </span>
    </p>
   </div>
  </div>
 </body>
</html>
