3350 5442
327 356 390 419 372
872 356 1073 418 consuunt

352 478 374 518 p.
387 462 489 506 seor-59
502 464 525 507 Ρ.

327 563 415 606 senae
438 551 549 605 certam
571 546 818 623 significationem
846 548 1018 607 confusione
1042 548 1232 627 suspendant.
1277 566 1344 609 nam
1367 566 1433 607 cum
1458 545 1609 613 dicebar,

326 647 423 716 sedet,
447 647 526 707 aliud
548 648 688 726 quiddam
711 650 859 725 significo,
889 668 977 729 quam
1004 649 1094 710 habet
1116 649 1165 710 ille
1187 650 1260 709 orde
1281 648 1366 709 verbi
1389 656 1487 710 actum
1511 657 1609 709 tenen·

326 752 377 819 tis,
402 768 471 809 cum
492 749 620 810 dicimus
641 751 731 810 sedeo
752 752 840 812 sedes
863 752 955 812 sedet.
993 756 1102 832 partim
1124 770 1194 812 rere
1216 772 1232 814 a
1255 771 1286 813 se
1309 754 1459 811 oriuntur.
1504 752 1560 811 sed
1582 772 1609 811 ea

325 870 400 931 quae
424 871 440 912 a
462 870 493 911 se
523 854 661 913 oriuntur
688 854 774 914 mode
805 854 915 915 nullam
937 854 1048 915 habent
1069 873 1191 934 prorsus
1217 857 1365 933 originem
1394 860 1445 914 aut
1473 854 1610 914 similitu·

325 955 426 1015 dinem
450 952 572 1033 [tertiae
590 950 597 1036 Ι
615 956 774 1036 personae]
792 956 892 1025 verbi,
915 965 949 1017 ut
963 964 1009 1017 est
1023 957 1115 1037 pudet
1130 958 1230 1017 taedet
1250 961 1333 1037 piget
1354 959 1502 1036 paenitet;
1529 956 1626 1015 modos

325 1077 361 1118 ex
384 1058 483 1135 aliquo
505 1056 597 1116 verbo
619 1058 845 1119 similitudinem
868 1058 1003 1130 trabunt,
1027 1068 1061 1120 ut
1083 1062 1227 1121 misereor
1249 1062 1387 1128 miseret,
1411 1058 1490 1138 quod
1515 1066 1609 1117 utrum

325 1179 341 1221 a
364 1162 512 1219 misereor
533 1162 702 1230 misereris,
728 1180 765 1221 an
788 1178 804 1220 a
826 1162 954 1221 miseror
969 1164 1123 1223 miseraris
1137 1165 1251 1232 veniat,
1274 1164 1423 1221 incertum
1444 1169 1501 1221 est.
1528 1180 1608 1239 quar·

325 1271 387 1323 tum
408 1279 503 1339 genus
526 1268 572 1321 est
597 1263 845 1342 inpersonalium,
875 1263 953 1344 quod
981 1270 1030 1323 tur
1052 1264 1162 1344 syllaba
1183 1266 1296 1325 sinitur.
1341 1264 1371 1324 id
1394 1262 1430 1323 ab
1453 1263 1608 1324 indicatio»

325 1367 438 1443 primae
467 1382 610 1443 personae
638 1368 805 1444 praesentis
833 1368 976 1445 temperis
1004 1386 1021 1427 e
1048 1367 1148 1428 littera
1176 1369 1334 1427 terminate
1363 1368 1459 1434 venit,
1490 1373 1526 1424 ut
1553 1366 1608 1442 lego

325 1466 449 1543 iegitur,
472 1484 544 1544 gero
565 1470 697 1545 geritur,
721 1468 799 1548 quod
821 1468 984 1529 indiscrete
1000 1469 1037 1531 ab
1053 1472 1117 1531 eius
1135 1470 1213 1531 modi
1237 1466 1328 1528 verbe
1350 1486 1471 1547 semper
1492 1469 1631 1527 omninou

326 1572 472 1638 nascitur,
504 1572 637 1649 exceptis
663 1569 858 1649 quibusdam,
887 1589 962 1649 quae
991 1574 1022 1631 in
1050 1572 1105 1632 bac
1128 1580 1211 1651 parte
1235 1571 1386 1631 deliciunt.
1431 1569 1511 1629 unde
1537 1570 1607 1629 ducti

326 1680 395 1731 sunt
422 1671 543 1750 quidam
570 1679 603 1732 ut
629 1672 708 1732 hune
736 1671 857 1733 modum
885 1671 1075 1734 declinationi
1103 1650 1306 1753 adplicarentJ
1330 1672 1608 1751 quoniamquidem

326 1774 439 1834 nullum
461 1774 526 1833 iere
548 1773 673 1834 verbum
695 1776 824 1834 inveniri
848 1781 960 1853 potest,
990 1793 1026 1836 ex
1048 1794 1107 1855 que
1129 1794 1187 1835 nen
1210 1794 1264 1855 per
1287 1774 1522 1835 declinationum
1545 1774 1610 1850 sigu-

325 1894 374 1937 ras
400 1876 505 1936 medus
532 1878 591 1937 iste
617 1885 765 1937 nascatur.
800 1877 863 1954 sed
892 1880 924 1937 in
953 1877 1008 1939 boc
1039 1886 1228 1946 erraverunt,
1258 1876 1336 1956 quod
1368 1878 1496 1937 eundem
1527 1879 1610 1935 istun
1654 1890 1655 1973 q

326 1978 459 2048 modum,
489 1981 540 2057 qui
567 1979 604 2040 ab
632 1982 726 2040 activa
748 1978 945 2040 declinatione
968 1988 1081 2051 manat,
1105 1980 1194 2040 etiam
1217 1981 1342 2059 passivis
1364 1978 1611 2039 declinationibus
1621 1974 1655 2035 1¹

326 2080 564 2160 adplicaverunt,
595 2100 662 2141 cum
690 2100 876 2161 nequaquam
905 2081 952 2153 illa
990 2083 1187 2143 declinatione
1220 2084 1355 2161 passivae
1388 2082 1612 2158 significationis
1654 2072 1655 2111 ἕ

324 2190 439 2263 partem
461 2183 566 2243 eadem
588 2182 679 2244 rerba
701 2190 937 2262 repraesentent.
983 2203 1050 2245 nam
1078 2204 1145 2245 cum
1167 2184 1234 2245 dice
1257 2184 1390 2251 sedetur,
1421 2183 1493 2243 lieet
1520 2186 1614 2243 omnis
1654 2176 1655 2255 i

323 2303 451 2364 persona
473 2287 596 2346 contusa
618 2288 672 2354 sit,
701 2287 845 2365 numquid
874 2286 952 2347 aliud
980 2287 1083 2347 videor
1111 2287 1229 2355 dicere,
1252 2305 1341 2365 quam
1364 2286 1400 2345 de
1423 2285 1471 2345 bis
1493 2288 1548 2365 qui
1571 2304 1611 2345 se·

324 2387 414 2447 dent?
442 2395 493 2447 aut
520 2394 619 2467 potest
645 2387 722 2447 ullus
749 2388 918 2449 intellectus
945 2407 1010 2450 esse
1040 2397 1071 2449 ut
1098 2390 1153 2449 hoc
1176 2388 1286 2448 dixisse
1309 2388 1411 2447 ridear
1434 2386 1471 2447 de
1493 2386 1543 2446 his
1566 2388 1612 2466 qui
1654 2464 1655 2477 χ

282 2468 290 2484 ’
324 2491 466 2551 sedentur
493 2509 560 2551 cum
587 2492 785 2570 permixtione
814 2493 978 2570 personae?
1013 2510 1084 2569 ergo
1116 2492 1256 2571 quoniam
1284 2488 1358 2550 haee
1386 2489 1549 2551 declinatio
1577 2491 1655 2563 itae3

323 2602 468 2673 perpetua
497 2611 616 2672 semper
643 2594 706 2652 lere
735 2602 781 2652 est
809 2593 846 2653 ab
876 2595 973 2653 activa
1000 2594 1231 2671 significatione,
1257 2599 1288 2652 ut
1310 2610 1471 2671 numquam
1493 2594 1613 2651 omnine

322 2696 415 2764 desit,
445 2694 641 2769 tolerabiliter
670 2693 744 2755 mibi
772 2696 804 2755 in
832 2698 927 2755 activa
956 2695 1155 2756 declinatione
1182 2696 1297 2775 positus
1325 2712 1340 2755 a
1363 2693 1544 2773 quibusdam
1568 2692 1612 2751 ht·
1654 2732 1655 2735 κ

323 2798 428 2858 modus
457 2797 654 2875 inpersonalis
682 2796 809 2857 videtur.
855 2804 885 2856 et
906 2799 983 2876 quod
1006 2816 1061 2877 per
1083 2806 1198 2858 ceteros
1219 2797 1322 2857 modos
1345 2804 1443 2877 potest
1465 2796 1534 2855 duci
1560 2812 1612 2854 nou
1654 2790 1655 2857 i

322 2899 483 2978 plurimum
517 2900 622 2966 elficit,
657 2900 726 2978 quia
759 2906 882 2978 excepte
915 2901 1061 2960 infinitivo
1098 2902 1162 2960 lere
1196 2918 1250 2979 per
1284 2901 1382 2959 emnia
1419 2916 1472 2958 sua
1505 2900 1611 2959 currit.
1654 2882 1655 2885 ¹

323 3003 458 3080 quamvis
485 3000 573 3079 paulo
599 3000 688 3060 latius
715 3000 907 3063 diffundatur.
951 3009 1050 3064 cetera
1078 3020 1149 3062 vere
1181 3001 1384 3080 inpersonalia
1411 2999 1501 3060 verba
1532 3009 1642 3058 rectus

324 3105 389 3163 sine
411 3102 597 3162 dubitatione
625 3109 739 3163 secreta
768 3124 784 3164 a
813 3103 1044 3165 declinationum
1065 3104 1161 3165 modis
1182 3102 1343 3182 generibus
1366 3122 1400 3163 ae
1423 3103 1612 3179 signiliratie-
1654 3096 1655 3119 ³

324 3204 413 3264 nibus
440 3204 641 3283 adplicantur,
670 3207 739 3284 quia
766 3205 840 3266 baec
868 3224 904 3265 ex
932 3208 1013 3266 omni
1041 3206 1132 3266 verbe
1161 3213 1289 3267 manant.
1335 3212 1382 3265 est
1403 3206 1471 3265 novi
1492 3206 1613 3280 generis

324 3306 468 3387 quaedam
490 3308 605 3386 speeies
633 3326 649 3368 a
677 3307 841 3385 generibus
868 3310 975 3387 positis
997 3308 1180 3388 discrepans.
1224 3326 1278 3368 nes
1300 3314 1398 3367 tamen
1421 3307 1493 3367 baec
1514 3306 1611 3365 emnia

323 3407 413 3469 verba
435 3408 651 3488 inpersonalia,
681 3419 804 3489 excepta
833 3410 1065 3471 declinationum
1087 3409 1198 3479 medie,
1222 3408 1385 3487 generibus
1399 3411 1431 3469 in
1448 3415 1539 3469 totum
1563 3406 1611 3466 ad-

323 3511 522 3591 plicavimus„
552 3509 712 3572 absurdum
742 3515 823 3572 enim
854 3514 950 3573 visum
977 3520 1022 3573 est
1048 3512 1181 3573 eiusdem
1210 3510 1295 3571 verbi
1323 3518 1460 3571 naturam
1481 3516 1510 3569 ct
1532 3511 1641 3568 intera·

323 3631 434 3691 genera
456 3621 486 3673 ct
508 3616 587 3674 inter
608 3606 712 3673 modes
734 3614 940 3675 adnumerare.

408 3715 486 3776 Satis
514 3723 617 3796 aperte
645 3723 676 3776 et
703 3716 739 3777 de
762 3718 790 3775 vi
813 3725 844 3776 et
866 3716 902 3777 de
926 3719 1068 3777 uarietate
1091 3716 1323 3796 inpersonalium
1345 3710 1510 3795 verbolrum
1534 3713 1610 3773 dini·

322 3838 398 3888 mus,
421 3824 451 3878 et
473 3819 521 3877 cui
543 3818 623 3897 parti
646 3836 680 3878 ca
703 3820 815 3878 rectius
837 3818 981 3898 adplicari
1004 3826 1157 3900 oporteret
1178 3818 1372 3878 ostendimus.
1419 3834 1495 3877 nunc
1516 3834 1608 3895 pauca

322 3920 494 3981 intellectus
519 3920 615 3996 gratia
644 3919 680 3979 de
708 3920 764 3980 hec
786 3922 852 3998 ipse
880 3923 1015 4000 proxime
1044 3920 1224 4000 inpersonali
1247 3919 1338 3979 verbe
1360 3920 1553 3987 disseremus
1578 3926 1609 3977 ut

322 4025 383 4083 vim
411 4024 505 4101 ipsius
530 4022 678 4101 possimus
705 4021 869 4081 advertere.
914 4025 955 4083 ait
983 4022 1125 4101 Virgilius
1151 4022 1284 4103 ‘usquc
1318 4021 1408 4081 adeo
1437 4019 1640 4081 trebatius

321 4157 626 4167 ...σ--ι--ι--ι-ι

391 4226 409 4277 3
432 4225 477 4276 sed
501 4234 632 4275 eteorum
652 4240 716 4288 quae
739 4240 754 4274 a
776 4242 804 4276 se
824 4235 962 4277 nascuntur
979 4227 1013 4276 M
1081 4228 1097 4277 5
1117 4226 1207 4276 tertiae
1225 4238 1349 4291 personae
1366 4240 1413 4278 em.
1432 4225 1489 4275 ML
1558 4224 1606 4273 iio

324 4297 405 4346 litters
422 4298 628 4359 tenninatepoat
646 4295 890 4347 indicativoitadent
908 4297 1001 4347 BML
1068 4298 1098 4348 ll
1119 4311 1183 4360 qnae
1200 4296 1264 4345 etin
1284 4296 1372 4346 hacB
1442 4296 1473 4346 la
1490 4295 1605 4357 quoniam

323 4366 420 4416 nulium
438 4366 492 4416 lere
510 4366 616 4417 uerbum
636 4365 744 4416 inueniri
763 4375 848 4430 potest
867 4368 899 4416 M
916 4369 1035 4431 quonism
1054 4366 1156 4431 quidem
1176 4366 1271 4415 nullum
1297 4365 1349 4415 lere
1373 4365 1477 4416 uerbum
1494 4364 1605 4411 inuenire

323 4434 436 4502 pesseB
454 4437 573 4500 queniam
592 4436 693 4498 quidem
715 4436 811 4485 nullum
833 4437 887 4487 lere
904 4438 1009 4487 uerbum
1026 4440 1040 4487 e
1057 4437 1172 4486 inuenire
1191 4439 1300 4499 posseL
1357 4433 1387 4485 14
1405 4436 1449 4484 sed
1463 4448 1507 4484 neu
1520 4434 1547 4482 in
1561 4433 1605 4481 bec

324 4505 508 4556 MsedbeeL
561 4503 672 4571 lticum]
690 4505 758 4555 etM
809 4506 842 4557 19
854 4506 980 4557 nullusM
1029 4506 1062 4558 23
1078 4514 1102 4557 et
1114 4507 1182 4569 quod
1193 4506 1248 4558 ML
1260 4515 1284 4555 et
1297 4506 1519 4569 quemquem,
1533 4520 1603 4556 cerr.

324 4586 348 4625 et
362 4576 479 4638 quamuis
497 4590 626 4637 rapereer.
638 4579 675 4626 ol.
694 4592 760 4625 man.
780 4575 796 4623 l'
816 4578 877 4638 quie
891 4576 917 4625 B
987 4580 1020 4629 ⁴24
1038 4576 1116 4627 eiilcit
1135 4578 1196 4639 quia
1212 4578 1237 4626 L
1260 4576 1338 4626 elficit
1355 4576 1424 4640 quod
1442 4574 1514 4635 (eerr-
1536 4576 1605 4637 quia)

324 4646 361 4693 B:
380 4644 458 4694 oiiicit
472 4646 533 4708 quin
552 4671 586 4681 —
604 4654 688 4695 currat
703 4645 843 4696 Siciardes
912 4648 946 4697 28
964 4647 1111 4713 discrepans
1129 4646 1269 4697 Sieberdcs
1286 4646 1431 4710 discrepare
1447 4642 1496 4693 BL
1514 4642 1605 4692 discri-
1654 4646 1655 4677 ἓ

324 4728 383 4778 pare
401 4729 477 4776 quam
496 4714 604 4765 dicimus
625 4715 657 4763 M
725 4716 880 4780 ‘zilexcepta
901 4717 933 4767 M
949 4719 1062 4783 exeeptis
1079 4716 1133 4769 BL
1192 4716 1388 4781 adplioamusB
1446 4714 1478 4765 32
1495 4712 1604 4763 diximus
1654 4716 1655 4727 ³

323 4797 369 4835 era.
385 4782 418 4832 M
486 4780 520 4834 35
537 4785 573 4832 ait
587 4784 713 4849 Virgilius
730 4785 870 4837 sichardus
885 4795 908 4836 et
926 4789 961 4837 nit
979 4787 1097 4853 uirgilius
1115 4787 1141 4838 B
1161 4798 1188 4835 ut
1207 4788 1242 4835 eit
1262 4786 1385 4851 uergilius
1401 4788 1426 4837 L
1445 4792 1472 4833 ut
1488 4782 1603 4849 uir-gilius
1654 4794 1655 4847 ᾖ

325 4852 359 4900 M
425 4850 516 4917 osque]
540 4855 618 4919 Verg.
638 4854 718 4905 bucol.
738 4856 762 4919 1,
782 4857 814 4906 12
1484 4858 1485 4861 ’
1654 4856 1655 4865 ’
