3350 5442
620 355 856 420 COMMENTVM
1323 347 1387 412 273

1206 471 1229 513 p.
1237 458 1327 501 ees-er
1339 457 1363 498 t.

92 545 237 623 parietem
260 563 313 624 per
336 545 474 623 parietes.
511 545 582 604 item
605 542 674 604 illae
696 543 854 613 ablativae,
883 561 899 602 a
922 541 960 602 ab
982 539 1034 604 abs
1055 558 1122 602 curn
1145 548 1246 601 coram
1268 546 1298 600 et
1318 538 1388 599 reli·

94 661 184 724 quae;
213 647 287 706 istae
314 651 427 707 tantum
457 644 582 707 ablativo
610 649 783 725 iunguntur.
827 645 881 706 sed
914 644 946 704 in
972 645 1038 704 istis
1066 641 1200 720 ablativis
1222 649 1252 702 et
1273 643 1303 701 in
1326 639 1386 701 illis

94 749 268 808 accusativis
290 754 358 808 sunt
379 746 493 826 aliquae
515 766 591 827 quae
614 749 645 807 in
668 747 884 808 dubitationem
906 747 1036 806 veniunt.
1070 762 1140 805 ecce
1161 745 1192 804 in
1215 741 1488 832 accusativisssfl,4

93 849 149 910 bae
177 852 209 910 in
237 851 440 929 quaestionem
467 850 602 910 veniunt:
633 848 669 908 ad
698 855 727 908 et
755 849 832 930 apud
860 849 1046 910 accusativae
1074 853 1143 908 sont
1170 846 1307 927 quidem,
1336 809 1459 906 κόψ’
1475 811 1503 856 ¹¹

65 951 306 1012 sdiseretionem
329 949 500 1031 relinquunt
522 953 552 1012 in
574 949 734 1030 loquendo.
779 949 899 1030 quando
921 948 957 1011 ad
978 948 1078 1010 locum
1100 967 1155 1008 nos
1176 948 1220 1008 ire
1242 947 1388 1025 signitica-

93 1072 175 1123 mus‚
199 1052 235 1114 ad
257 1054 394 1132 ponitur;
423 1051 541 1131 quando
570 1054 600 1112 in
630 1050 696 1113 loeo
725 1071 844 1121 smnus,
873 1049 951 1130 apud
973 1052 1104 1129 ponitur.
1149 1058 1219 1129 puta
1241 1049 1295 1108 ‘ad
1318 1049 1389 1108 arni·

94 1174 164 1216 cum
187 1153 287 1224 vado',
313 1154 407 1234 ‘apud
430 1157 557 1216 amicum
582 1158 681 1224 sum':¹
720 1173 780 1215 non
802 1171 924 1234 possum
948 1153 1049 1213 dicere
1071 1159 1121 1213 ant
1144 1151 1240 1232 ‘apud
1262 1152 1390 1211 amicum

93 1257 186 1318 vado'
213 1264 263 1318 aut
290 1256 344 1317 ‘ad
372 1258 499 1318 amicum
527 1258 621 1327 sum',
649 1255 716 1334 lege
745 1254 865 1335 quidem
897 1255 984 1324 artis;
1018 1262 1152 1315 ceterum
1186 1251 1390 1333 exemplorum

92 1357 160 1437 lege
189 1360 371 1420 convertitur
398 1361 453 1420 isle
480 1367 631 1421 tractatus,
676 1360 795 1418 interim
824 1376 880 1419 nos
907 1357 996 1417 bodie
1023 1356 1081 1417 hoc
1108 1365 1275 1424 teneamus,
1300 1364 1333 1416 ut
1354 1352 1392 1415 ad

51 1475 80 1516 ro
94 1477 215 1541 semper
243 1460 279 1520 ad
307 1460 405 1523 locum
424 1461 484 1532 sit,
513 1459 591 1540 apud
619 1477 738 1538 semper
765 1461 795 1519 in
823 1458 890 1521 loco
918 1460 965 1520 sit.
1010 1457 1137 1536 legimns
1159 1457 1279 1538 quidem
1311 1455 1389 1537 apud

94 1562 279 1633 Sallustium,
309 1564 340 1624 in
367 1563 501 1624 historiis
529 1561 674 1623 babemus
702 1558 786 1622 ‘ille
815 1561 1068 1638 Conisturgim
1098 1558 1202 1639 apud*
1223 1558 1392 1638 leg-iones

95 1667 230 1726 venit':
254 1667 377 1726 mutavit
400 1666 658 1744 praepositionem.
686 1666 780 1744 Asper
795 1662 927 1723 defendit
948 1669 978 1723 et
1000 1663 1041 1723 ita
1063 1662 1150 1731 dixit,
1174 1662 1391 1739 ‘Conisturgim

95 1767 208 1846 reniti
232 1765 268 1826 ad
285 1783 371 1846 quam
388 1767 587 1845 Conisturgim
610 1766 709 1826 venit?
733 1765 783 1826 ubi
805 1767 924 1826 l'uerant
945 1763 1091 1842 legiones,
1115 1780 1174 1841 quo
1196 1765 1285 1824 venit.
1320 1780 1391 1823 con-

92 1875 194 1929 vertas
216 1867 365 1929 ordinem:
393 1869 449 1928 iste
472 1870 551 1928 enirn
575 1868 648 1929 dixit
676 1866 893 1944 ‘Conisturgim
916 1865 993 1944 apud
1015 1865 1148 1944 legiones
1170 1865 1273 1935 venit',
1296 1864 1326 1924 id
1349 1873 1394 1926 est

54 1987 78 2026 15
93 1968 177 2049 apud
206 1970 407 2047 Conisturgim
435 1970 554 2031 inerant
579 1968 728 2050 legiones,
765 1985 823 2045 quo
851 1970 909 2028 iste
936 1969 1026 2057 venit.
1071 1969 1194 2028 mutavit
1226 1967 1393 2028 ordinem’.

93 2090 170 2150 ergo
199 2071 276 2151 apud
303 2073 334 2132 in
363 2071 430 2132 loco
459 2089 524 2133 esse
553 2070 657 2142 debet,
687 2079 719 2132 nt
747 2070 845 2150 ‘apud
873 2070 1001 2130 amicum
1029 2072 1123 2131 snm'.
1167 2068 1203 2130 ad
1227 2087 1297 2129 vero
1326 2087 1393 2128 eum

92 2175 170 2234 artis
199 2175 377 2235 necessitate
407 2171 443 2233 ad
474 2172 574 2234 locum
601 2174 761 2252 significet,
790 2171 821 2232 id
851 2180 895 2232 est
922 2170 979 2231 ‘ad
1007 2164 1134 2232 amieurn
1161 2169 1264 2240 vado',
1294 2179 1393 2231 tamen

93 2294 203 2338 omnes
225 2276 338 2354 antiqui
361 2283 391 2336 et
412 2274 512 2335 idonei
536 2282 564 2336 et
586 2275 663 2336 firmi
687 2281 824 2334 auctores
845 2275 1008 2335 iunxerunt
1028 2273 1111 2352 quasi
1131 2273 1162 2332 in
1184 2271 1265 2343 loco,

251 2361 369 2457 prima
392 2375 488 2456 equod
512 2375 554 2436 ad
577 2376 724 2438 Troiam
746 2393 812 2455 pro
835 2377 938 2436 caris
959 2380 1130 2454 gesserat
1150 2375 1275 2452 Argis:

53 2483 129 2540 coin
159 2479 302 2540 Cicerone
330 2477 472 2538 ‘decern
505 2479 621 2538 fiscos
658 2476 699 2538 ad
733 2486 948 2538 senatorem
983 2476 1087 2538 illum
1116 2474 1305 2545 relictos',
1335 2475 1393 2535 ‘ad

93 2579 402 2644 lilarcumLecam
427 2589 461 2640 te
484 2579 656 2641 babitare
678 2578 837 2639 dixisti’.
870 2595 941 2656 ergo
964 2578 1034 2640 licet
1055 2577 1141 2638 nobis
1163 2577 1199 2638 ad
1223 2585 1253 2636 et
1274 2579 1306 2636 in
1327 2576 1394 2638 loeo

93 2701 212 2762 ponere
236 2681 323 2743 etad
345 2681 445 2744 locum
468 2699 591 2760 ponere.
629 2683 703 2742 istae
727 2688 796 2742 sunt
823 2698 898 2758 quae
926 2681 957 2740 in
984 2677 1199 2741 dubitationem
1222 2678 1394 2746 veniebant;

94 2785 159 2846 dixi
182 2802 271 2864 quarn
294 2783 490 2845 differentiam
514 2782 625 2844 babent
648 2781 749 2862 [tenus
764 2801 834 2842 vero
850 2784 880 2842 in
896 2783 1101 2862 quaestionem
1122 2783 1216 2849 venit:
1240 2782 1394 2860 quaeritur

95 2897 186 2948 tenus
208 2905 296 2966 quarn
319 2894 434 2966 partem
458 2887 600 2946 orationis
623 2883 735 2966 iaciat}

52 3005 80 3044 ss
185 2989 239 3050 Est
260 2987 326 3048 talis
348 2987 464 3066 regola,
488 2988 671 3066 praepositio
693 2987 910 3067 praepositioni
932 3004 992 3047 non
1015 2988 1158 3064 iungitur.
1204 2985 1261 3047 boc
1283 2986 1394 3057 dieunt,
1407 3005 1465 3062 tto,
1481 3003 1512 3052 te

1407 3074 1466 3125 442.
1483 3074 1513 3120 15

93 3098 170 3170 puta
194 3089 271 3170 apud
293 3108 387 3169 penes
409 3107 469 3150 non
491 3098 577 3168 potes
599 3089 704 3150 lacere·
721 3108 810 3150 unam
834 3097 949 3168 partem
972 3089 1123 3149 orationis.
1153 3090 1225 3149 item
1248 3091 1297 3165 qui
1319 3086 1397 3148 male
1409 3141 1466 3200 517,
1480 3141 1513 3188 Ἠ

93 3194 263 3272 loquuntur
290 3191 379 3252 modo
407 3193 447 3252 ita
474 3191 592 3260 dicunt,
621 3191 744 3270 ‘depost
765 3189 847 3252 illum
870 3189 1031 3251 ambulat’.
1076 3190 1113 3252 de
1134 3191 1318 3270 praepositio
1340 3197 1395 3259 est,

93 3303 166 3375 post
188 3295 368 3374 praepositio
397 3301 454 3362 est;
485 3312 554 3354 eece
583 3293 657 3354 duae
679 3290 924 3376 praeponitiones
946 3311 1007 3352 non
1029 3291 1204 3362 cohaerent,
1228 3310 1288 3352 non
1311 3291 1395 3360 licet;

93 3414 260 3475 numquam
283 3395 360 3457 duae
381 3397 619 3476 praepositiones
642 3394 803 3456 cohaerent
825 3403 875 3456 ant
896 3401 1021 3474 possunt
1041 3395 1134 3472 iungi.
1170 3411 1241 3472 ergo
1263 3395 1289 3454 si
1309 3411 1396 3473 prae-

53 3499 210 3578 copositio
233 3499 447 3577 praepositioni
468 3515 529 3556 non
552 3499 697 3574 iungitur,
721 3497 757 3558 de
773 3497 828 3558 bac
845 3495 1012 3556 elocutione
1027 3495 1096 3575 quid
1120 3494 1265 3556 babemus
1286 3494 1396 3564 dicere,
1439 3551 1445 3560 ,

95 3599 161 3660 ‘ad
185 3617 302 3677 usque
325 3597 552 3660 columnas'l
581 3599 616 3657 ad
645 3600 827 3678 praepositio
856 3605 902 3659 est
923 3596 1170 3667 indubitabiliter,
1195 3615 1289 3676 usque
1310 3615 1396 3676 prae-

93 3703 210 3782 positio
233 3707 293 3772 est;
318 3719 387 3762 ecce
410 3699 503 3761 babes
525 3700 599 3760 duas
620 3700 857 3778 praepositiones
885 3698 973 3760 simul
995 3699 1200 3760 cohaerentes.
1245 3698 1324 3758 unde
1346 3717 1397 3777 ap-

93 3812 186 3884 paret
208 3804 348 3881 quoniam
371 3820 430 3864 non
454 3810 499 3863 ost
521 3802 701 3882 praepositio
722 3802 779 3861 ista
802 3819 906 3881 osque.
936 3801 1006 3880 quid
1030 3818 1102 3879 ergo
1120 3803 1162 3861 vis
1182 3797 1269 3863 esse?
1290 3803 1314 3861 si
1337 3819 1396 3860 non

95 3913 148 3966 est
172 3905 371 3984 praepositio,
401 3923 522 3966 necesse
554 3913 599 3964 est
627 3911 659 3964 ut
685 3901 758 3963 nibil
786 3902 864 3964 aliud
891 3905 930 3964 sit
962 3904 1020 3963 nisi
1047 3901 1228 3964 adverbium.
1272 3902 1398 3980 legimus
1467 3909 1470 3915 '

97 4043 323 4050 -.----..-..-—-—
335 4043 407 4050 —..—

172 4141 262 4208 ilvae]
284 4142 446 4193 lrnecABG
498 4143 527 4195 ll
548 4143 743 4207 consturgimC
798 4142 830 4192 12
849 4142 1050 4207 consturgimC
1104 4141 1136 4192 13
1151 4143 1183 4191 ad
1200 4139 1287 4206 quam]
1305 4157 1396 4205 nquam

96 4214 164 4266 AC.
191 4223 299 4266 ceterum
318 4214 394 4274 doec,
418 4215 450 4264 ad
478 4228 552 4276 qnam
577 4212 748 4277 Conisturgim
775 4213 861 4261 venit?
886 4212 928 4260 ubi
951 4214 1051 4261 luerent
1075 4212 1205 4278 legiones,
1228 4229 1279 4275 quo
1295 4212 1364 4261 venit
1382 4229 1398 4260 n

92 4287 261 4351 grammatico
285 4285 449 4346 explicationi
466 4284 563 4347 Asperi
584 4284 733 4346 interpositu
755 4290 819 4334 crint.
847 4282 895 4330 sed
911 4297 942 4330 ne
961 4284 1060 4345 reliqna
1079 4282 1176 4345 quidem
1193 4283 1301 4345 integra,
1318 4284 1356 4330 eie
1371 4288 1399 4330 ut

95 4356 133 4406 ab
154 4355 195 4406 illo
209 4357 310 4418 scripta
326 4363 408 4414 erant,
429 4355 512 4403 reluta
531 4367 586 4402 ecce
604 4353 719 4402 videntur
807 4367 857 4414 aquo
879 4352 949 4400 uenit
971 4359 1106 4401 corruertas
1126 4350 1183 4400 AB
1209 4367 1259 4414 quo
1278 4352 1352 4400 uenit
1374 4352 1396 4398 si

95 4434 235 4475 conuertas
254 4424 295 4474 Ob
384 4424 416 4473 14
435 4423 592 4488 consturgim
609 4423 663 4472 BC
750 4423 781 4472 15
799 4420 1039 4486 apndconsturgim
1054 4421 1108 4472 BC
1188 4436 1238 4483 quo
1256 4422 1304 4471 iste
1322 4421 1398 4470 BGn

96 4494 174 4558 qnod
191 4494 237 4544 iste
256 4495 281 4543 A
367 4492 399 4544 16
415 4508 531 4544 snmorn,
552 4490 635 4541 Ano
712 4491 756 4556 nd]
778 4493 812 4556 es,
835 4491 1063 4556 Cledon.p.1934
1148 4490 1182 4541 19
1197 4488 1290 4557 prima]
1317 4490 1395 4553 Verg.

96 4565 250 4616 Aeralbl
358 4564 391 4614 20
411 4563 492 4611 decim
512 4561 575 4611 BC:
602 4563 652 4614 Cic.
673 4563 698 4610 in
721 4563 798 4614 Verr.
822 4561 1012 4624 act.18,·22
1100 4559 1133 4608 ad
1155 4558 1278 4627 Marcum]
1301 4560 1353 4611 Cic.
1373 4562 1398 4608 in

97 4634 181 4687 Catil.
201 4634 253 4692 18,
275 4630 308 4683 lo
378 4635 412 4683 22
428 4648 523 4699 ponere
538 4633 629 4694 priore
644 4633 698 4681 loeo
714 4647 758 4681 om.
779 4633 803 4681 lt
873 4646 939 4693 qnae
957 4640 980 4680 et
998 4631 1024 4679 in
1042 4631 1224 4679 dubitationem
1243 4632 1296 4681 Ac
1365 4631 1399 4677 tu

97 4719 155 4754 non
177 4712 258 4766 potest
276 4703 300 4751 Α
371 4705 431 4752 item
457 4703 499 4766 qui
518 4702 583 4750 nrale
599 4701 784 4752 Lindemannuc
803 4703 861 4750 item
880 4717 930 4763 qno
955 4701 1030 4750 niodo
1050 4701 1116 4749 male
1134 4700 1221 4749 ABG
1289 4700 1324 4751 30
1348 4714 1398 4748 uon

96 4773 265 4837 coniungitur
284 4773 305 4821 C
322 4773 485 4838 coniungitur
504 4787 572 4823 corr.
591 4786 639 4820 non
658 4772 820 4836 coniungitur
839 4771 863 4818 A
951 4771 984 4822 31
1004 4772 1035 4820 ad
1056 4769 1148 4838 usque]
1176 4773 1255 4836 Verg.
1275 4773 1341 4822 Aea.
1362 4769 1399 4818 Xl

96 4843 157 4896 262
225 4842 258 4893 33
274 4857 330 4892 esse
350 4857 395 4895 om.
413 4841 496 4894 ABG
563 4842 585 4890 si
603 4857 653 4892 non
672 4849 756 4908 potest
771 4849 844 4906 (esse
858 4841 919 4894 odd.
935 4839 966 4905 a)
983 4841 1137 4908 praepositio
1155 4841 1180 4889 A

158 4931 332 4976 omuvrnrrm
346 4933 437 4975 mmm
451 4933 478 4976 v.
1157 4924 1197 4988 18
