3350 5442
569 364 806 429 conmuniter
1276 360 1335 426 127

1164 484 1187 525 p.
1200 472 1276 513 tt-tt
1289 470 1311 511 L.

63 576 111 637 que
129 556 216 617 morlo
236 556 408 617 invenimus
428 556 525 634 ipsum
547 555 723 615 accentum?
760 559 790 614 el
806 553 874 615 'hoe
895 552 1035 614 traditum
1059 560 1112 613 est.
1158 558 1228 611 sunt
1247 550 1336 631 pleri·

62 678 109 738 que
128 660 175 739 qui
196 657 373 726 naturaliter
395 675 456 717 nen
478 654 590 716 babent
617 664 718 734 acutas
745 674 833 718 aures
861 654 897 717 ad
920 653 1078 732 capiendos
1106 654 1160 713 hos
1188 661 1335 722 accentus,

61 771 86 821 et
103 761 249 822 inducitur
271 760 328 819 bae
348 768 422 821 arte.
449 759 529 836 tinge
549 757 605 818 tibi
625 759 711 837 quasi
732 776 837 819 vocem
859 755 1013 817 clamantis
1035 754 1071 815 ad
1094 756 1182 833 longe
1204 754 1334 833 aliquem
1372 764 1373 767 ’

59 865 186 942 pesitum.
230 871 265 923 ut
292 868 362 941 puta
387 862 466 940 tinge
486 859 543 921 tibi
564 860 693 937 aliquem
719 859 771 921 illo
798 859 864 920 loeo
892 866 995 919 eontra
1022 866 1101 919 stare
1129 865 1158 917 et
1185 855 1277 917 clama
1301 856 1336 916 ad

39 967 151 1044 aipsum.
202 983 272 1025 eum
302 960 436 1043 coeperis
464 960 607 1035 clamare,
634 960 778 1023 naturalis
805 963 881 1024 ratio
909 961 1000 1037 exigit
1026 966 1060 1020 ut
1086 976 1175 1019 unam
1197 957 1337 1039 syllabam

58 1067 114 1145 plus
134 1066 214 1127 dicas
236 1087 253 1128 a
274 1065 399 1145 reliquis
420 1064 500 1125 illius
521 1061 619 1131 rerbi;
648 1070 678 1122 et
706 1082 794 1142 quam
824 1056 943 1123 videris
960 1060 1028 1140 plus
1055 1078 1161 1121 sonare
1182 1080 1199 1121 a
1220 1062 1337 1131 ceteris,

58 1171 111 1247 ipsa
132 1166 223 1227 babet
246 1176 410 1229 aeeeutum.
455 1171 578 1244 utputa
599 1164 625 1224 si
648 1162 728 1225 dieas
749 1171 863 1240 oratur,
888 1180 964 1244 quae
986 1162 1053 1243 plus
1075 1164 1177 1224 sonat?
1205 1180 1251 1231 ra,
1274 1164 1337 1241 ipsa

58 1269 322 1335 babetaceeutum.
367 1269 510 1348 optimus,
540 1282 615 1343 quae
641 1265 709 1345 plus
732 1267 835 1327 senati
871 1266 922 1327 illa
949 1284 1026 1351 quae
1047 1266 1130 1343 prior
1153 1271 1207 1325 est.
1251 1282 1338 1324 nurn-

58 1371 118 1450 quil
138 1373 181 1433 sie
204 1380 291 1435 sonat
311 1372 336 1431 ti
358 1378 389 1430 et
409 1387 492 1439 mus,
522 1386 612 1447 quem
634 1367 671 1428 ad
693 1366 815 1429 mudum
838 1369 895 1448 opi
924 1384 995 1445 ergo
1023 1384 1147 1427 neeesse
1169 1372 1213 1426 est
1235 1342 1339 1427 ut'illa

31 1471 156 1553 asyllaba
177 1472 290 1535 babeat
311 1479 480 1541 amentum,
509 1488 586 1551 quae
614 1469 683 1549 plus
709 1481 795 1531 sonat
822 1488 840 1529 a
866 1469 1005 1549 reliquis,
1034 1469 1150 1548 quando
1178 1466 1338 1529 clamorem

59 1577 192 1653 tingimus.
724 1568 728 1574 ’

129 1678 196 1738 llixi
218 1678 293 1738 duus
316 1693 382 1737 esse
409 1674 553 1736 accentus
571 1674 650 1754 apud
672 1674 808 1744 Latinos,
837 1682 954 1735 acutum
984 1681 1014 1734 et
1041 1671 1271 1734 circumflexum.
1309 1680 1339 1731 et

58 1797 165 1841 neeesse
187 1788 235 1841 est
255 1786 291 1840 ut
310 1779 343 1839 iu
363 1794 422 1839 uuo
445 1795 564 1857 quoque
585 1775 677 1837 verbo
699 1783 750 1839 aut
771 1783 876 1837 acutus
898 1778 937 1836 sit
957 1784 1008 1837 aut
1028 1773 1245 1837 circumflexus.
1270 1790 1350 1851 gra-l

58 1883 93 1941 us
111 1899 179 1941 vero
203 1882 251 1942 rel
273 1899 343 1941 eum
365 1886 450 1940 acuto
472 1877 519 1938 vel
542 1896 608 1939 cum
631 1877 824 1939 eircumllexu
846 1880 982 1957 ponitur:
1010 1880 1041 1938 in
1064 1876 1186 1957 reliquis
1208 1873 1336 1956 syllabis,

31 1984 101 2043 subi
119 2001 178 2043 uon
194 1983 289 2044 luerit
309 1981 360 2043 ille
382 1982 428 2042 vel
449 1980 508 2051 ille,
531 1980 575 2042 ibi
595 1982 693 2059 gravis
714 1982 779 2041 erit.
811 1982 869 2043 iam
892 1978 981 2040 modo
996 1978 1156 2049 videamus,
1176 1996 1234 2057 quo
1249 1976 1409 2055 medusae,
1422 1995 1455 2043 20

59 2093 248 2164 conputantur
269 2091 419 2145 aeeeuurs.
452 2100 467 2143 a
489 2083 563 2150 line,
588 2101 649 2144 nan
672 2081 709 2143 ab
730 2083 825 2143 initio.
855 2088 889 2143 ut
911 2089 981 2161 puta
1003 2081 1235 2150 indoctissimus,
1251 2081 1337 2159 quiu-

58 2205 105 2263 que
124 2195 210 2248 sunt:
233 2204 295 2247 nau
322 2186 430 2264 incipis
457 2192 636 2264 conputare,
665 2192 766 2246 utrum
792 2185 875 2263 prior
902 2182 1012 2263 syllaba
1039 2182 1146 2244 habeat
1172 2187 1337 2250 accentum,

58 2288 212 2359 itesam,
234 2289 306 2349 inde
328 2287 432 2349 sidae
454 2286 561 2347 babeat
582 2295 754 2356 accentum,
777 2286 847 2347 inde
869 2287 916 2355 tis,
939 2284 1009 2346 inde
1031 2286 1065 2354 si,
1088 2283 1250 2345 indamus.
1279 2300 1339 2343 non

57 2399 130 2468 petas
150 2392 192 2451 ita
215 2390 254 2451 ab
275 2392 361 2451 initio
384 2397 562 2469 conputare,
586 2388 639 2450 sed
660 2407 677 2449 a
699 2390 758 2450 line
781 2405 907 2468 quaere,
931 2388 957 2447 si
978 2384 1075 2447 finalis
1088 2384 1204 2446 habeat.
1228 2386 1253 2446 si
1267 2386 1339 2445 lina·

28 2490 88 2553 slis
107 2512 166 2553 nen
187 2492 343 2562 babuerit,
366 2489 547 2572 paenultima
569 2490 674 2559 babet;
702 2492 728 2551 si
757 2488 936 2570 paenultima
957 2508 1018 2550 non
1040 2487 1191 2559 babuerit,
1214 2488 1299 2547 tertia
1322 2505 1339 2547 a

58 2595 106 2653 line
125 2593 226 2655 babet
271 2601 303 2655 et
323 2594 381 2655 bec
402 2593 470 2674 plus
491 2611 552 2653 nou
575 2592 709 2654 aseendit
729 2600 886 2664 accentus,
914 2591 967 2653 sed
995 2592 1097 2651 autin
1119 2590 1198 2651 finali
1221 2598 1267 2651 est
1288 2596 1339 2649 aut

58 2698 83 2756 in
102 2696 284 2775 paenultima
301 2698 397 2758 autin
411 2697 499 2757 tertia
514 2713 531 2755 a
546 2696 615 2755 line.
639 2697 670 2755 in
685 2696 750 2755 istis
763 2694 860 2756 tribus
875 2714 891 2755 a
906 2695 965 2753 fine
981 2698 1180 2772 conputantur
1191 2699 1340 2752 accentus.

59 2798 89 2857 ad
101 2806 235 2877 quartam
257 2796 400 2879 syllabam
415 2796 462 2890 yel
477 2796 513 2858 ad
529 2799 662 2877 quintam
677 2815 737 2858 nou
755 2795 888 2857 aseendit
902 2801 1042 2856 accentus
1058 2812 1114 2855 nee
1129 2792 1206 2873 apud
1221 2792 1340 2853 Latinos

58 2920 104 2961 uer
116 2901 194 2979 apud
206 2901 347 2971 Graecos,
363 2899 416 2961 sed
427 2907 540 2961 tantum
551 2898 640 2960 modo
655 2906 718 2959 tres
733 2904 803 2959 suut
818 2897 948 2977 syllabae
963 2914 1038 2976 quae
1052 2895 1163 2957 babent
1174 2902 1339 2955 accentum.

31 2999 63 3064 sl
81 3001 143 3062 ideo
164 3009 292 3082 propter
313 3000 392 3063 bane
406 3020 525 3062 eausam
543 3000 607 3062 ride
624 3018 711 3079 quam
726 2999 834 3061 bonam
851 2999 1024 3061 brevitatem
1044 3000 1221 3059 invenerunt
1234 2996 1339 3059 Latini

59 3110 108 3163 uas
128 3104 300 3165 diximusa
326 3103 387 3164 tine
418 3102 530 3164 habere
557 3110 711 3164 accentus:
742 3099 814 3181 ergo
836 3108 898 3162 tres
920 3100 1041 3181 regulae
1064 3108 1167 3170 erunt;
1197 3118 1255 3161 una
1284 3101 1341 3160 erit

59 3205 148 3283 regula
171 3206 212 3267 de
232 3206 354 3275 ultima,
378 3223 436 3265 uua
457 3204 494 3266 de
517 3206 705 3285 paenultima,
729 3222 786 3265 una
810 3203 847 3265 de
870 3206 957 3266 tertia
979 3204 1077 3265 atine.
1102 3202 1155 3265 sed
1170 3202 1240 3282 quitl
1255 3203 1280 3262 si
1303 3200 1340 3261 de

59 3316 189 3384 quattuor
204 3306 326 3387 syllabis
343 3306 491 3368 constabit
504 3325 623 3378 nomeu,
640 3307 710 3385 quid
725 3308 752 3368 si
766 3306 804 3366 de
818 3307 957 3386 quinque,
974 3305 1046 3383 quid
1060 3308 1086 3367 si
1099 3305 1136 3367 de
1153 3322 1215 3376 sex,
1229 3302 1299 3384 quid
1315 3304 1340 3363 si

61 3408 91 3468 de
105 3416 229 3489 septem,
245 3409 319 3490 quid
333 3411 359 3470 si
374 3408 412 3470 de
427 3411 513 3470 ueto?
529 3411 587 3481 iam
603 3409 706 3470 eadem
722 3411 796 3470 ratio
812 3416 865 3469 est.
897 3425 953 3487 qua
967 3408 1100 3468 rational
1116 3426 1184 3469 nam
1201 3406 1339 3484 quoniam

36 3520 192 3573 succentus
213 3530 275 3573 nou
297 3511 430 3573 aseendit
452 3510 529 3573 ultra
549 3519 612 3573 tres
632 3511 772 3592 syllabas,
802 3509 872 3588 quid
900 3528 973 3590 opus
996 3515 1041 3569 est
1062 3516 1096 3569 ut
1116 3526 1240 3587 quaeras
1261 3507 1341 3568 aliud
1433 3519 1436 3528 ·

62 3615 165 3674 inistis
186 3612 309 3693 syllabis
331 3613 482 3693 pluribus,
506 3615 609 3675 autin
632 3622 736 3694 quarta
758 3614 861 3676 autin
885 3612 1001 3690 quinta,
1025 3629 1092 3672 cum
1116 3610 1152 3671 ael
1173 3610 1239 3671 illas
1253 3627 1340 3689 supe·

27 3795 28 3804 ἵ
63 3717 143 3777 riores
165 3712 390 3777 aeeenms'non
412 3714 571 3778 ascendat?
593 3733 666 3794 ergo
689 3714 791 3775 eadem
815 3716 874 3776 erit
894 3715 970 3775 ratio
985 3715 1015 3773 in
1030 3712 1088 3774 illis
1102 3712 1247 3794 pluribus,
1264 3729 1340 3791 quae

27 3821 28 3886 1
64 3817 197 3880 labibus
219 3808 367 3897 syllabis,'
378 3820 440 3899 ipsa
461 3820 493 3878 in
515 3835 568 3878 sex
589 3816 723 3897 syllabis,
752 3819 817 3897 ipsa
840 3818 927 3879 etiam
950 3817 981 3875 in
1004 3822 1079 3877 octo.
1112 3816 1247 3894 ergesic
1269 3832 1339 3874 eou-

64 3930 190 3995 putautur
212 3927 353 4012 acceptus
374 3938 391 3979 a
412 3920 485 3989 line;
508 3921 573 3999 ipse
595 3927 692 3981 autem
714 3928 855 3981 accentus
876 3926 937 4000 tres
959 3917 1049 3980 babet
1070 3917 1166 3991 locos3
1194 3914 1339 3985 ultimum,

27 4021 282 4098 'zpaenultimum
306 4021 597 4101 antepaeuultimum.
643 4022 697 4084 sed
719 4022 799 4102 apud
821 4020 950 4082 Graecos
972 4019 1081 4101 ubique
1102 4022 1250 4081 inuenitur
1271 4036 1339 4079 aeu-

67 4130 102 4183 tus
119 4132 277 4194 accentus,
301 4130 333 4183 et
352 4124 384 4183 iu
404 4121 508 4185 ultima
531 4132 561 4185 et
580 4126 613 4184 iu
634 4123 817 4205 paenultima
831 4125 906 4185 etin
922 4123 1180 4203 antepaenultima.
1211 4124 1338 4182 circum·

67 4222 142 4286 ierus
162 4226 243 4307 apud
265 4226 396 4288 Graecos
419 4225 494 4287 duos
516 4225 606 4288 babet
634 4226 728 4303 lotos,
758 4225 894 4288 ultimum
923 4232 953 4287 et
973 4224 1187 4305 paenultimum
1209 4229 1338 4293 tantum;

69 4327 230 4391 bertium
252 4328 353 4390 locum
375 4346 536 4408 numquam
566 4328 707 4391 aseendit„
738 4336 800 4390 tres
826 4334 896 4390 sunt
918 4344 988 4405 erge
1015 4326 1074 4389 leci
1102 4328 1180 4387 acuti
1202 4334 1364 4387 accentus·

69 4429 126 4505 ami
147 4432 295 4501 Graecos,
319 4430 455 4502 ultimus,
477 4430 689 4511 paenultimus,
714 4432 990 4512 autepaenultimus,
1015 4438 1044 4491 et
1066 4430 1124 4491 due
1139 4428 1197 4490 laci
1212 4430 1339 4489 eircum-

120 4668 579 4737 3adlengea*alongeABO
663 4668 1050 4734 batquamBunamAc
1134 4668 1338 4735 lraCaaB,

72 4739 141 4789 ιΑ
211 4740 295 4790 Silla
316 4755 382 4803 quae
404 4743 474 4805 prior
491 4742 564 4792 BOa
589 4741 634 4790 illa
650 4742 720 4807 prior
739 4742 763 4790 Α
833 4741 866 4792 18
885 4754 935 4789 uon
953 4748 1036 4806 puteat
1054 4738 1136 4801 ABG
1204 4737 1339 4790 20aflue

72 4802 143 4856 lateat
156 4810 241 4860 ABG
308 4812 342 4860 Ὦ
359 4811 536 4876 paeneuitimis
552 4810 633 4861 ABG
702 4820 869 4877 conputantur
882 4811 923 4860 Oa
939 4818 1090 4877 conputatur
1107 4810 1162 4861 AB
1205 4810 1264 4861 »25
1282 4810 1340 4859 ideo

72 4888 153 4941 prepter
175 4881 245 4929 bane
261 4895 364 4930 pausem
381 4881 453 4930 Boe
475 4882 533 4929 ideo
557 4895 622 4929 nuuc
640 4896 742 4931 calisam
762 4882 787 4929 A
858 4879 891 4931 '28
909 4883 1063 4931 eurietauerit
1081 4880 1138 4929 AB
1157 4881 1297 4930 constiterit
1315 4881 1340 4929 B
