3350 5442
549 361 619 422 dRS
648 360 675 421 ll
698 363 831 421 15-18
1270 353 1334 418 485

85 485 105 526 p.
120 473 179 513 etos.
191 473 217 512 aa
230 471 253 512 r.
1149 477 1171 518 p.
1187 464 1231 505 ros.
1244 465 1270 504 oo
1283 461 1306 501 n.

200 569 266 612 nec
288 551 397 630 pueri
420 548 593 618 credunt,
617 549 691 608 nisi
714 551 776 626 qui
798 545 958 608 noudum
980 563 1067 605 aero
1090 544 1279 613 lavantur,

39 655 134 712 cuius
156 653 296 730 supinum
317 651 457 712 Horatius
479 652 511 710 in
533 648 611 710 libro
634 648 647 708 l
669 666 839 711 sermonum
862 646 1004 726 protulit,

199 759 255 814 ast
278 751 341 812 ubi
364 769 416 811 me
439 752 576 816 lessum
599 748 654 810 sol
677 753 802 811 acrior
824 751 883 810 ire
905 747 1062 809 lavatum

200 853 400 915 admonuit.

8 956 52 1018 al
79 975 151 1017 vero
173 963 240 1016 ante
263 973 300 1013 vo
321 954 513 1014 antecedente
536 955 642 1013 tertiae
665 953 885 1030 coniugationis
905 952 1056 1030 primitiva
1077 952 1278 1020 inveniuntur,
1301 958 1334 1010 ut

39 1058 128 1118 solvo
151 1059 254 1127 solvis,
279 1054 360 1116 volvo
381 1055 489 1125 volvis,
513 1055 595 1115 calvo
617 1054 725 1124 calvis,
753 1055 784 1115 id
807 1061 851 1114 est
873 1053 1006 1132 decipio,
1029 1059 1063 1112 ut
1083 1059 1129 1112 est
1150 1051 1227 1132 apud
1250 1050 1333 1112 Salu-

41 1162 140 1220 stium
162 1162 193 1220 in
215 1159 407 1219 historiarum
429 1157 506 1219 libro
521 1155 562 1216 lll
585 1160 735 1217 ‘contra
757 1155 822 1217 ille
845 1155 940 1215 calvi
963 1161 1069 1214 ratus
1091 1155 1254 1232 quaerit,
1272 1171 1333 1214 ex·

40 1264 150 1322 tisne
184 1279 227 1321 an
261 1260 405 1320 somnio
442 1258 735 1338 portenderetur
766 1257 997 1320 thesaurus'.
1047 1258 1079 1316 in
1109 1274 1162 1316 vor
1194 1255 1334 1316 desinens

40 1363 201 1442 deponens
229 1379 321 1423 unum
349 1369 409 1431 est,
439 1362 593 1429 convivor,
621 1359 699 1437 quod
726 1361 840 1440 primae
863 1366 921 1428 est,
945 1358 1078 1436 generali
1100 1357 1221 1435 regulae
1243 1355 1333 1436 depo·

8 1467 186 1528 ouantium
214 1465 362 1532 serviens,
391 1480 460 1522 cum
487 1480 547 1522 non
575 1461 734 1540 respondet
760 1480 814 1522 suo
842 1462 1007 1541 primitivo,
1035 1459 1066 1520 id
1095 1467 1141 1520 est
1161 1461 1226 1520 vivo
1251 1459 1333 1528 vivis,

41 1566 93 1625 rel
117 1565 245 1645 quiade
268 1565 386 1623 nomine
408 1564 486 1643 quod
509 1572 554 1623 est
575 1565 696 1624 conviva
719 1563 880 1625 derivatur.

136 1665 169 1728 ln
197 1685 234 1727 xo
264 1666 429 1725 desinentia
456 1683 549 1744 pauca
572 1672 654 1734 sunt,
682 1668 797 1745 primae
819 1664 939 1744 quidem
962 1664 1190 1741 coniugationiS,
1214 1669 1248 1722 ut
1269 1661 1335 1747 laxo

43 1769 149 1838 laxas,
171 1768 240 1828 luxa
262 1785 334 1828 vexo
356 1775 434 1827 taxo.
468 1766 521 1827 sed
543 1769 649 1827 tertiae
672 1785 730 1827 non
753 1768 944 1827 inveniuntur
966 1767 1024 1826 nisi
1046 1783 1122 1844 pexo
1143 1766 1243 1844 pexis,
1265 1772 1335 1825 texo

42 1874 143 1940 testie,
167 1888 243 1930 nexo
258 1871 357 1930 nexis:
376 1869 443 1929 laxo
459 1871 538 1928 enim
553 1869 629 1929 laxis
644 1869 822 1929 defectivum
837 1875 892 1928 est.
917 1866 930 1951 ll
954 1876 1030 1927 nexo
1047 1873 1143 1927 autem
1159 1874 1218 1928 tam
1233 1884 1333 1936 nexas,

3 1997 29 2036 rs
45 1980 83 2032 ut
105 1971 237 2032 ostendit
252 1970 392 2048 Virgilius
407 1972 598 2050 participium
613 1970 716 2032 dicens
739 1971 953 2031 ‘nexantem
975 1969 1109 2038 nodis’,
1130 1987 1219 2048 quam
1239 1970 1333 2038 nexis

41 2081 81 2134 ut
103 2074 211 2134 hocius
234 2074 264 2131 in
287 2071 440 2151 Deiphobo

201 2193 265 2234 uos
287 2175 466 2233 continuo
488 2174 630 2234 serrum
653 2175 837 2252 eripimus
861 2170 1059 2254 [omnibus]
1085 2171 1256 2233 manibus

764 2277 927 2336 manicas
951 2276 1132 2346 neximus;

43 2379 119 2439 licet
147 2379 216 2438 nexi
239 2376 350 2438 lectum
378 2385 440 2442 est,
468 2377 547 2457 quod
575 2379 665 2438 etiarn
693 2396 709 2438 a
738 2384 824 2438 necto
851 2378 964 2446 nectis
993 2379 1070 2438 sicut
1093 2396 1110 2437 a
1131 2381 1217 2455 pecto
1238 2376 1335 2454 pectis

4 2507 29 2546 ιο
44 2483 119 2560 pexi
141 2485 336 2559 potestesse.
380 2481 411 2539 in
440 2499 493 2540 xor
524 2480 663 2540 similiter
691 2479 857 2540 desinentia
879 2482 993 2558 primae
1016 2485 1084 2538 sunt
1106 2479 1333 2554 coniugationis,

41 2591 78 2643 ut
102 2583 186 2642 rixor
208 2580 368 2660 amplexor.
393 2583 396 2664 1

133 2682 166 2744 ln
189 2702 223 2743 or
245 2686 359 2763 passiva
381 2701 566 2763 quacumque
588 2683 786 2762 praecedente
808 2683 901 2744 vocali
925 2683 970 2742 vel
991 2687 1171 2743 consonante
1194 2682 1333 2759 coniuga-

42 2790 159 2846 tionem
182 2803 302 2846 suorum
326 2792 492 2864 sequuntur
514 2787 693 2856 activorum,
717 2803 772 2845 ceu
794 2792 863 2846 ante
885 2784 1025 2845 diximus.

133 2888 300 2968 Composita
328 2905 445 2968 quoque
472 2891 504 2948 in
537 2887 673 2948 omnibus
707 2886 968 2948 terminationibus
1000 2886 1180 2965 simplicium
1213 2904 1332 2946 suorum
1419 2876 1425 2884 ’

4 3015 29 3056 25
44 2992 290 3068 coniugationes,
315 2990 417 3050 eadem
434 2990 547 3050 scilicet
567 2995 701 3051 manente
717 2989 875 3059 finalitate,
898 2995 1076 3069 sequuntur,
1099 2991 1124 3048 si
1147 2995 1245 3049 tamen
1266 3006 1334 3048 cum

42 3092 149 3153 vorbis
172 3093 218 3152 vel
240 3109 307 3152 cum
328 3090 613 3171 praepositionibus,
638 3109 705 3152 cum
727 3091 835 3171 quibus
857 3093 1044 3172 frequentius
1065 3090 1161 3152 solent
1182 3091 1333 3168 coniungi,

42 3201 276 3274 componantur:
300 3211 367 3254 cum
389 3192 502 3263 verbis,
528 3202 559 3253 ut
573 3195 720 3272 tepelacio
735 3192 878 3254 calefacio
892 3194 1057 3256 madelaeio
1078 3193 1225 3274 patefacio
1239 3191 1333 3271 lique·

42 3299 141 3366 lacio;
165 3314 232 3356 oum
254 3294 540 3374 praepositionibus,
564 3303 596 3356 ut
618 3297 704 3374 capio
725 3298 879 3375 praecipio
894 3294 1026 3374 decipio,
1050 3297 1127 3356 lacio
1148 3296 1249 3355 inficio
1270 3294 1333 3354 alli-

42 3401 92 3458 cio
117 3397 237 3467 dellcio,
261 3398 326 3457 lero
346 3398 485 3475 praelero
506 3397 626 3475 periero
648 3397 746 3457 iniero
767 3398 859 3494 allero
881 3397 990 3458 suliero
1012 3397 1132 3466 deiero,
1154 3395 1243 3457 turbo
1264 3413 1333 3474 pro-

4 3498 155 3568 aoturbo,
184 3497 283 3559 scribo
312 3497 450 3558 describo
478 3499 652 3569 conscribo,
680 3516 754 3559 neco
782 3518 889 3569 cneco,
925 3501 1009 3559 vineo
1036 3501 1194 3567 convinco,
1228 3496 1334 3558 fraudo

42 3600 210 3670 defraudo,
233 3600 323 3661 londo
351 3599 492 3670 inlundo,
522 3601 595 3661 cedo
623 3601 743 3662 discedo
765 3600 910 3670 concedo,
933 3600 993 3679 ligo
1015 3600 1123 3678 inligo,
1146 3617 1201 3677 ago
1223 3616 1333 3678 perago

40 3705 217 3779 circumago
246 3701 351 3780 subigo
379 3703 466 3780 exigo
493 3721 581 3781 cogo,
610 3703 695 3762 traho
717 3702 874 3772 subtraho,
898 3694 964 3762 halo
986 3700 1105 3771 exhalo,
1128 3701 1197 3762 lallo
1219 3699 1331 3770 relello,

41 3806 145 3866 clamo
169 3803 314 3874 reclamo,
339 3823 404 3864 emo
427 3823 543 3876 coemo,
566 3824 605 3865 no
627 3805 717 3874 adno,
747 3823 824 3884 pono
846 3822 960 3884 expono
982 3822 1095 3883 repono
1116 3802 1231 3882 depono
1252 3804 1336 3881 inpo-

115 4009 298 4060 llraeceorr.
318 4009 403 4059 neoB
472 4010 531 4059 2in
550 4009 613 4059 libro
634 4006 747 4074 iserm]
769 4009 794 4069 6,
813 4009 863 4060 125
932 4009 1052 4059 bivero
1070 4018 1128 4058 ante
1147 4004 1189 4071 vo]
1208 4007 1292 4056 Prisc.
1313 4008 1331 4060 l.

42 4078 110 4141 Xp.
132 4081 193 4141 ooo,
213 4081 228 4129 7
299 4082 314 4131 7
333 4079 398 4129 calui
418 4081 499 4144 (corr.
519 4082 553 4132 al.
572 4095 603 4133 nr.
623 4080 710 4140 calluit)
730 4088 824 4142 ratusq.
845 4080 948 4128 retextts
966 4095 999 4128 ne
1016 4080 1114 4129 somnio
1131 4079 1271 4143 (euperem.
1289 4075 1332 4138 os)

42 4151 191 4198 tenderetur
209 4149 336 4200 thesauris
355 4151 436 4213 (com.
455 4149 523 4213 uus)
542 4149 567 4198 B
584 4150 721 4198 calistratus
739 4153 754 4199 e
773 4163 879 4213 querere
902 4149 975 4198 tectis
994 4163 1025 4197 ne
1045 4163 1149 4198 asomno
1171 4146 1332 4214 portenderet

43 4219 183 4268 thesauros
200 4220 361 4270 toaluiratas
379 4233 403 4281 q;
423 4221 468 4268 rite
487 4223 562 4269 textis
580 4220 649 4268 netui
668 4221 767 4268 somnio
785 4218 918 4283 portendet
935 4219 1018 4282 (corv-
1031 4219 1156 4281 -dereturl
1172 4215 1337 4278 tlreaauross

95 4289 164 4338 extis
179 4303 210 4337 aa
228 4291 330 4340 Pextis
343 4305 400 4339 uum
414 4289 523 4340 editores
535 4289 651 4339 Sallustii
697 4288 906 4357 ildeponentium
918 4303 964 4339 om.
977 4291 1003 4341 P
1049 4289 1082 4341 16
1093 4287 1249 4354 respondens
1261 4300 1330 4336 conv.

40 4358 99 4407 -det
112 4359 138 4408 B
153 4359 311 4424 respondens
323 4368 348 4408 et
362 4360 388 4409 P
421 4359 452 4409 11
469 4371 507 4409 εει
518 4375 564 4409 ora.
575 4361 600 4409 P
641 4359 673 4410 13
687 4374 735 4408 non
748 4360 912 4408 inueniuntur
925 4373 942 4414 ς
953 4375 1002 4410 nou
1017 4359 1145 4408 inuenitur
1154 4358 1236 4407 Pnon
1245 4357 1332 4405 inueni

42 4427 66 4476 B
124 4429 159 4478 14
176 4427 235 4478 laxo
248 4429 315 4479 enim
335 4429 400 4478 laxis
418 4429 570 4480 delectiuum
589 4437 628 4478 est
647 4429 720 4478 nexis
738 4430 805 4478 onim
824 4436 918 4478 ettam
936 4443 1015 4479 nexos
1027 4428 1121 4479 Plaxo
1139 4429 1161 4476 is
1177 4425 1331 4476 delectiuum

41 4509 130 4564 tannen
151 4499 292 4564 (torperem.
311 4499 384 4548 nexis
400 4501 467 4548 euim
487 4499 524 4565 et)
543 4512 621 4548 nexas
640 4499 666 4548 B
685 4499 743 4548 laxo
762 4497 917 4549 delectiunm
935 4513 1003 4549 nexo
1020 4501 1087 4548 enim
1102 4499 1153 4546 taffr
1171 4503 1281 4547 nexant

43 4565 122 4636 nexo]
145 4569 232 4624 Prisc.
249 4574 266 4621 l.
285 4569 318 4618 tx
333 4583 360 4632 p.
379 4568 440 4631 469,
461 4571 501 4621 12.
519 4572 535 4619 l.
556 4569 623 4632 llp.
644 4567 734 4629 salal
792 4569 859 4636 ,la
875 4569 1001 4634 Virgilius
1016 4569 1135 4623 iove:
1153 4569 1218 4617 Aen.
1240 4564 1331 4617 vato

114 4639 149 4690 16
165 4639 191 4688 in
209 4639 334 4705 deiphebo
351 4652 398 4687 noa
417 4639 460 4702 Ps
472 4640 531 4689 inde
549 4638 694 4704 inphobano
713 4641 783 4690 sinos
803 4653 850 4689 noa
868 4647 880 4689 t
949 4638 982 4689 17
1001 4639 1160 4703 arripimuet
1211 4637 1330 4686 omnibus

43 4711 291 4760 manibusrnaoioas
307 4708 474 4760 Ptomnibns
494 4707 667 4772 manicasBs
713 4709 746 4761 m
766 4710 918 4759 licetnexui
936 4709 976 4759 Bt
1024 4707 1059 4758 20
1077 4707 1157 4774 pexui
1171 4715 1255 4772 potest
1272 4720 1329 4756 esse

43 4779 66 4826 in
82 4777 190 4829 xorBt
206 4781 264 4846 pexi
281 4781 305 4828 in
323 4779 404 4829 xorP
446 4780 841 4844 'lirixortrixoramplexorP
890 4777 1142 4843 ‘btlaoleutiungiB
1183 4776 1217 4826 29
1234 4771 1327 4839 affero]

43 4851 133 4901 aufero
149 4849 175 4898 B
226 4847 355 4916 proturbo]
373 4848 519 4916 perturbat
570 4848 605 4900 30
622 4851 754 4901 conscribo
772 4867 818 4902 orn.
837 4851 862 4900 P
913 4849 947 4902 33
966 4852 1066 4916 depono
1083 4849 1177 4914 inpono
1195 4862 1241 4897 om.
1260 4846 1285 4897 P
