3350 5442
322 375 364 448 32
685 435 690 446 .
882 375 1056 448 tusorum

348 508 369 549 p.
384 495 484 536 1886-38
498 489 520 534 Ρ,

322 567 400 636 enim
423 593 496 635 sono
518 571 677 634 dicendum
699 579 759 641 est:
785 573 995 634 circumflexus
1016 574 1067 652 qul
1088 574 1222 654 tractim,
1248 583 1281 636 ut
1301 572 1413 650 Rdma3
1440 577 1541 654 gravis
1562 575 1612 656 qui

222 695 424 758 nrtspressa
447 694 519 736 voce
540 675 630 737 habet
651 683 814 754 accentum.
845 709 883 718 -
914 674 1193 736 circumflexus
1221 684 1366 738 acutus:
1403 677 1481 739 hanc
1502 677 1613 739 habent

322 779 571 848 observationem,
606 778 637 837 in
664 777 780 855 graecis
812 775 984 837 nominibus
1016 774 1163 856 [syllabis]
1197 787 1338 840 accentus
1370 787 1415 840 est
1446 781 1477 840 in
1510 780 1612 841 ultima

321 879 485 960 penultima
509 888 539 941 et
558 877 802 959 antepenultima:
825 880 857 938 in
877 877 976 938 latinis
996 877 1097 939 ultima
1112 876 1223 959 syllaba
1243 880 1247 958 Ι
1266 889 1422 942 accentum
1437 901 1497 942 non
1513 881 1611 942 habet.

238 1021 250 1047 a
320 1001 392 1044 sane
415 1001 431 1042 a
458 982 530 1052 line,
565 981 622 1042 hoc
650 988 695 1041 est
722 978 759 1040 ab
785 978 901 1051 ultima,
936 979 1116 1060 conputandi
1148 989 1219 1042 sunt
1250 991 1397 1044 accentus.
1443 986 1499 1045 tria
1525 984 1635 1045 habeto

322 1091 517 1170 cognomenta
540 1091 691 1145 accentus:
715 1089 767 1142 aut
789 1083 852 1170 topi
875 1089 945 1142 sunt
965 1090 1016 1142 aut
1038 1090 1157 1144 tenores
1179 1091 1230 1144 aut
1244 1092 1393 1154 accentus,
1418 1088 1481 1146 toni
1496 1105 1512 1146 a
1525 1105 1613 1156 sono,

292 1194 462 1247 saccentus
478 1184 515 1245 ab
530 1185 672 1254 acuendo,
689 1193 809 1245 tenores
831 1182 869 1244 ab
890 1185 1064 1246 intentione.
1091 1219 1129 1230 -
1153 1184 1230 1246 Non
1248 1181 1261 1269 ll
1282 1187 1432 1248 tenebit
1454 1190 1529 1249 nisi
1551 1207 1613 1268 pe·

207 1288 213 1300 '
321 1288 518 1350 nultimum
548 1286 681 1348 locum:
724 1284 801 1365 apud
829 1285 950 1346 Latinos
976 1285 1056 1355 loca,
1093 1303 1169 1364 quae
1197 1287 1406 1349 circumflexus
1435 1297 1485 1350 aut
1512 1298 1615 1350 acutus

294 1387 483 1460 tdimiserit,
512 1391 608 1468 gravis
628 1387 771 1469 possidet.
809 1387 917 1448 —Et
941 1388 1022 1448 'hoc
1047 1386 1107 1448 illi
1135 1407 1206 1449 non
1234 1398 1289 1450 est
1317 1409 1507 1452 commune
1536 1411 1613 1452 curn

321 1494 473 1554 ceteris:
498 1494 566 1572 quia
588 1490 721 1553 nonsibi
744 1489 873 1550 vindicat
893 1489 1001 1560 locum,
1025 1490 1078 1550 sed
1100 1489 1251 1552 dimissum
1268 1490 1305 1551 ab
1328 1491 1392 1553 aliis
1414 1493 1555 1571 possidet.
1577 1529 1610 1536 -
1628 1517 1646 1550 n

292 1596 416 1672 surgo
454 1592 721 1672 monosyllaba:
758 1593 788 1652 in
817 1591 955 1652 omnibus
990 1591 1201 1672 monosyllabis
1229 1592 1412 1664 nominibus,
1450 1597 1510 1654 sire
1539 1613 1615 1674 qnae

321 1697 426 1758 breves
447 1697 561 1757 luerint
582 1703 702 1765 natura,
730 1695 790 1754 sire
812 1711 888 1773 quae
909 1693 1059 1772 positione
1080 1693 1187 1772 longae
1209 1694 1303 1755 laetae
1325 1695 1450 1767 luerint,
1479 1714 1539 1756 non
1563 1697 1614 1758 ha·

320 1798 393 1859 bent
414 1799 470 1858 nisi
493 1805 612 1858 acutum
635 1803 799 1858 accentum.
824 1797 850 1856 si
872 1813 943 1855 vero
965 1797 1028 1875 ipsa
1052 1794 1254 1876 monosyllaba
1269 1805 1373 1858 natura
1390 1796 1477 1877 longa
1492 1799 1614 1865 inerint

277 1913 307 1959 tt
321 1918 382 1960 non
404 1900 561 1979 positione,
586 1917 645 1959 non
668 1896 779 1958 bahent
794 1898 852 1957 nisi
866 1897 1091 1958 circumflexum
1106 1905 1271 1959 accentum.
1290 1933 1328 1942 -
1351 1899 1390 1959 ln
1413 1900 1615 1980 disyllabis

321 2021 413 2082 ottae
435 2004 615 2082 priorem:
649 2001 680 2060 in
704 1998 842 2059 omnibus
871 1998 1021 2077 disyllabis
1044 1997 1210 2079 [omnibusz
1241 2008 1379 2080 quattuor
1400 2001 1493 2081 pedes
1515 2011 1586 2063 sunt
1609 2002 1649 2080 in

321 2100 464 2183 disyllabi,
488 2107 538 2183 qui
554 2103 607 2164 toti
623 2101 707 2162 nothi
729 2101 811 2181 sunt]
835 2102 867 2160 ln
888 2100 1066 2180 penultima,
1089 2103 1150 2162 sive
1171 2101 1259 2180 longa
1281 2105 1319 2163 sit
1340 2105 1403 2164 sire
1418 2103 1530 2174 brevis,
1554 2123 1614 2192 non

322 2204 431 2266 hahent
458 2207 515 2266 nisi
542 2210 660 2266 acutum
688 2211 853 2264 accentum.
904 2201 985 2264 solus
1019 2202 1179 2265 trochaeus
1208 2205 1432 2266 circumllexum
1459 2215 1615 2267 accentum

320 2306 411 2368 habet
431 2309 462 2366 in
485 2305 661 2386 penultima,
686 2308 710 2367 si
733 2313 837 2366 natura
860 2304 946 2383 longa
969 2303 1067 2366 luerit.
1113 2307 1163 2384 qui
1186 2306 1210 2366 si
1232 2309 1379 2385 positione
1401 2307 1542 2369 habuerit
1562 2328 1615 2389 pe·

277 2408 476 2470 ronultimam
497 2409 633 2487 longam,
659 2410 773 2488 etipse
795 2414 890 2468 mutat
912 2415 1067 2480 accentum
1089 2414 1119 2466 ot
1134 2414 1253 2468 acutum
1276 2411 1392 2487 recipit.
1418 2445 1457 2454 —
1472 2409 1614 2490 Trisyl·

321 2510 419 2572 labis
442 2518 477 2572 ct
499 2512 691 2590 deinceps:
728 2527 833 2570 omnes
855 2509 948 2587 pedes
968 2507 1111 2588 trisyllabi
1133 2533 1151 2568 a
1175 2511 1236 2570 sire
1259 2511 1288 2569 in
1311 2508 1473 2591 penultima
1495 2519 1650 2572 acutumso

321 2620 474 2675 accentum
503 2612 602 2674 habel.
647 2613 727 2673 solus
749 2609 994 2692 amphibrachus
1024 2614 1050 2672 si
1075 2610 1270 2690 penultimam
1293 2618 1398 2673 natura
1421 2613 1540 2692 longam
1563 2613 1615 2675 ha·

321 2715 435 2785 buerit,
465 2715 689 2776 circumflexum
716 2717 832 2794 accipit.
883 2714 948 2793 qni,
976 2715 1001 2773 si
1028 2711 1192 2794 penultima
1219 2716 1370 2793 positione
1396 2715 1488 2776 luerit
1514 2715 1615 2794 longa,

322 2826 416 2880 mutat
442 2826 596 2879 accentum
626 2823 656 2876 et
683 2825 801 2877 acutum
828 2817 945 2894 recipit.
989 2814 1163 2876 indactulo
1191 2818 1221 2875 in
1247 2817 1481 2896 antepenultima
1509 2829 1616 2878 acutus

275 2936 306 2983 21
322 2919 493 3000 ponendus,
523 2921 584 2978 sive
607 2925 712 2978 natura
734 2919 773 2978 sit
793 2918 855 2977 sive
876 2920 1022 2995 positione
1045 2917 1140 2995 longa.
1170 2953 1210 2962 -
1237 2916 1401 2978 Perosns
1429 2928 1458 2980 et
1480 2919 1616 2980 Cethe-

321 3041 387 3100 gus
410 3019 639 3100 amphibrachus
660 3037 713 3099 pes
736 3025 794 3079 est:
818 3017 979 3098 penultima
1002 3021 1109 3098 ipsius,
1132 3021 1156 3078 si
1180 3027 1283 3080 natura
1305 3019 1393 3098 longa
1409 3022 1462 3091 sit,
1487 3023 1653 3084 circum-n

322 3125 430 3184 llexum
453 3124 569 3202 recipit.
615 3141 689 3201 quae
713 3123 739 3181 si
761 3123 908 3200 positione
930 3121 1018 3199 longa
1039 3122 1105 3190 liat,
1135 3131 1228 3182 mutat
1248 3130 1402 3183 accentum
1426 3132 1456 3182 et
1477 3124 1508 3183 in
1530 3133 1615 3184 antc-

322 3225 482 3305 pcnultima
510 3231 628 3285 acutum
655 3225 771 3302 recipit.
816 3223 979 3285 notandum
1006 3221 1085 3282 hunc
1107 3222 1203 3283 solum
1228 3220 1233 3303 Ι
1257 3223 1364 3301 pedem
1387 3225 1614 3286 circumflexum

322 3330 471 3406 accipere,
496 3328 521 3386 si
542 3323 704 3406 penultima
728 3334 831 3387 natura
855 3325 941 3403 longa
964 3317 1063 3385 luerit.

406 3429 490 3490 Ratio
513 3437 699 3489 accentuum.
743 3426 937 3507 'l'ribraohys‚
966 3437 999 3487 ut
1019 3427 1148 3496 macula,
1176 3429 1207 3487 in
1236 3427 1468 3507 antepenultima
1492 3437 1614 3491 acutum

323 3531 420 3595 habet.
463 3529 622 3606 molossus,
651 3539 685 3592 ut
711 3538 848 3599 naturae,
876 3534 937 3590 siue
962 3537 1073 3590 notura
1098 3532 1155 3602 fiat
1188 3531 1250 3591 sive
1285 3531 1449 3609 positione,
1476 3533 1508 3591 in
1536 3551 1614 3611 pen·
1630 3559 1655 3598 m

322 3635 425 3697 ultima
453 3640 572 3694 acutum
601 3632 700 3694 habet.
743 3640 934 3711 anapaestus,
962 3640 996 3692 ut
1017 3631 1123 3702 Erato,
1146 3631 1361 3710 quovismodo
1383 3635 1413 3692 in
1436 3634 1613 3713 antepenul-

322 3740 392 3797 tima
415 3742 531 3797 acutum
554 3734 652 3795 habet.
687 3732 933 3815 palimbacchius,
958 3735 1008 3813 qui
1028 3741 1058 3794 et
1071 3732 1289 3802 antibacchius,
1312 3742 1346 3795 ut
1365 3742 1485 3805 natura,
1508 3740 1617 3812 quovis

321 3839 409 3900 modo
431 3840 463 3900 in
484 3836 646 3918 penultima
669 3849 788 3898 acutum
810 3836 909 3898 habet.
944 3834 1183 3915 amphibrachys,
1206 3843 1239 3896 ut
1254 3839 1363 3908 carina,
1386 3839 1417 3897 in
1433 3835 1616 3919 penultillma

391 4061 453 4113 cod.
473 4061 553 4112 am.
572 4062 596 4111 V
614 4057 715 4112 4-5*.
786 4057 898 4108 tithoni
968 4057 1039 4106 thoni
1110 4057 1181 4106 inb
1204 4057 1335 4107 hacuendo
1406 4058 1437 4109 ab
1459 4059 1618 4110 institutione

389 4133 523 4184 blancum
538 4139 599 4196 aput
668 4139 712 4180 aut
729 4138 800 4180 actus
871 4127 903 4178 ta
919 4128 942 4177 si
960 4141 1021 4176 uero
1040 4127 1066 4175 in
1085 4128 1142 4193 ipsa
1209 4127 1287 4177 luerit
1357 4128 1390 4180 lb
1408 4127 1539 4196 disyllabi]
1561 4132 1619 4196 syl-

321 4204 372 4255 lani
443 4203 476 4254 18
499 4211 589 4252 natura
607 4199 701 4266 longus
770 4197 804 4249 20
825 4199 936 4264 denceps
953 4212 1042 4248 ornnes
1113 4197 1145 4248 21
1170 4197 1340 4249 amllbrachue
1357 4199 1380 4248 si
1403 4200 1545 4264 penultima

320 4277 354 4325 ‘22
370 4289 443 4337 quem
463 4273 486 4322 si
504 4271 670 4338 penultimam
690 4269 843 4334 positionem
913 4267 947 4318 ’23
966 4263 1055 4331 mutat]
1077 4277 1131 4318 mut
1199 4270 1233 4318 at
1251 4279 1356 4334 cetegus
1375 4269 1545 4319 amlibrachus

320 4345 353 4394 ‘25
372 4346 449 4411 longa
467 4341 510 4409 sit]
531 4343 606 4407 longa
622 4339 703 4402 (corr.
723 4337 809 4405 -gae).
824 4341 847 4388 si
915 4338 950 4389 26
967 4340 992 4388 in
1011 4338 1208 4404 antepenultimo
1277 4341 1310 4390 27
1330 4348 1415 4390 notam
1431 4341 1492 4390 dum
1549 4342 1619 4406 pede

320 4412 354 4465 29
373 4417 497 4478 tribracys
567 4413 601 4463 30
619 4413 673 4462 sive
691 4419 780 4460 natura
796 4409 899 4462 fiatom.
954 4408 981 4457 in
997 4407 1222 4474 antepenultimam
1293 4409 1326 4460 32
1344 4410 1508 4460 antibacchus
1525 4421 1619 4462 natura

388 4483 422 4536 33
438 4487 465 4534 iu
482 4482 647 4548 penultimam
719 4479 886 4545 amllbrachys
957 4480 984 4527 in
1000 4480 1164 4544 penultimam

389 4675 422 4724 15
440 4685 499 4724 sunt
518 4671 652 4737 dissyllabi
667 4669 809 4722 Putscbius.
825 4669 939 4729 sortasse
957 4683 1046 4719 omnes
1059 4676 1178 4732 quattuor
1194 4669 1274 4733 pedes
1291 4668 1420 4734 disyllabi,
1433 4671 1475 4734 qui
1495 4671 1542 4720 toti
1561 4673 1620 4721 noti

322 4752 390 4808 suut,
404 4746 429 4794 in
442 4745 582 4809 penultima
601 4749 647 4792 etc.
719 4738 753 4792 20
768 4740 887 4803 fortasse
904 4753 991 4788 omnes
1011 4740 1090 4804 pedes
1110 4738 1238 4803 trisyllabi
1255 4738 1295 4788 vel
1316 4741 1340 4788 in
1359 4741 1561 4805 antepenultima
1575 4743 1620 4790 vel

321 4817 346 4864 in
365 4814 505 4881 penultima
522 4824 625 4864 acutum
638 4823 768 4862 accentum
791 4810 886 4860 habent
964 4809 998 4862 32
1022 4818 1082 4861 onte
1107 4808 1308 4875 palimbacchius
1334 4809 1444 4874 definitio
1468 4811 1564 4878 dactyli
1592 4819 1623 4862 et

321 4884 419 4940 bacchii
435 4885 562 4936 occiduae
575 4883 673 4934 uidetur
719 4903 725 4918 ·
1556 4913 1561 4924 .
