3350 5442
287 331 349 396 292
855 334 1008 396 POMPEll

312 456 334 497 p.
347 443 435 484 436-ὃὸ
449 439 471 481 L.

286 524 408 602 positio,
440 523 579 602 quoniam
603 541 711 582 nomen
736 530 780 582 est
802 524 988 602 provinciae:
1011 521 1179 583 nominibus
1206 525 1358 586 civitatum
1381 542 1439 584 non
1463 521 1569 584 additur
1661 516 1662 519 '

286 625 482 706 praepositio,
511 630 545 684 ut
572 623 713 686 ‘Romam
737 624 845 693 vadn';
876 623 1046 686 nominibus
1069 626 1290 705 provinciarum
1318 642 1437 703 semper
1464 625 1569 685 additur

284 729 475 807 praepositio,
500 735 532 787 nt
553 727 602 786 ‘iu
625 725 722 788 Sicilia
745 732 838 788 sum’.
883 729 953 788 item
982 744 1037 806 per
1063 728 1330 806 praepositionem,
1361 727 1385 787 si
1412 734 1464 788 ant
1484 730 1569 806 ipsam

284 849 339 911 pro
363 828 454 891 altera
476 847 581 909 ponas,
605 837 654 890 aut
675 831 770 908 ipsam
794 827 940 890 detrahas.
977 827 1034 889 boc
1058 835 1151 889 totum
1174 829 1335 890 seeundum
1358 834 1463 890 artem.
1507 828 1570 888 alte·
1661 898 1662 919 χ

283 951 347 992 ram
369 951 425 1011 pro
447 929 539 992 altera
562 950 665 1012 ponas,
688 929 772 992 ‘snb
802 930 923 992 lucem
952 930 1066 992 densa
1095 933 1194 991 inter
1223 929 1352 991 nubila
1380 933 1498 1001 sese',
1521 929 1590 991 suba

284 1032 381 1114 luceru
405 1052 460 1113 pro
478 1051 513 1092 eo
528 1032 606 1113 quod
624 1042 668 1094 est
690 1042 759 1094 ante
775 1032 887 1102 lncem;
904 1041 955 1094 aut
969 1035 994 1094 si
1008 1035 1103 1113 ipsam
1119 1033 1258 1092 detrahas
1272 1032 1530 1112 praepositionem,
1545 1041 1572 1091 ut
1661 1044 1662 1047 ’

436 1134 544 1196 silvis
567 1143 616 1203 te,
640 1135 821 1214 Tyrreue,
845 1135 947 1196 ieras
970 1137 1112 1214 agitare
1133 1136 1277 1214 putasti
1661 1126 1662 1129 '

284 1257 338 1317 pro
369 1257 404 1298 eo
434 1236 513 1317 quod
543 1239 639 1298 estin
669 1237 764 1306 silvis,
800 1237 956 1299 detraxisti
982 1239 1241 1317 praepositionem.
1291 1245 1361 1297 sunt
1390 1237 1479 1297 etiam
1506 1236 1571 1297 aliae
1661 1288 1662 1291 ,

253 1393 257 1400 .
284 1341 399 1420 species
420 1338 667 1407 innumerabiles;
691 1339 744 1400 sed
767 1339 874 1400 melius
897 1347 949 1410 est,
973 1341 1023 1410 ait,
1047 1341 1089 1400 uti
1111 1339 1263 1408 brevitate,
1288 1356 1326 1399 ne
1348 1337 1502 1400 videamur
1519 1357 1572 1399 non

284 1461 403 1512 cavere,
427 1460 515 1522 quem
544 1440 581 1501 ad
608 1441 729 1502 modurn
757 1442 828 1503 liant
856 1441 1034 1502 soloecismi.
1080 1459 1152 1519 ergo
1175 1438 1280 1501 melius
1301 1448 1347 1499 est
1375 1439 1507 1528 breuiter
1533 1440 1602 1499 diu

284 1562 367 1604 cere:
397 1542 485 1624 plane
513 1542 706 1604 soloecismus
735 1541 854 1625 diciltur
881 1546 913 1604 in
940 1543 1036 1605 soluta
1066 1546 1217 1611 oratioue;
1247 1545 1277 1602 in
1300 1551 1437 1622 poemate
1459 1542 1571 1603 schema

284 1647 463 1707 nominatur.

356 1747 479 1828 ‘Plinius
501 1748 543 1808 sic
567 1747 647 1816 dicit,
665 1748 794 1827 ‘quaudo
817 1749 856 1807 sit
878 1747 1079 1816 soloecismus,
1104 1747 1222 1829 quando
1244 1750 1283 1808 sit
1304 1746 1433 1817 schema,
1450 1747 1511 1807 sola
1533 1749 1571 1806 in-

183 1849 450 1929 447‚5tellegentia
479 1848 649 1910 discernit'.
696 1849 756 1910 noli
786 1858 814 1910 te
844 1851 959 1910 relerre
987 1849 1024 1910 ad
1046 1848 1133 1920 illud,
1163 1849 1242 1928 quod
1270 1849 1396 1910 diximus
1423 1849 1461 1910 de
1489 1857 1572 1910 meta-

285 1950 414 2031 plasmis.
458 1960 590 2016 namet
601 1951 641 2010 ''in
663 1950 840 2012 soloecismo
863 1952 920 2013 hoc
943 1955 1112 2033 quaeritur,
1136 1960 1235 2012 utrum
1257 1953 1354 2012 sciens
1381 1948 1438 2011 hoc
1464 1950 1604 2019 leceritn

285 2073 322 2115 an
345 2055 496 2114 nesciens:
520 2056 545 2114 si
566 2054 663 2114 sciens
685 2053 799 2124 lecerit,
825 2056 882 2115 erit
904 2054 1038 2124 schema;
1061 2057 1086 2114 si
1109 2055 1247 2114 nesciens
1262 2053 1377 2122 lecerit,
1401 2055 1460 2114 erit
1481 2053 1571 2114 soloe-

284 2158 404 2217 cismus
451 2174 508 2235 qua
536 2155 669 2216 ratione?
697 2164 766 2234 puta
794 2160 882 2237 ‘pars
910 2158 940 2217 iu
968 2157 1060 2218 irusta
1089 2159 1225 2216 secant':
1270 2155 1400 2215 dixImns
1426 2155 1458 2214 iu
1487 2160 1573 2215 meta-

283 2258 404 2339 plasmis
427 2265 455 2317 et
479 2256 671 2319 barbarismis
699 2257 775 2337 quod
806 2258 880 2319 baec
902 2258 940 2318 sit
962 2257 1116 2329 discretio,
1144 2266 1191 2328 ut,
1220 2259 1245 2318 si
1274 2263 1333 2317 stat
1359 2275 1463 2317 versus
1492 2257 1574 2316 etiarn

283 2362 347 2421 siue
370 2359 417 2420 illa
441 2350 630 2430 necessitate,
660 2368 692 2420 ut
720 2358 923 2421 barbarismus
947 2361 998 2429 sit;
1032 2361 1057 2420 si
1086 2367 1267 2420 autemnon
1290 2367 1361 2434 stat,
1390 2360 1447 2418 nisi
1476 2359 1573 2419 vitium

283 2463 402 2533 leceris,
428 2460 638 2543 metaplasmus
661 2471 716 2523 est.
760 2463 791 2521 iu
814 2461 959 2522 hocloco
989 2461 1057 2540 quid
1087 2461 1238 2521 dicemus?
1266 2478 1335 2538 pars
1363 2462 1394 2521 in
1417 2460 1512 2520 frusta
1533 2479 1606 2526 seu

284 2575 352 2626 cant
381 2573 410 2626 et
437 2583 507 2645 pars
528 2565 559 2624 in
582 2565 676 2624 irusta
701 2573 790 2634 secat,
815 2565 900 2625 etita
922 2567 1013 2626 etita
1035 2572 1093 2625 stat
1114 2581 1224 2625 versus.
1260 2561 1339 2624 unde
1361 2571 1486 2643 apparet
1507 2580 1574 2642 quo·

284 2671 362 2730 niam
392 2667 550 2729 adfectavit
578 2669 747 2728 novitatem.
794 2668 876 2728 nelas
905 2674 950 2728 est
979 2676 1077 2728 autem
1107 2664 1145 2725 de
1172 2667 1229 2725 isto
1256 2673 1339 2726 tanto
1365 2667 1430 2724 viro
1457 2662 1576 2725 credere

284 2790 340 2851 per
365 2771 538 2849 inperitiam
557 2768 613 2830 boc
637 2770 751 2839 iecisse,
776 2753 835 2829 nou
858 2787 913 2849 per
935 2771 1088 2831 scientiam
1111 2767 1274 2828 adfectasse
1295 2769 1464 2827 novitatem.
1510 2783 1577 2844 ergo

283 2872 346 2934 sola
374 2873 513 2932 discretio
540 2873 618 2934 inter
647 2874 748 2932 vitium
778 2881 806 2933 et
840 2873 979 2933 virtutem
1007 2872 1130 2931 scientia
1161 2870 1233 2930 erit:
1278 2887 1348 2930 uam
1381 2871 1424 2930 sic
1452 2867 1578 2949 appellat

283 2975 406 3052 figuras,
435 2975 572 3034 virtutes:
601 2973 663 3034 sola
693 2991 763 3052 ergo
798 2972 936 3034 discretio
965 2973 1022 3033 erit
1047 2973 1181 3033 scientia.
1226 2977 1358 3032 ceterum
1387 2972 1413 3031 si
1440 2971 1608 3032 nesciense

283 3077 348 3155 quis
377 3076 495 3149 lecerit,
528 3078 593 3136 sine
617 3074 708 3136 dnbio
737 3075 852 3138 dicetur
882 3076 1090 3142 soloecismus;
1126 3075 1151 3134 si
1179 3074 1276 3134 sciens
1307 3075 1427 3144 lecerit,
1464 3072 1576 3134 dicetur

284 3176 414 3238 schema.
459 3178 516 3238 boe
544 3177 664 3254 quidem
694 3177 783 3247 dixit;
814 3187 913 3239 tamen
942 3178 1035 3256 quiris
1062 3183 1161 3256 potest
1189 3175 1287 3235 lacere
1314 3174 1526 3236 soloecismum
1550 3182 1578 3233 et

284 3279 385 3340 dicere
408 3281 548 3358 ‘figuram
564 3281 649 3340 leci'.
682 3281 707 3340 si
730 3279 859 3341 noluerit
881 3283 1027 3342 rationem
1050 3278 1186 3346 reddere,
1210 3275 1285 3337 nihil
1309 3285 1354 3336 est
1374 3277 1442 3349 boc,
1460 3276 1576 3338 licentia

284 3390 329 3441 est
351 3400 448 3461 prava.
486 3401 545 3442 non
569 3381 678 3442 suflicit
698 3385 775 3444 scire
798 3401 873 3464 quae
898 3383 1015 3444 vitanda
1036 3389 1113 3448 sunt,
1138 3379 1190 3442 sed
1213 3381 1303 3441 etiam
1324 3379 1407 3440 addit
1429 3387 1574 3441 ornatum.

284 3483 359 3552 ride,
383 3492 492 3563 (manto
515 3484 620 3545 ordine
642 3488 791 3556 tractavit,
816 3483 820 3565 l
846 3493 875 3546 et
901 3505 989 3566 quern
1013 3483 1191 3545 admodum
1214 3481 1368 3562 disposuit.
1404 3483 1504 3562 primo
1527 3481 1609 3544 dou

284 3587 345 3646 cuit
366 3604 436 3654 nos,
460 3605 535 3666 quae
558 3593 657 3648 essent
678 3595 777 3666 partes
799 3591 958 3656 orationis,
989 3595 1018 3646 et
1046 3602 1134 3662 quern
1165 3583 1201 3643 ad
1225 3583 1354 3644 modum·
1369 3590 1575 3645 tractarentur.

283 3696 439 3768 postquam
463 3687 603 3769 explicuit
625 3690 713 3749 istum
728 3696 896 3759 tractatum,
920 3686 1107 3768 pervenitad
1129 3686 1213 3747 illum
1229 3685 1337 3755 locum,
1362 3685 1412 3746 ubi
1434 3686 1520 3766 quasi
1542 3684 1576 3744 ad

285 3791 428 3851 scientem
451 3790 618 3861 bominem,
642 3792 691 3870 qui
714 3788 837 3852 deberet
860 3791 897 3851 de
918 3790 1065 3850 sermonis
1087 3795 1193 3849 ornatu
1216 3815 1235 3849 ι
1262 3790 1360 3868 primu
1382 3806 1512 3868 aequum
1535 3794 1579 3846 est

283 3900 316 3952 ut
337 3894 414 3952 vitiis
436 3910 598 3963 careamus,
621 3901 724 3972 postea
748 3895 927 3972 accipiamus
950 3899 1096 3952 ornatum.
1128 3909 1199 3969 ergo
1223 3890 1324 3952 docuit
1344 3889 1497 3952 vitandum
1514 3907 1577 3949 esse

284 3992 510 4062 barbarismum,
533 3993 682 4054 vitandum
706 4013 770 4054 esse
792 3992 1010 4055 soloecismum.
1040 3994 1112 4054 dicit
1133 3993 1228 4053 adhuc
1251 3991 1366 4052 vitanda
1390 4011 1457 4053 esse
1480 3990 1611 4068 aliquas

283 4096 387 4157 decern
409 4097 492 4166 vitia,
520 4094 622 4157 brevia
649 4094 783 4175 quidem;
815 4105 914 4157 tamen
943 4104 972 4156 et
998 4098 1062 4176 ipsa
1091 4095 1206 4155 vitanda
1229 4103 1308 4156 sunt
1351 4095 1397 4154 bis
1419 4093 1576 4156 duodecim

282 4199 360 4258 vitiis
384 4199 460 4277 siqui
482 4199 619 4268 caruerit,
643 4197 784 4278 eloquens
808 4201 876 4274 erit,
900 4198 931 4259 id
955 4207 999 4258 est
1020 4198 1162 4265 disertus;
1192 4216 1252 4258 nou
1275 4197 1395 4278 quidem
1422 4194 1577 4262 facundus,

282 4299 334 4360 sed
358 4300 494 4362 disertus,
542 4318 613 4378 ergo
635 4301 789 4361 inritinm
812 4319 851 4360 ne
872 4303 1019 4375 incurras,
1041 4302 1115 4362 baec
1137 4307 1246 4360 teneto.
1289 4317 1366 4378 quae
1387 4305 1458 4359 suut
1480 4303 1577 4358 autern

283 4404 356 4463 ista?
378 4405 435 4464 ista
457 4409 526 4463 sunt
548 4401 606 4462 duo
629 4409 659 4461 et
680 4401 736 4462 alia
759 4402 873 4464 decern.

352 4556 443 4608 attam
462 4573 508 4622 per
524 4557 738 4621 praepositionem
755 4558 779 4606 P
794 4558 854 4606 item
875 4557 900 4605 in
921 4558 1135 4623 praepositionem
1147 4553 1226 4606 Bos
1277 4556 1359 4604 berth
1378 4551 1471 4620 breem]
1497 4555 1576 4618 Verp.

280 4641 368 4692 peorp.
391 4629 469 4678 1445
539 4627 604 4675 iuter
618 4627 708 4676 nebula
727 4627 752 4677 B
822 4624 941 4693 ieilvis]
966 4630 1045 4692 Vero.
1065 4625 1183 4677 Aemili
1201 4625 1254 4676 aaa
1325 4622 1447 4690 Tyrreno]
1470 4633 1577 4689 tyranne

284 4696 306 4746 G
358 4697 386 4747 ll
408 4693 532 4746 insoluta
551 4695 889 4761 purteoretiouisBCSP
957 4698 989 4748 13
1008 4698 1105 4763 plinius
1121 4694 1161 4745 Sd
1181 4695 1280 4759 plenius
1299 4695 1379 4744 BGP
1449 4691 1576 4756 latitud]

284 4766 390 4816 aliudO
457 4765 491 4817 23
509 4781 571 4831 ergo
590 4767 645 4815 sola
666 4767 783 4816 diseretio
803 4767 910 4816 scientie
929 4768 977 4816 erit
995 4769 1060 4816 iuter
1077 4767 1168 4815 uitium
1188 4773 1213 4814 et
1231 4765 1348 4814 uirtutem
1368 4763 1473 4814 BGSP
1543 4762 1576 4814 33

283 4846 371 4887 ornatu
391 4863 424 4872 —
443 4837 598 4900 accipiamus
612 4852 657 4890 om.
678 4836 698 4885 S
