3350 5442
586 372 821 437 COMMENTVM
1292 366 1350 431 141

1169 489 1190 531 p.
1204 476 1328 538 9971011„

74 562 119 623 tibi
145 579 312 640 cognomen
341 563 403 623 est?
429 562 579 631 ridemur,
608 564 633 623 si
655 562 712 622 hoc
740 561 910 621 dixerimus.
955 566 1052 618 tamen
1075 556 1236 617 secundum
1260 564 1353 616 artem

73 665 122 725 inc
146 663 287 733 dicimus,
316 672 348 724 ut
376 665 495 725 nomina
524 663 659 725 dicamus
692 661 833 732 familiae,
863 662 1038 739 cognomina
1066 659 1198 719 dicamus
1231 660 1352 737 propria

73 768 192 827 nomina.
223 784 333 826 nomen
357 773 402 827 est
423 784 496 844 ergo
512 766 591 844 quod
615 773 660 826 est
681 783 838 825 commune
861 762 1004 831 familiam
1028 778 1192 840 cognomen
1216 759 1353 839 estquod

73 876 110 927 cst
134 870 290 947 proprium
318 869 406 928 unius
433 870 576 947 cuiusque
604 886 727 937 nomen,
756 873 787 926 ut
814 872 884 945 puta
913 865 1013 943 Scipio
1035 864 1163 923 Servius.
1208 880 1354 940 agnomen

52 978 111 1031 eost
131 970 209 1047 quoti
233 971 417 1031 extrinsecus
440 971 527 1031 venit.
572 972 652 1030 venit
673 977 771 1029 autem
786 967 824 1028 ab
848 969 943 1047 aliqua
966 967 1092 1027 ratione.
1135 972 1205 1044 puta
1224 970 1230 1039 1
1254 966 1355 1025 nescio

72 1073 114 1151 qui
138 1073 255 1132 iortitcr
283 1073 368 1140 iecit,
395 1071 524 1133 Africam
553 1073 635 1142 vicit,
665 1071 761 1131 dictus
789 1078 833 1130 est
859 1070 1029 1153 Africanum
1062 1084 1150 1127 nares
1179 1068 1278 1127 nescio
1306 1068 1356 1145 qui

71 1176 192 1234 maiores
213 1173 332 1244 habuit,
362 1172 458 1234 dictus
486 1180 529 1234 est
552 1173 672 1242 Nasica;
696 1171 770 1232 alter
793 1173 921 1231 maiores
943 1170 1045 1230 habuit
1067 1188 1165 1237 suras,
1194 1168 1291 1229 dictus
1313 1174 1357 1229 est

72 1275 186 1336 lubiius
212 1275 356 1336 Lentulus
383 1276 468 1335 Sura.
514 1294 585 1354 ergo
612 1276 666 1335 ista
696 1273 853 1335 trahuntur
881 1280 968 1333 auta
992 1271 1146 1334 virtutibus
1168 1278 1218 1331 aut
1240 1272 1357 1331 avitiis

70 1379 229 1455 agnomina.

43 1498 63 1533 u
148 1479 187 1539 Et
208 1481 330 1541 omnino
355 1480 398 1539 sic
420 1478 572 1540 definitum
596 1488 650 1540 est.
679 1478 748 1558 quid
772 1487 816 1538 est
836 1470 1038 1557 praenomen?
1074 1476 1143 1557 quid
1167 1483 1209 1537 esi
1232 1476 1359 1537 nomen?

72 1581 135 1661 quid
167 1590 214 1641 cst
247 1583 431 1661 cognomen?
465 1581 535 1661 quid
563 1590 607 1641 est
634 1586 799 1660 agnomen?
832 1583 876 1641 sic
902 1580 1081 1644 definierunt
1102 1580 1230 1639 maiores
1253 1580 1357 1646 nostri,

71 1684 154 1744 habes
182 1686 214 1745 in
243 1686 372 1764 antiquis
401 1682 527 1743 artibus:
560 1702 742 1764 praenomen
772 1691 818 1744 est
845 1682 923 1762 quod
953 1682 988 1742 ad
1015 1682 1188 1760 dignitatem
1218 1682 1355 1761 pertinet.

72 1786 162 1847 nulius
191 1788 271 1847 enim
301 1804 404 1847 servus
426 1784 517 1847 habet
537 1804 735 1864 praenomen;
771 1784 935 1853 nonlicet,
968 1803 1027 1844 non
1050 1790 1147 1863 potest
1168 1784 1242 1843 fieri.
1287 1789 1357 1862 puta

71 1889 246 1950 Gaudentius
274 1890 395 1949 omniuo
422 1906 483 1948 non
511 1895 609 1967 potest
637 1881 747 1947 habere
775 1905 974 1967 praenomen;
1007 1905 1079 1964 ergo
1108 1888 1207 1946 omnia
1229 1903 1358 1964 praeno-

43 2005 62 2043 1⁵
73 1993 142 2051 urina
158 1990 334 2069 dignitatem
357 1997 467 2070 tenent.
496 1992 594 2052 omnia
616 1992 791 2068 cognomina
814 1990 964 2069 propriam
985 2006 1050 2048 rem
1075 1995 1191 2057 tenent;
1215 2005 1230 2046 a
1254 1994 1358 2048 natura

72 2095 200 2163 reiciunt,
224 2092 254 2152 id
278 2101 323 2153 est
344 2098 430 2152 natus
453 2092 632 2161 estimans,
660 2094 757 2152 statim
779 2091 837 2151 hoc
859 2090 977 2151 dicitur.
1022 2092 1119 2176 orpnia
1143 2092 1299 2168 agnomina
1322 2087 1359 2148 ab

72 2194 176 2255 actibus
204 2196 337 2256 veniunt.
383 2196 413 2254 in
440 2214 536 2274 puero
563 2193 708 2255 iniantuio
731 2212 790 2254 non
812 2194 926 2273 poteris
947 2193 1080 2252 invenire
1103 2209 1259 2270 agnomen.
1303 2208 1358 2268 qua

73 2296 198 2356 ratione?
224 2298 291 2375 quia
315 2298 340 2357 si
362 2314 508 2374 agnomen
531 2298 610 2356 venit
625 2314 641 2355 a
656 2295 746 2356 rebus
768 2296 872 2373 gestis,
897 2313 1014 2354 acausa
1038 2296 1115 2373 ipsa,
1139 2294 1237 2353 statim
1261 2299 1359 2351 autem

72 2416 138 2476 puer
166 2407 254 2459 natus
282 2417 343 2458 uon
371 2398 460 2458 habet
489 2418 539 2460 res
565 2406 663 2477 gestas
686 2406 736 2457 aut
757 2416 861 2457 causas
884 2396 1010 2475 aliquas,
1033 2395 1113 2456 uude
1135 2396 1227 2474 possit
1249 2392 1360 2454 habere

9 2501 12 2512 '
41 2516 228 2577 uaguomen,
253 2500 320 2561 ideo
342 2500 399 2561 hoc
422 2502 452 2560 io
474 2500 620 2561 infantulo
644 2518 702 2560 non
719 2507 815 2579 potest
835 2500 971 2559 inveniri.
1004 2514 1075 2574 ergo
1091 2498 1246 2575 agnomina
1263 2496 1360 2555 omnia

73 2621 87 2661 a
112 2602 202 2663 rebus
230 2603 353 2662 veniunt
381 2604 484 2681 gestis:
519 2604 695 2680 cognomina
718 2604 801 2681 quasi
823 2600 967 2662 naturalia
991 2612 1074 2670 sunt,
1098 2598 1254 2659 nobiscum
1278 2598 1360 2674 quasi

71 2712 243 2772 nascuntur;
266 2706 364 2765 statim
387 2706 465 2765 enim
490 2704 597 2765 dantur
619 2703 720 2773 uobis,
747 2703 864 2783 quando
887 2704 949 2763 nati
971 2703 1127 2764 fuerimus:
1153 2702 1269 2761 nomina
1293 2705 1362 2760 sunt

72 2824 140 2883 quae
163 2813 237 2867 sunt
258 2808 426 2867 communia
450 2806 591 2866 iamiiiae:
611 2807 828 2886 {praenomina
852 2811 921 2865 suut
936 2822 1010 2884 quae
1033 2806 1184 2883 pertinent
1206 2802 1242 2862 ad
1266 2802 1360 2879 digni-

70 2916 169 2975 tatem,
192 2916 314 2968 serrant
336 2910 415 2969 enim
437 2910 658 2986 ingenuitatem.
693 2907 791 2969 nulius
814 2909 892 2968 enim
916 2926 1019 2967 servus
1041 2914 1138 2986 potest
1160 2905 1271 2967 habero
1294 2904 1359 2966 hoc.

42 3011 118 3069 roseti
142 3030 203 3071 non
224 3019 259 3071 te
282 3010 410 3089 decipiat
431 3012 486 3071 ista
508 3030 558 3071 res
574 3028 630 3071 nec
652 3010 743 3071 iaiiat.
780 3009 954 3099 plerumque
977 3011 1142 3069 invenimus
1164 3010 1220 3069 isia
1243 3014 1361 3067 mutata.

72 3130 169 3172 seruus
198 3131 287 3172 meus
316 3111 380 3173 voio
409 3121 442 3172 ut
468 3122 588 3173 vocetur
615 3112 737 3181 Lucius;
769 3112 826 3171 hoc
853 3111 943 3181 volo„
970 3110 1026 3172 hoc
1055 3111 1127 3171 mihi
1153 3110 1260 3189 piacet.
1303 3110 1360 3168 iam

72 3212 173 3274 Lucius
202 3215 282 3274 iorte
310 3212 382 3274 mihi
411 3215 468 3274 erit
496 3234 689 3294 praenomen.
729 3213 800 3274 mihi
829 3213 949 3291 quidem
978 3230 1160 3291 praenomen
1190 3221 1249 3279 est,
1277 3228 1362 3271 servo

71 3324 164 3376 autem
187 3335 251 3377 non
275 3323 319 3375 est
339 3335 536 3399 praenomen,
561 3317 613 3378 sed
637 3324 682 3377 est
703 3294 881 3394 cognom‘en.
912 3322 981 3395 puta
1005 3316 1152 3375 notarium
1175 3332 1274 3374 meum
1297 3312 1363 3372 volo

72 3436 171 3478 rorare
199 3417 382 3478 Africanum.
421 3421 447 3478 si
473 3418 530 3479 hoc
553 3438 662 3479 numen
685 3420 812 3497 accepit,
843 3418 960 3497 quando
985 3424 1069 3477 natus
1092 3424 1151 3487 est,
1174 3415 1262 3475 modo
1284 3416 1361 3475 Airi-

42 3538 156 3581 ooanus
185 3519 268 3600 quod
297 3520 417 3589 dicitur,
445 3523 504 3580 iam
534 3539 593 3581 non
623 3522 679 3581 erit
706 3538 868 3598 agnomen,
897 3518 1031 3580 sederit
1056 3536 1229 3597 cognomen.
1275 3517 1362 3579 illea

71 3622 141 3682 iacto
170 3622 270 3683 dictus
298 3629 344 3682 est
370 3622 539 3693 Africanus,
568 3622 645 3703 quod
670 3624 737 3682 vicit
758 3622 902 3691 Africam,
930 3619 980 3681 ille
1003 3627 1100 3680 autem
1124 3618 1231 3700 [quod]
1255 3622 1362 3688 statim,

72 3725 184 3802 quando
216 3732 390 3812 natusest,
421 3724 477 3785 hoc
505 3724 669 3805 appellatus
694 3716 751 3784 est.
796 3723 878 3783 vides
901 3740 972 3802 ergo
994 3724 1135 3803 quoniam
1156 3723 1212 3782 ista
1235 3740 1295 3783 non
1317 3740 1362 3782 se-

72 3828 199 3887 cuudum
231 3836 368 3888 naturam
397 3835 481 3897 sunt,
509 3825 561 3886 sed
589 3826 754 3887 secundum
782 3824 950 3886 lectionem.
988 3823 1122 3884 dicamus
1149 3822 1221 3886 iilud
1249 3826 1362 3886 iortius.

73 3932 168 3990 nescio
198 3930 251 4009 qui
280 3928 330 3989 dat
356 3928 428 3990 mihi
458 3929 615 3989 lectionem
643 3927 785 4007 aliquam,
816 3935 845 3987 et
872 3929 989 3988 invenio
1017 3934 1086 4006 puta
1109 3924 1230 3987 Publius
1258 3926 1365 3987 Lucius

47 4030 237 4091 oSaiiustius.
283 4030 340 4091 hoc
362 4033 490 4092 invenio.
535 4033 698 4109 interrogat
726 4049 774 4090 mc
802 4030 869 4090 ‘dic
891 4008 1084 4108 mihisquod
1113 4036 1157 4089 est
1183 4033 1365 4106 cognomen?

74 4135 134 4210 quia
157 4142 189 4192 et
212 4132 339 4194 Publius
362 4135 469 4194 dicitur
492 4133 607 4212 Scipio,
631 4134 770 4213 quoniam
793 4150 975 4211 praenomen
1000 4140 1063 4203 est,
1088 4140 1117 4191 et
1132 4131 1240 4191 Lucius
1255 4131 1364 4209 Scipio,

134 4394 200 4442 tut
221 4392 326 4441 nomina
343 4391 414 4440 dicas
431 4390 515 4441 ABG
582 4391 717 4440 isernias
738 4390 800 4441 0αό
816 4404 907 4439 seruus
924 4388 950 4438 Β
967 4403 1082 4438 ser....
1104 4388 1128 4436 A
1198 4388 1214 4437 5
1234 4396 1295 4452 puta
1314 4386 1366 4437 ior-

75 4462 125 4510 titer
144 4462 237 4512 uescio
254 4464 297 4526 qui
317 4461 418 4512 fortiter
440 4461 498 4511 iecit
521 4461 624 4510 airicom
644 4464 705 4510 uicit
724 4465 749 4509 A
773 4469 834 4525 puto
855 4460 940 4508 rtescio
962 4460 1005 4521 qui
1030 4457 1127 4506 fortiter
1147 4455 1251 4505 africam
1271 4456 1368 4506 uicitC

75 4541 128 4593 pato
144 4532 211 4581 iorte
232 4532 320 4582 nescio
338 4532 381 4595 qui
399 4530 504 4581 siricam
519 4533 579 4580 uicit
597 4530 627 4581 b:
643 4542 704 4597 puta
719 4530 818 4580 iortiter
835 4533 921 4578 nescio
941 4529 983 4591 qui
1000 4528 1109 4577 rumores
1128 4527 1214 4576 habuit
1229 4526 1255 4576 Β
1272 4529 1367 4577 omioet's

75 4602 186 4667 reliquia,
209 4618 278 4669 quoe
300 4602 362 4653 odd.
382 4602 397 4651 b
486 4603 501 4652 7
521 4603 607 4652 nasica
628 4602 678 4652 Bc
693 4609 729 4663 et,
748 4608 776 4651 ut
791 4600 905 4663 uidetur,
924 4598 949 4647 A
968 4611 1029 4648 uaso
1045 4613 1062 4646 a
1150 4596 1368 4647 1211111130

76 4674 183 4733 portibus
203 4674 231 4722 A
304 4672 336 4722 l?
355 4673 451 4737 poteris
468 4672 648 4723 atvmetorA
665 4672 851 4735 potestBGa*
922 4666 1134 4717 inuenireABG
1150 4668 1260 4717 inueniri
1278 4666 1313 4717 a*

79 4740 179 4805 lSquia
198 4740 235 4808 si]
256 4742 371 4804 quaoiA
440 4743 472 4791 21
499 4753 604 4792 serraaut
627 4743 693 4790 enim
715 4742 898 4807 ingenuitatem
921 4754 967 4791 om.
990 4739 1022 4799 0,
1039 4738 1282 4789 odd.cseruautur
1300 4740 1366 4787 enim

77 4810 225 4875 ingenuitati
246 4814 271 4863 B
358 4812 390 4863 al
414 4814 457 4876 qui
482 4814 566 4862 statim
586 4812 611 4861 B
696 4809 730 4862 36
751 4824 775 4860 et
793 4812 887 4861 laucius
911 4808 998 4875 Scipio
1015 4809 1135 4873 quoniam
1157 4822 1310 4874 praenomen
1330 4817 1368 4859 est

75 4894 116 4929 om.
136 4883 169 4949 A,
189 4884 254 4935 odd.
273 4900 290 4933 a
