3350 5442
353 347 417 412 300
925 351 1079 414 POltPlill

378 457 531 512 omme

835 556 884 618 DE
907 556 1166 620 SCllEbld'llBVS

438 675 564 737 Schema
592 675 702 738 dicitur
728 677 829 754 ligura.
874 676 932 737 hoc
959 683 1056 738 autem
1084 677 1205 740 schema
1233 680 1266 740 lit
1292 686 1341 741 aut
1367 680 1399 739 in
1426 697 1514 740 sensu
1542 682 1641 740 autin

351 777 458 841 verbis.
490 778 639 840 schemata
662 795 738 856 quae
759 779 835 840 liunt
856 781 888 840 in
910 768 1046 842 sensibus
1067 780 1104 841 ad
1127 788 1262 842 oratores
1283 783 1448 861 pertinent,
1472 798 1550 859 quae
1574 782 1640 842 finnt

350 883 381 943 in
404 880 504 942 verbis
525 881 562 943 ad
584 883 791 960 grammaticos
813 883 973 962 pertinent.
1011 883 1129 944 schema
1154 892 1252 945 autem
1278 882 1355 962 qnod
1376 884 1410 944 lit
1430 884 1461 943 in
1484 901 1580 944 sensu
1603 884 1640 943 rei

351 985 382 1044 in
405 982 505 1046 verbis
527 984 582 1045 bac
604 987 719 1046 ratione
742 983 930 1046 discernitur.
959 984 1052 1046 habes
1067 986 1098 1046 in
1114 985 1242 1065 Vergilio
1257 994 1431 1064 utrumque,
1456 992 1485 1046 et
1507 987 1538 1046 in
1555 1005 1639 1046 senso

352 1087 461 1148 iactum
483 1086 604 1149 schema
628 1089 708 1148 etin
731 1086 840 1148 verbis.
884 1088 916 1147 in
938 1106 1027 1149 sensu
1048 1085 1142 1148 babes
1164 1086 1215 1148 illo
1237 1087 1318 1164 loco,

504 1189 592 1268 quid
615 1207 809 1252 memorem
832 1188 1005 1250 infandas
1027 1190 1175 1261 caedes,
1199 1190 1284 1271 quid
1306 1190 1404 1253 lacta
1426 1194 1584 1273 tyranni

503 1293 640 1354 efferat

503 1402 644 1457 mortua
667 1395 754 1475 quin
778 1396 888 1457 etiam
911 1394 1094 1472 iungebat
1115 1413 1276 1475 corpora
1298 1397 1406 1467 vivis,

480 1489 723 1578 ¹conponens
745 1496 992 1574 manibusque
1014 1515 1143 1558 manus
1165 1505 1276 1576 atque
1299 1497 1428 1560 oribus
1450 1517 1524 1560 ora.

354 1599 555 1682 [conponens]
584 1599 641 1661 hoc
669 1585 789 1662 schema
812 1601 843 1661 in
864 1599 999 1662 sensibus
1021 1601 1218 1663 constituitur.
1263 1602 1399 1682 quidest
1422 1603 1501 1663 enim
1524 1602 1638 1663 schema

352 1705 475 1765 sensusi
497 1702 528 1763 id
550 1712 606 1773 est,
631 1701 748 1781 quando
764 1700 890 1766 dicimus
905 1721 960 1764 nos
976 1701 1058 1764 nolle
1079 1701 1191 1781 aliquid
1212 1703 1313 1765 dicere
1336 1711 1485 1765 ettamen
1508 1703 1637 1770 dicimus,

354 1804 439 1886 [quid
461 1823 625 1867 memorem
647 1805 782 1866 tutandas
804 1804 927 1874 caedes,
951 1805 1023 1885 quid
1038 1807 1113 1866 lacta
1129 1808 1247 1884 tyranni
1269 1806 1392 1886 ellerai]
1415 1806 1541 1886 utquid
1564 1825 1639 1867 com·

352 1926 515 1970 memorem
544 1907 622 1969 illius
644 1907 762 1977 caedes,
786 1906 857 1985 qnid
880 1908 956 1969 lacta
979 1907 1088 1968 etleral
1121 1925 1250 1986 namque
1277 1907 1418 1987 iungebat
1439 1916 1556 1970 mortua
1579 1928 1639 1970 cnr·

351 2029 426 2092 pora
459 2011 530 2071 vivis
562 2007 740 2070 hominibus.
785 2017 947 2088 negaverat
978 2028 1010 2071 se
1045 2009 1144 2071 dicere
1177 2021 1208 2070 et
1235 2010 1308 2071 dixit
1335 2018 1441 2072 umen.
1488 2031 1559 2073 ecce
1586 2011 1639 2071 hoc

352 2112 471 2175 schema
503 2113 534 2174 in
563 2130 653 2173 sensu
681 2120 738 2182 est,
767 2112 865 2173 ‘nam
893 2111 957 2172 illa
987 2113 1097 2172 nimis
1125 2113 1276 2191 antiqua
1303 2120 1518 2191 praetereo,
1548 2112 1638 2191 quod

353 2213 536 2277 Servilios
562 2212 674 2276 Ahala
700 2211 704 2293 l
735 2214 908 2295 Spurium
944 2212 1116 2276 Maelium
1148 2216 1253 2276 novis
1285 2213 1399 2276 rebus
1431 2215 1638 2276 studentem

352 2334 456 2378 manu
487 2335 549 2378 sua
583 2316 758 2377 occidit':
793 2314 843 2376 illa
871 2316 990 2396 quidem
1019 2318 1139 2394 antiqua
1168 2324 1337 2394 praetereo,
1366 2325 1396 2378 et
1423 2316 1517 2379 nihilo
1545 2320 1637 2378 minus

336 2413 433 2480 'dixit
477 2417 535 2480 hoc
561 2418 680 2480 schema
706 2420 738 2479 in
764 2436 856 2478 sensu
879 2426 939 2489 est,
969 2419 1025 2480 boc
1047 2419 1084 2480 ad
1106 2426 1240 2480 oratores
1261 2421 1398 2498 pertinet
1443 2418 1523 2499 quod
1544 2427 1637 2480 autern

352 2520 388 2584 ad
410 2522 618 2600 grammaticos
640 2522 782 2600 pertinet,
806 2519 865 2580 hoc
887 2529 945 2591 est,

504 2624 712 2701 Troiugena
735 2625 929 2703 interpres
951 2622 1084 2695 divum,
1109 2625 1173 2703 qni
1194 2625 1340 2718 numina
1362 2622 1515 2694 Phoebi,

504 2727 566 2807 qui
588 2724 773 2806 tripodaS,
798 2723 898 2787 Clari
920 2725 1066 2796 laurus,
1090 2727 1150 2806 qui
1171 2725 1294 2786 sidera
1316 2727 1447 2788 sentis.

352 2847 423 2890 ecee
445 2847 505 2890 uno
526 2825 617 2890 verbo
641 2828 733 2888 sentis
756 2827 901 2890 conclusit
921 2828 971 2889 illa
994 2829 1091 2889 omnia
1114 2830 1284 2908 superiora,
1313 2830 1364 2908 qui
1385 2830 1507 2890 numina
1528 2827 1635 2889 Phoebi

352 2933 458 3002 sentis,
492 2932 545 3010 qui
571 2929 718 3012 tripodas,
748 2928 826 2991 Clari
854 2929 969 3000 laurns;
1005 2950 1042 2992 en
1070 2948 1130 2990 uno
1159 2930 1247 2991 verbo
1275 2930 1312 2991 ad
1345 2937 1452 2992 cuncta
1478 2931 1635 3011 respondit.

352 3051 422 3094 ecce
444 3031 589 3094 hocloco
612 3051 672 3094 non
695 3040 740 3093 est
759 3051 879 3103 sensus,
907 3034 959 3095 sed
983 3032 1064 3093 verbi
1086 3034 1273 3111 significatio,
1302 3032 1380 3112 qnod
1403 3031 1525 3095 verbum
1547 3033 1634 3094 reler-

352 3143 400 3196 tur
423 3135 460 3197 ad
482 3132 657 3205 clausulam,
681 3135 718 3196 ad
741 3136 896 3215 superiora
918 3142 1072 3196 commata.
1103 3153 1175 3212 ergo
1197 3153 1285 3196 omne
1300 3133 1419 3196 schema
1434 3144 1486 3197 aut
1506 3137 1537 3196 in
1552 3155 1634 3196 sensu

265 3257 272 3273 ·
351 3238 508 3299 litantia
531 3235 644 3306 verbis;
675 3238 728 3298 sed
750 3255 825 3318 quae
853 3238 928 3297 liunt
953 3239 985 3298 in
1007 3236 1143 3298 sensibus
1165 3236 1200 3298 ad
1223 3244 1358 3298 oratores
1379 3239 1543 3317 pertinent,
1565 3256 1633 3317 qrnae

351 3342 426 3401 stunt
446 3341 478 3400 in
502 3337 598 3399 verbis
620 3338 886 3417 ad'grammaticns
907 3341 1067 3419 pertinent.
1106 3339 1156 3401 illa
1179 3357 1255 3418 qnae
1276 3341 1349 3400 dunt
1369 3341 1401 3400 in
1424 3339 1557 3401 sensibus
1579 3339 1632 3400 dia-

352 3459 445 3502 noeae
472 3440 624 3512 dicuntur,
653 3457 728 3518 quae
755 3441 829 3503 liunt
857 3443 889 3502 in
917 3439 1015 3502 verbis
1044 3441 1180 3503 dicuntur
1207 3441 1317 3502 lexeos.
1364 3459 1529 3519 quaecum
1552 3439 1631 3502 multa

350 3545 423 3615 sint,
453 3551 482 3604 et
508 3562 542 3604 re
570 3560 638 3605 vera
665 3549 726 3604 tres
753 3542 822 3605 libri
851 3551 922 3604 sunt
943 3545 1141 3622 ingentissimi
1164 3543 1201 3605 de
1222 3544 1278 3606 hac
1299 3563 1347 3614 re,
1371 3544 1493 3606 interim
1515 3542 1645 3622 exemplit

351 3664 441 3707 causa
469 3645 543 3707 haec
569 3644 810 3723 frequentissima
838 3653 920 3716 sunt,
952 3663 1028 3724 quae
1057 3644 1198 3707 dicemus.
1242 3652 1311 3706 sunt
1344 3653 1443 3706 autem
1472 3645 1545 3707 haec
1576 3647 1630 3724 ipsa

351 3748 454 3809 decem
482 3755 511 3808 et
539 3756 667 3826 septem,
701 3745 880 3828 prolempsis
908 3765 1031 3826 zeugma
1057 3749 1237 3827 hypozeuxis
1271 3747 1436 3829 syllempsis
1463 3746 1630 3828 anadiplosis

350 3849 501 3930 anaphora
529 3848 743 3930 epanalempsis
771 3851 922 3930 epizeuxis
954 3852 1174 3930 paronomasia,
1210 3851 1322 3912 schesis
1349 3857 1525 3921 onomaton,
1553 3867 1629 3930 paro·

351 3971 458 4014 moeon
493 3950 754 4013 homoeoteleuton
790 3951 1023 4032 homoeoptoton
1059 3951 1233 4033 polyptoton
1274 3951 1386 4013 hirmos
1430 3951 1627 4034 polysyndeton

350 4053 489 4136 dialyton.
1635 4065 1645 4102 ⁸

420 4225 517 4290 ‘lquid
536 4221 684 4292 memorem]
709 4225 787 4289 Vcrp.
804 4226 870 4279 Aen.
891 4225 949 4274 Vlll
965 4224 1015 4276 483
1068 4225 1165 4276 lactiO
1234 4225 1266 4276 13
1285 4225 1346 4287 quid
1365 4224 1466 4276 lactiO
1534 4238 1627 4274 comme·

350 4311 446 4347 morem
467 4295 535 4345 illius
553 4295 578 4344 P
594 4299 762 4346 commemoro
781 4294 850 4346 illins
868 4293 946 4345 BOS
1033 4296 1065 4346 lt
1090 4310 1199 4357 namque
1227 4296 1348 4361 iungebat
1369 4309 1478 4360 corpora
1502 4311 1518 4345 c
1542 4296 1626 4357 iamque

350 4365 473 4432 iungebat
491 4380 598 4430 corpore
616 4364 668 4417 ΒΟ
683 4366 784 4428 iamque
804 4374 903 4414 mortua
921 4366 1043 4430 iungebat
1061 4381 1168 4429 corpora
1185 4366 1206 4416 S
1223 4359 1282 4414 nam
1302 4365 1425 4431 iungebat
1443 4381 1549 4431 corpora
1565 4365 1587 4414 P

352 4435 385 4486 to
402 4451 460 4485 nam
474 4434 517 4485 illa
536 4435 610 4486 nimie
630 4435 710 4487 BSP
726 4451 784 4484 nam
803 4435 879 4484 nimis
900 4435 945 4484 illa
964 4435 997 4484 0:
1017 4436 1068 4489 Cio.
1089 4438 1115 4485 iu
1134 4436 1234 4485 Catthi
1254 4437 1277 4496 1,
1295 4436 1312 4484 2
1382 4449 1498 4498 quaeque
1521 4435 1625 4485 seruilius

350 4505 408 4556 hale
422 4507 538 4570 spurium
557 4507 676 4557 maelium
688 4506 714 4555 B
725 4501 857 4568 quaequae
872 4506 991 4555 seruilius
1008 4506 1080 4555 halae
1094 4506 1199 4570 spurina
1213 4507 1312 4556 milium
1330 4505 1446 4566 (melium
1458 4506 1484 4564 e)
1496 4507 1624 4568 unaeqnt

351 4575 472 4626 seruilius
490 4575 568 4626 helas
590 4577 692 4642 pnrinm
716 4576 818 4626 melium
837 4573 859 4623 S
875 4591 966 4639 quaeq,
986 4575 1116 4626 seruilium
1137 4576 1200 4628 ales.
1221 4577 1331 4641 ponium.
1350 4575 1443 4624 aelium
1457 4577 1483 4625 P
1533 4574 1625 4625 'Ilico

351 4643 455 4710 ingena]
480 4647 558 4710 Verp.
579 4646 644 4700 Aen,
665 4647 771 4699 111359
841 4645 875 4694 22
890 4644 976 4695 latirus
994 4645 1074 4696 BSP
1093 4646 1212 4696 laurosO
1280 4645 1370 4695 sedern
1390 4645 1441 4694 ΟΡ
1511 4647 1543 4695 24
1559 4641 1624 4692 sentis

347 4716 490 4779 maurinae
507 4717 561 4769 loco
579 4732 626 4768 orn.
646 4717 667 4767 Ο
735 4717 821 4765 laurus
838 4713 891 4764 BS
908 4717 994 4766 leores
1015 4717 1064 4767 GP
1131 4716 1165 4766 28
1180 4717 1223 4766 illa
1238 4731 1304 4778 quee
1319 4731 1334 4764 c
1352 4715 1412 4764 illae
1426 4730 1493 4778 quae
1505 4713 1576 4767 Bos
1592 4711 1623 4759 ilh

352 4792 462 4834 scemata
480 4801 545 4847 quae
562 4787 587 4835 P
655 4786 689 4837 to
713 4801 777 4849 quae
801 4801 857 4835 cum
882 4785 960 4835 multa
984 4786 1035 4834 sint
1055 4784 1126 4850 (sunt
1148 4801 1217 4840 con.
1239 4786 1290 4836 sint
1308 4786 1339 4846 Ο)
1358 4784 1489 4836 schemata
1506 4794 1529 4835 et
1550 4793 1623 4834 renent

352 4853 431 4906 Bos
447 4869 584 4918 quaecum
601 4855 678 4906 multu
698 4865 722 4904 et
741 4872 767 4905 re
783 4855 882 4907 neraP
