3350 5442
151 1835 203 1901 Ex
230 1837 325 1902 libris
353 1858 452 1900 manu
480 1837 611 1923 scriptis
639 1837 788 1924 Pompeii
814 1837 1022 1924 grammatici
1055 1847 1122 1903 tres
1150 1839 1357 1925 potissimum

84 1935 167 2022 elegi,
189 1961 326 2025 quorum
341 1938 439 2003 fidem
459 1939 494 2002 in
509 1938 639 2004 edendo
650 1937 735 2004 libro
750 1962 919 2026 sequerer,
943 1962 1079 2026 eosque,
1102 1949 1140 2004 ut
1154 1941 1235 2004 mihi
1249 1941 1357 2006 visum

83 2049 138 2120 est,
158 2063 266 2106 omnes
289 2064 376 2106 nono
398 2040 528 2106 sacculo
551 2042 707 2127 scriptos,
730 2065 832 2106 unum
855 2040 1208 2131 Wolfenbuttelanum²
1230 2045 1286 2130 qui
1307 2053 1358 2108 est

83 2141 153 2205 inter
176 2145 305 2209 codices
334 2143 666 2228 Weissenburgonses
696 2143 737 2208 86
765 2143 843 2229 (A),
873 2143 954 2208 duos
984 2144 1168 2226 Parisin0s‚
1198 2145 1253 2230 qui
1281 2144 1358 2210 olim

84 2241 197 2309 fuerunt
217 2245 520 2330 Sangermanenses
545 2245 628 2310 1179
651 2245 708 2326 (Β)
732 2254 764 2310 et
788 2243 871 2310 1180
893 2245 961 2330 (O).

152 2345 264 2412 Codex
285 2346 610 2414 Wolfenbuttelanus
632 2347 820 2412 Weissenb.
845 2348 885 2412 86
907 2353 1024 2422 ‚moder
1045 2353 1217 2414 monosterii
1234 2361 1359 2414 saneto-

84 2468 137 2509 rnm
156 2455 238 2527 petri
262 2460 292 2513 et
312 2457 404 2529 pauli
428 2455 459 2513 in
486 2454 682 2527 visrenbura“
710 2450 856 2515 continet
887 2451 1151 2516 membranarum
1183 2451 1357 2518 fasciculos

84 2549 185 2632 viginti
212 2561 338 2638 septam
365 2551 491 2617 formae
519 2551 698 2638 quadratae
730 2551 884 2633 minoris,
913 2575 931 2616 e
959 2553 1077 2640 quibus
1100 2554 1142 2617 ad
1165 2553 1358 2639 Pompeium

84 2653 229 2735 pertinent
250 2655 480 2740 quaterniones
495 2653 614 2738 viginti
634 2661 701 2717 tres
722 2662 755 2717 et
776 2653 986 2718 membranae
1008 2654 1182 2721 duodecim
1204 2655 1238 2718 in
1259 2677 1359 2718 unum

85 2743 259 2820 iasdoulum
292 2765 497 2842 compactae:
532 2778 564 2842 q.
588 2755 680 2820 1-5
714 2759 983 2820 0οΜ11ΙΕ11’Τ[]Μ
1009 2759 1137 2820 ARTIS
1164 2759 1323 2820 DONATI
1351 2757 1354 2836 1

85 2864 293 2937 armeniosque
313 2865 438 2922 ruentia
458 2897 502 2906 -
522 2862 575 2920 ubi
589 2878 645 2937 pes
662 2864 732 2933 finit
753 2857 799 2943 (p.
822 2857 938 2922 3-82
961 2857 1013 2922 ed.
1034 2856 1165 2943 Lina),
1188 2881 1218 2944 q.
1243 2857 1359 2920 6-24

84 2959 698 3026 1111ΡΙΤΕΧΡιΑΝΑΤιθ1101111113
714 2958 719 3043 Ι
739 2963 896 3023 POMPEI
912 2963 1170 3024 GRAMMATIC.
1184 2965 1281 3044 (corr.
1300 2959 1358 3044 CI)

86 3059 236 3137 16111161ιί1
256 3073 365 3144 partes
386 3072 542 3141 -potest
568 3065 630 3126 dici
651 3059 696 3147 (p.
721 3061 905 3148 82-414).
935 3060 1069 3147 reliquis
1092 3061 1359 3148 quaternionibus

86 3160 172 3226 tribus
194 3165 403 3229 continentur
424 3161 519 3246 haec,
544 3162 746 3227 Cassiodorii
769 3163 932 3249 praefatio
951 3162 992 3227 de
1015 3161 1209 3252 disciplinis,
1232 3169 1360 3227 intentus
1465 3187 1469 3194 ·

86 3266 151 3327 uobis
171 3304 205 3312 —
230 3270 314 3330 dicto
332 3271 484 3344 precipiat
506 3264 551 3350 (p.
567 3263 641 3328 519.
662 3263 727 3328 520
748 3266 798 3330 ed.
819 3265 927 3349 Gan).
951 3264 1098 3330 eiusdem
1121 3265 1160 3329 de
1183 3265 1358 3350 generibus

87 3385 238 3432 causarum
259 3377 434 3433 tractatus:
451 3389 483 3453 p.
498 3366 571 3446 497,
591 3365 729 3456 27ή34
744 3367 796 3430 ed.
811 3365 922 3431 Halm.
939 3371 977 3430 de
989 3371 1115 3448 pedibus
1129 3374 1274 3447 expositio
1288 3371 1361 3430 Iulii

88 3469 184 3533 Sereri:
204 3467 297 3536 Mail.
313 3468 440 3533 Theod.
456 3467 507 3532 ed.
523 3467 626 3532 Heus.
650 3491 682 3554 p.
700 3469 834 3532 71-81.
866 3473 990 3549 Esidori
1010 3475 1134 3532 iunioris
1151 3475 1360 3549 palestinensis

88 3577 198 3651 11116ρὶ
212 3581 432 3650 prummotioue
445 3577 519 3634 ortis
534 3590 720 3649 aamercort
734 3575 875 3636 arlatino
889 3581 1006 3636 notato:
1028 3571 1072 3636 ib.
1089 3594 1121 3657 p.
1137 3570 1271 3635 81-85.
1287 3591 1359 3634 ccre-

88 3693 159 3734 11111
177 3695 333 3738 umanum:
355 3673 401 3738 ib.
417 3696 449 3759 p.
466 3671 602 3737 86-90.
626 3677 663 3736 de
682 3681 797 3739 metris:
816 3675 862 3739 ib.
878 3696 910 3760 p.
927 3673 1061 3738 91-98.
1078 3670 1182 3736 Mallii
1198 3671 1360 3738 Theodori

90 3770 243 3839 demetria
265 3774 396 3841 libellus
420 3775 462 3840 ab
484 3773 691 3859 Heusingero
707 3799 750 3839 ex
767 3775 827 3841 hoc
843 3775 955 3840 codice
978 3776 1094 3839 aditus.
1124 3774 1233 3839 omnia
1248 3774 1360 3839 eadem

90 3895 167 3940 manu
187 3879 313 3963 scripta
334 3886 428 3960 aunt,
449 3877 567 3943 litteris
590 3888 700 3943 tamen
722 3900 787 3942 non
810 3875 927 3944 eodem
949 3876 1051 3943 ductu
1073 3899 1131 3964 per
1154 3897 1265 3940 omnes
1287 3897 1360 3962 par·

90 3984 126 4038 tes
145 3981 295 4055 encratis.
334 3981 393 4045 aod
415 3981 450 4043 in
471 3979 620 4065 Pompeii
642 3977 726 4044 libro
749 3989 845 4044 vetus
868 3980 1031 4066 scriptura
1053 3978 1202 4068 plurimis
1224 3977 1304 4042 locis
1328 3985 1361 4039 ot

91 4075 206 4147 dirersis
230 4081 382 4146 manibus
405 4092 569 4162 correcta,
598 4104 664 4147 non
691 4103 867 4168 numquam
890 4083 988 4146 etiam
1011 4104 1031 4145 a
1053 4080 1292 4146 correctoribus
1314 4079 1362 4142 ita

91 4177 176 4248 deleta
196 4193 262 4266 ost,
285 4183 425 4270 utquid
447 4181 524 4248 olim
546 4185 704 4269 scriptum
725 4184 825 4248 fuerit
847 4205 913 4247 non
934 4183 1102 4270 adpareat.
1133 4183 1166 4246 in
1188 4182 1228 4246 iis
1252 4191 1361 4245 autem

92 4302 154 4364 quae
172 4296 288 4373 postea
309 4285 477 4371 adscripta
499 4295 576 4350 sunt
597 4283 760 4371 quaedam
782 4283 919 4349 eandem
940 4284 1009 4350 fere
1031 4293 1188 4364 aetatem,
1205 4305 1270 4369 qua
1291 4284 1362 4368 ipse

92 4378 154 4449 libor
173 4391 314 4475 scriptus
338 4396 405 4468 est,
429 4385 488 4452 sed
511 4387 679 4452 diversam
701 4395 811 4450 tamen
830 4410 850 4450 a
864 4395 975 4451 vetere
990 4384 1122 4450 librario
1136 4405 1269 4448 manum
1283 4405 1363 4470 prae

93 4504 116 4546 1
133 4486 243 4555 serunt.
281 4499 425 4554 ceterum
448 4498 594 4553 extrema
614 4511 691 4575 pars
714 4486 791 4553 libri
813 4489 963 4554 devitiis
987 4496 1020 4551 et
1041 4487 1219 4552 virtutibus
1243 4485 1362 4551 oratio-

94 4585 142 4670 111,
160 4615 242 4678 quae
263 4593 299 4656 ih
320 4591 432 4657 codice
454 4591 560 4672 deest,
588 4600 646 4656 aut
667 4612 844 4674 numquam
867 4589 990 4676 scripta
1011 4589 1074 4652 fuit
1096 4598 1154 4652 aut
1174 4588 1362 4672 antiquissi-

94 4707 131 4752 uo
153 4693 215 4757 iam
241 4703 388 4781 tempore
416 4694 523 4779 periit.
567 4716 644 4758 nam
665 4703 761 4757 votus
788 4691 1054 4756 membranarum
1076 4688 1175 4766 ordo,
1199 4693 1256 4776 qui
1276 4713 1363 4756 nunc

96 4795 279 4870 pertubatur
301 4806 352 4860 est
373 4797 408 4859 in
429 4795 561 4877 codice,·
579 4796 724 4858 numeris
740 4795 775 4858 in
789 4795 863 4858 imis
880 4792 1083 4877 marginibus
1107 4793 1242 4878 antiqua
1263 4817 1363 4858 manu

96 4896 200 4982 criptis
227 4897 392 4964 indicatus
421 4908 483 4962 ost.
527 4897 642 4962 eadem
664 4919 763 4961 manu
785 4895 1013 4984 inscriptiones
1025 4945 1034 4980 ,
1063 4917 1203 4983 quarum
1225 4895 1363 4980 vestigia

1115 4999 1160 5064 6*
