3350 5442
314 347 357 412 52
876 347 1052 410 cuuuuuu

341 473 363 512 p.
377 459 435 500 1908„
447 459 473 499 09
487 457 509 497 Ρ.

315 537 352 598 ab
375 537 510 615 analogia
531 556 593 598 nou
616 535 786 616 discrepent
807 537 962 596 nominum
986 535 1110 604 borum,
1134 537 1232 596 suavis
1255 543 1283 595 et
1299 533 1408 602 dulcis,
1432 541 1462 594 et
1475 533 1618 595 similiter

315 639 489 700 adverbium
517 639 634 700 iaciant.
664 673 704 682 -
735 638 840 701 Omnia
868 639 1059 718 pronomina,
1089 644 1121 698 ut
1149 655 1237 717 supra
1264 636 1406 708 diximus,
1435 637 1617 716 primigenia

315 743 417 819 viginti
440 750 469 801 et
491 759 583 802 unum
605 747 675 802 sunt
697 743 751 810 ita,
775 741 857 802 linita
873 742 945 809 tria,
969 747 1070 818 egotu
1088 738 1151 809 ille,
1176 739 1288 801 infinita
1303 745 1432 818 septem,
1456 739 1520 816 quis
1536 755 1616 816 qua·

314 841 351 902 lis
372 842 438 904 talis
460 851 589 920 quantus
610 851 710 904 tantus
732 852 840 921 quotus
862 850 952 917 totus,
982 842 1080 902 minus
1103 857 1192 918 quam
1213 841 1294 900 linita
1316 857 1382 910 sex,
1410 841 1474 921 ipse
1501 841 1557 902 isle
1590 841 1617 900 is

313 944 364 1005 lrie
385 944 463 1005 idern
486 946 547 1024 qui,
570 946 736 1025 possessiva
759 946 902 1023 quinque,
927 961 1010 1004 meus
1032 951 1101 1004 tuus
1123 961 1194 1004 suus
1210 948 1311 1004 noster
1326 949 1431 1003 vester.
1470 949 1645 1022 quattuor-a

313 1046 407 1108 latera
430 1046 541 1108 babent
561 1049 617 1108 ista
638 1049 829 1126 pronomina:
854 1055 904 1108 aut
924 1044 1012 1107 ambo
1034 1044 1174 1126 pluralia,
1198 1051 1249 1106 aut
1264 1043 1351 1105 ambo
1366 1043 1536 1123 singularia,
1561 1052 1618 1106 aut

314 1167 406 1210 unum
429 1148 543 1229 plurale
566 1156 595 1210 et
617 1167 711 1210 uuum
732 1148 898 1227 singulare,
929 1155 983 1210 aut
1011 1166 1103 1208 unum
1132 1145 1283 1225 singulare
1312 1155 1342 1208 et
1368 1165 1461 1207 unum
1483 1143 1615 1225 plurale.
1642 1209 1644 1212 ,

196 1263 256 1326 380,
271 1264 302 1311 ra
399 1252 466 1312 lut
487 1231 708 1330 composita,
733 1258 770 1311 ut
792 1251 980 1328 quisquis:
1005 1251 1135 1329 quisquis
1156 1251 1197 1310 ita
1213 1247 1421 1311 declinandum
1444 1256 1502 1318 est,
1526 1249 1614 1326 quis·

313 1355 380 1432 quis
406 1354 578 1414 cuiuscuius
606 1354 705 1415 crucui
733 1369 915 1430 quemquem
942 1349 946 1432 Ι
970 1353 1105 1430 quisquis
1133 1369 1149 1410 a
1179 1367 1297 1428 quoquo
1325 1349 1370 1410 vel
1394 1369 1409 1410 a
1433 1351 1552 1426 quiqui,
1584 1359 1617 1410 et

312 1454 467 1535 pluraliter
493 1456 595 1535 quiqui
623 1471 881 1532 quorumquorum
909 1451 1127 1531 quibusquibus
1154 1469 1304 1532 quosquos
1327 1453 1431 1530 quiqui
1453 1451 1613 1529 aquibus·
1632 1473 1657 1508 ιιι

314 1555 430 1633 quibus.
469 1556 548 1618 unde
571 1564 640 1617 sunt
659 1555 710 1616 illa
732 1554 881 1635 exempla,
905 1555 981 1634 apud
1005 1555 1179 1617 Terentium

465 1675 683 1736 quemquem
706 1665 813 1720 nacta
836 1659 902 1728 sis,
928 1658 1016 1734 quin
1039 1655 1193 1736 spolieS,
1218 1655 1383 1728 mutilas,
1407 1655 1566 1728 laceres,

314 1760 391 1841 apud
408 1759 537 1822 Tullium
559 1763 591 1822 in
613 1761 808 1822 frumentaria
831 1758 1079 1822 ‘cuicuimodi
1102 1761 1184 1820 est'.
1223 1761 1368 1839 quispiam
1392 1764 1489 1819 autem
1512 1760 1614 1838 prima

313 1871 398 1942 parte
418 1861 599 1934 declinatur,
620 1871 771 1944 postrema
788 1880 847 1924 non
863 1861 1038 1922 declinatur.
1062 1861 1140 1941 piam
1157 1863 1234 1922 enim
1252 1861 1321 1938 quid
1337 1858 1400 1924 est?
1413 1859 1498 1924 nihil.
1520 1861 1564 1921 sic
1582 1871 1615 1921 et

312 1964 433 2041 aliquis:
455 1965 494 2026 ali
509 1983 568 2026 non
585 1965 758 2035 declinatur,
775 1966 842 2042 quis
858 1963 1032 2024 declinatur.
1055 1965 1173 2024 nomina
1189 1981 1204 2024 a
1221 1963 1317 2042 prima
1333 1971 1417 2044 parte
1432 1981 1613 2043 conponun-
1630 1983 1654 2020 u.

313 2073 374 2136 tur,
391 2069 568 2146 pronomina
583 2084 604 2128 o
613 2071 717 2143 primo
732 2075 762 2126 et
782 2066 820 2127 ab
844 2065 955 2126 ultima.
979 2061 992 2148 ll
1006 2065 1168 2144 composita
1192 2067 1368 2145 pronomina
1391 2067 1421 2126 in
1444 2083 1501 2144 qua
1523 2073 1614 2145 parte

312 2169 524 2229 nominativum
539 2168 713 2240 habuerint,
730 2171 793 2248 ipsa
808 2176 893 2248 parte
909 2165 1105 2236 declinantur,
1122 2168 1198 2227 sicut
1213 2168 1341 2238 nomina,
1358 2183 1434 2245 quae
1450 2174 1500 2228 aut
1515 2185 1613 2229 unrun

312 2270 525 2331 nominativum
547 2271 658 2332 habent
679 2277 729 2332 aut
750 2270 834 2330 duos.
871 2271 897 2330 si
919 2287 996 2330 unus
1011 2269 1209 2330 nominativus
1225 2269 1329 2338 luerit,
1352 2269 1417 2349 ipse
1432 2268 1612 2340 declinatur,

311 2369 386 2433 alter
408 2390 494 2433 casus
514 2389 643 2450 sequens
663 2391 725 2434 non
747 2371 928 2440 declinatum
953 2372 979 2432 si
1001 2370 1059 2432 duo
1082 2371 1255 2432 nominativi
1277 2371 1400 2442 luerint,
1428 2366 1432 2454 Ι
1452 2370 1539 2433 ambo
1562 2373 1612 2434 in·

266 2471 481 2536 annectuntur.
504 2475 653 2536 —Nam
680 2474 789 2536 idem:
818 2475 898 2535 idem
920 2491 1085 2554 pronomen
1108 2492 1144 2535 ex
1167 2473 1283 2535 duobus
1305 2474 1454 2554 corruptis
1476 2481 1611 2544 coristat;
1627 2497 1653 2532 ,n

310 2574 378 2636 ideo
400 2576 544 2657 simplicis
565 2579 678 2657 tigurae
700 2584 753 2638 est.
791 2594 860 2638 nam
883 2575 1052 2640 cumidem
1076 2574 1256 2656 productum
1279 2576 1383 2647 inerit,
1409 2574 1610 2638 masculinum

310 2697 476 2758 pronomen
499 2687 557 2750 est;
580 2699 650 2741 cum
671 2686 843 2759 correptum
866 2700 885 2736 e
909 2677 987 2740 idem
1006 2679 1190 2740 accusativus
1213 2679 1352 2758 triptotus
1375 2686 1421 2740 est
1436 2681 1462 2740 si
1477 2677 1514 2740 de
1529 2697 1611 2740 mas-

311 2780 423 2852 culino,
451 2784 515 2861 ipse
544 2790 589 2843 est
609 2783 823 2850 nominativus,
853 2781 905 2859 qui
932 2789 962 2842 at
989 2782 1182 2842 accusativus.
1205 2815 1247 2826 ·—-
1269 2781 1420 2861 Euagora
1442 2783 1474 2842 in
1496 2800 1611 2862 prono-

311 2881 440 2943 minibus
462 2885 502 2944 ita
524 2891 585 2954 est,
609 2891 641 2945 ut
664 2891 693 2944 et
714 2882 753 2945 ab
776 2883 876 2945 ultima
898 2891 982 2963 parte
1005 2890 1220 2964 componantur
1243 2891 1272 2945 et
1294 2903 1309 2946 a
1332 2886 1442 2965 prima,
1473 2892 1504 2945 ut
1526 2887 1609 2962 quis·

310 2987 388 3064 piam
411 2984 518 3063 aliquis
540 2986 660 3063 quinam
682 2987 788 3063 nequis
810 2985 904 3063 siquis
927 2987 1110 3064 nescioquis:
1141 2995 1189 3048 aut
1212 3005 1248 3048 ex
1270 2986 1462 3067 conpluribus
1484 3005 1609 3067 compo·
1624 3010 1649 3048 aa

311 3088 424 3158 nimus,
442 3093 475 3148 ut
490 3087 671 3165 quicumque
688 3085 793 3168 [babet
808 3096 907 3148 tamen
923 3105 1079 3148 nunrorum
1096 3106 1300 3161 communem,
1317 3089 1436 3168 quidam
1451 3088 1609 3148 cuiusdam

265 3205 298 3254 24
311 3187 548 3270 cuiuscumque]
571 3188 683 3250 —llic
705 3189 824 3270 quando
846 3190 1036 3270 producitur,
1061 3189 1233 3252 allacrbium
1248 3191 1307 3252 loci
1322 3200 1381 3262 est;
1404 3189 1522 3271 quando
1538 3209 1607 3251 cor·

310 3291 431 3368 ripitur,
460 3309 636 3370 pronomen.
678 3294 882 3371 pronuntiatio
916 3291 987 3353 illud
1021 3291 1178 3362 discernit;
1212 3293 1237 3353 si
1272 3295 1386 3354 tractim
1416 3294 1605 3372 pronuntias,

309 3390 482 3454 adverbium
504 3391 561 3454 loci
585 3402 644 3464 est;
673 3395 698 3454 si
725 3397 850 3466 cursim,
879 3413 1044 3475 pronomen
1072 3395 1190 3473 generis
1217 3393 1387 3471 masculini,
1421 3403 1454 3455 ul
1482 3395 1606 3455 ‘solus

378 3563 441 3615 God.
460 3563 542 3613 Bern.
557 3564 628 3614 Vllll
648 3565 733 3614 1-2.
796 3566 810 3616 1
829 3565 955 3631 discrepet
1024 3565 1202 3630 2primgeuia
1217 3579 1285 3615 corr.
1303 3569 1337 3615 ol.
1356 3581 1423 3618 mon.
1440 3566 1549 3632 primag.

307 3629 416 3696 3septe
468 3635 623 3686 4totusorn.
675 3633 759 3700 bqui]
775 3636 815 3685 sui
866 3635 1178 3701 bpronominautambo
1232 3643 1275 3684 aut
1287 3643 1346 3698 post
1359 3636 1488 3700 singulare
1502 3651 1550 3686 ova

310 3701 702 3766 10aquibusaquibusuuda
756 3705 786 3755 11
799 3712 861 3770 aput
915 3706 946 3756 12
961 3702 1122 3758 mutilesn.
1143 3704 1238 3754 laceres
1252 3715 1314 3770 aput
1370 3706 1602 3756 lacuturnenses

308 3777 347 3820 est
400 3774 483 3836 prima
500 3787 561 3836 pars
578 3773 718 3823 declinatus
772 3775 804 3825 15
822 3773 870 3840 sic]
890 3775 923 3824 sit
976 3789 1026 3824 non
1046 3773 1444 3837 declinanturquisdecliaontnr
1497 3775 1605 3842 ltipro-

309 3841 410 3890 nomino
433 3843 464 3892 ab
485 3843 574 3891 ultima
596 3845 749 3909 pronomina
766 3844 792 3893 in
813 3860 863 3908 qua
881 3851 951 3910 parta
970 3845 1153 3894 nominatiuum
1179 3843 1311 3894 habuerint
1333 3846 1475 3909 composita
1493 3845 1551 3911 ipsa

309 3910 342 3962 18
359 3912 532 3961 nominatiuus
543 3914 599 3979 ipse
616 3913 693 3964 luerit
710 3914 851 3964 declinatur
920 3913 954 3963 20
972 3929 1030 3964 nam
1049 3914 1116 3964 idem
1136 3929 1275 3979 pronomen
1339 3915 1372 3968 23
1391 3912 1457 3982 ipsa]
1480 3916 1551 3981 ispes

306 3982 341 4032 25
362 3979 477 4048 quinam]
500 3983 599 4032 cuinam
672 3985 840 4048 aesquioquis
908 3983 942 4035 28
957 3985 1092 4050 pronuntio
1109 3983 1164 4036 illut
1235 3985 1269 4036 29
1288 3985 1359 4036 solus
1378 3986 1402 4035 in
1417 3985 1515 4035 inflexit

378 4136 394 4188 Β
413 4135 539 4204 quisquis]
559 4139 593 4200 es.
614 4139 724 4202 Pompei.
746 4155 774 4203 p.
794 4139 844 4190 251
869 4139 910 4192 ed.
931 4139 1008 4193 Lind.
1080 4140 1112 4190 11
1132 4139 1201 4205 apud
1220 4137 1374 4204 Terentium]
1393 4141 1491 4208 Heepr.
1510 4141 1521 4190 l
1541 4141 1565 4202 1,
1587 4141 1604 4191 8

307 4209 368 4271 quiu
386 4209 482 4274 spolies
500 4209 602 4259 mutiles
620 4209 727 4272 laceres,
746 4223 898 4273 quemquem
917 4216 991 4258 nacta
1009 4209 1045 4258 sis
1118 4211 1150 4260 12
1169 4211 1269 4260 mutiles
1287 4225 1337 4262 nou
1353 4211 1449 4262 laceres
1469 4209 1605 4261 Putsclrius

378 4277 410 4329 ta
434 4279 494 4327 item
519 4279 543 4327 iu
563 4280 679 4330 Verriuis
699 4279 800 4329 habetis
819 4279 845 4328 in
870 4279 914 4328 illa
933 4278 1096 4328 frumentaria
1115 4280 1246 4332 Ciceronis
1266 4281 1435 4330 ‘cuicuimodi
1454 4285 1508 4331 est’
1528 4281 1604 4331 Pom—

305 4349 386 4412 peius.
401 4350 426 4398 in
438 4348 616 4410 frumentaria,
633 4349 680 4399 boc
693 4357 734 4400 est
747 4351 774 4399 ia
792 4352 868 4400 tertia
884 4350 997 4398 oratione
1014 4351 1133 4408 Verrina,
1152 4350 1230 4400 verba
1248 4365 1297 4402 non
1315 4354 1446 4416 tepentium
1460 4352 1497 4401 od
1508 4351 1560 4401 Gie.
1578 4353 1605 4402 in

311 4419 389 4471 Verr.
408 4425 458 4472 art.
477 4434 527 4471 see.
543 4419 568 4469 V
585 4419 628 4483 41,
648 4418 698 4472 107
714 4425 840 4470 revocavit
854 4419 981 4484 Zranptias
996 4422 1022 4470 in
1039 4419 1090 4472 Cic.
1109 4422 1125 4470 l.
1143 4436 1165 4470 e.
1238 4421 1271 4470 22
1284 4419 1352 4471 idem
1370 4421 1393 4471 si
1411 4421 1524 4472 volueris
1541 4437 1603 4487 pro-

307 4491 408 4550 ducere,
424 4488 558 4538 masculini
575 4490 623 4538 erit
642 4491 754 4556 generis,
774 4492 841 4540 idem
856 4490 902 4552 vir,
923 4489 992 4538 idem
1003 4491 1100 4555 paries;
1118 4491 1141 4539 si
1154 4497 1239 4540 autem
1257 4491 1368 4542 volueris
1385 4492 1520 4559 corripere,
1540 4507 1605 4542 neu-

307 4567 372 4606 trum
389 4568 437 4616 est,
457 4560 524 4608 idem
538 4566 648 4624 tempus,
666 4560 733 4610 idem
754 4559 908 4624 mancipium
926 4559 1058 4625 Pompeius
1069 4575 1096 4623 p.
1112 4563 1164 4612 252
1180 4561 1221 4610 ed.
1241 4561 1318 4616 Lind.
1333 4561 1421 4611 eadem
1435 4565 1604 4627 praecepisse

304 4628 403 4678 videtvr
415 4629 559 4681 Gledonius.
577 4638 701 4692 corrupta
721 4640 802 4680 aman
819 4631 898 4680 aerbo
916 4645 981 4694 quae
998 4638 1144 4696 sequuntur,
1160 4632 1209 4680 nisi
1223 4634 1318 4682 cumino
1336 4631 1367 4680 ab
1385 4633 1432 4682 boe
1446 4635 1501 4682 loco
1515 4635 1605 4682 aliena

304 4704 371 4762 rant,
388 4697 453 4748 lane
466 4703 596 4751 continere
613 4699 729 4751 uidentur
744 4701 899 4763 sentientiam,
921 4701 987 4750 idem
1005 4709 1094 4751 neuim
1108 4717 1204 4766 ponere
1218 4708 1242 4752 et
1255 4703 1424 4752 nominatiores
1441 4717 1497 4752 esse
1516 4711 1541 4754 et
1557 4720 1603 4752 ae·

304 4769 452 4828 emmaum,
467 4771 603 4820 masmlino
620 4777 715 4821 tantaeve
732 4771 911 4823 ηοηίηαίίυηη.
932 4777 1040 4820 ceterum
1058 4773 1178 4834 triptoton
1197 4787 1335 4837 prononven
1356 4773 1395 4822 sui
1416 4773 1465 4822 sibi
1483 4788 1510 4822 se
1533 4774 1604 4826 dixit

305 4839 455 4890 Priscianus
467 4841 516 4891 ool.
533 4841 555 4888 ll
569 4855 596 4904 p.
616 4841 642 4901 2,
660 4841 676 4888 7
747 4840 782 4890 aa
796 4837 879 4906 soliis]
903 4839 983 4906 Verp.
1001 4841 1065 4896 Aen.
1086 4843 1118 4890 lll
1139 4844 1173 4894 22
