3350 5442
659 387 730 448 ARS
1277 378 1338 446 357

1144 502 1167 543 p.
1180 491 1237 532 ²040.
1252 492 1277 531 41
1292 489 1315 530 P.

50 576 131 653 gulis
154 574 371 636 cousuetudine
400 576 551 635 cernimus
579 576 734 635 inmutata.
779 580 895 633 constat
917 580 1017 634 tamen
1040 579 1069 631 et
1088 570 1254 649 'genitivum
1275 570 1340 649 plu-

52 678 150 739 ralem
172 681 204 738 in
226 680 288 737 ium
310 684 339 736 et
362 678 562 737 accusativum
585 676 732 754 pluralem
759 677 791 735 in
814 677 840 735 is
863 693 922 735 non
945 672 982 734 ab
1005 674 1072 735 aliis
1094 674 1206 751 regulis
1229 674 1340 741 venire,
1421 683 1424 689 '

50 798 142 859 quam
165 779 202 840 ab
224 779 368 858 hisquae
391 778 561 858 praedictae
584 786 667 846 sunt,
698 779 753 837 etsi
782 779 857 837 istae
885 779 968 856 ipsae
991 778 1022 835 iu
1045 794 1080 834 eo
1102 776 1160 835 rim
1183 793 1265 835 suam
1287 792 1343 835 nec

51 890 199 961 perpetua
222 880 428 942 observatione
451 879 632 940 custodiunt.
1322 892 1324 897 ·

29 998 41 1039 s
138 982 224 1043 Nunc
246 984 384 1063 quoniam
406 982 580 1062 plenissime
596 982 728 1041 exsecuti
751 999 852 1063 sumus
875 979 912 1041 ab
934 978 1064 1040 ablativo
1087 979 1231 1057 singulari
1253 996 1339 1057 regu·
1353 990 1411 1049 379,
1426 991 1457 1039 10

52 1086 97 1145 las
119 1086 237 1145 numeri
265 1083 404 1163 pluralis,
435 1086 512 1144 scire
541 1081 724 1161 generaliter
752 1080 896 1142 debemus
924 1099 989 1141 esse
1012 1080 1103 1140 multa
1126 1082 1245 1140 nomina
1268 1097 1343 1159 quae

56 1187 94 1247 ad
116 1189 209 1247 istum
230 1186 366 1246 ordinem
388 1206 447 1247 non
470 1186 649 1265 pertineant.
686 1182 716 1242 id
739 1182 812 1242 adeo
834 1183 947 1262 duplici
969 1182 1056 1242 modo
1078 1184 1185 1242 evenit.
1230 1184 1344 1262 primus

54 1289 163 1349 modus
184 1296 244 1358 est,
268 1288 346 1367 quod
369 1286 514 1367 quaedam
535 1288 654 1346 nomina
677 1302 732 1345 uec
754 1284 864 1345 eadunt
885 1287 917 1345 in
940 1283 994 1345 has
1014 1283 1141 1361 regulas
1165 1291 1198 1344 ut
1220 1291 1288 1344 suut
1310 1301 1344 1343 ea

54 1410 132 1469 quae
155 1409 273 1470 semper
295 1389 423 1468 pluralia
445 1396 527 1458 sunt,
553 1388 643 1449 veluti
660 1387 828 1448 Saturnalia
845 1385 1037 1465 Compitalia:
1060 1388 1131 1447 item
1155 1404 1212 1445 nou
1235 1386 1344 1445 cadunt

23 1511 44 1547 n
56 1492 202 1572 quaedam
225 1492 262 1552 de
284 1493 480 1570 monoptotis,
503 1499 537 1551 ut
559 1492 604 1551 las
627 1490 710 1549 uelas
732 1489 829 1558 virus;
853 1472 1091 1568 item'quaedam
1114 1488 1150 1547 de
1172 1488 1289 1566 aptotis,
1312 1494 1345 1547 ut

56 1602 101 1655 est
125 1612 265 1673 nequam,
289 1595 428 1673 quoniam
450 1595 549 1653 omnia
576 1592 650 1652 haec
672 1597 722 1651 aut
750 1590 879 1650 litteram
903 1589 1024 1651 ablativi
1047 1597 1098 1651 aut
1120 1579 1217 1667 ipsum
1240 1587 1344 1650 ablati·

56 1716 125 1756 rum
147 1714 207 1756 non
228 1694 339 1757 habent
361 1695 523 1773 singularis
545 1694 678 1762 numeri,
702 1712 718 1753 a
740 1692 849 1771 quibus
872 1692 1050 1770 dirigantur.
1080 1693 1180 1771 itaque
1202 1708 1254 1751 sua
1277 1708 1344 1769 pro·

58 1801 121 1877 pria
144 1797 349 1858 observatione
373 1797 570 1857 declinantur.
605 1794 755 1854 secundus
776 1793 881 1854 modus
904 1801 962 1865 est,
986 1792 1078 1873 quod,
1102 1794 1159 1853 etsi
1183 1780 1291 1853 cadunt
1313 1794 1344 1850 in

58 1900 205 1977 regulam,
234 1899 355 1977 regulae
383 1906 482 1960 tamen
510 1898 601 1958 veluti
631 1896 747 1958 addicta
776 1914 834 1956 non
861 1898 1010 1964 serviunt,
1039 1903 1072 1955 ut
1100 1891 1169 1955 suut
1202 1912 1236 1955 ea
1270 1912 1344 1973 quae

26 2017 178 2080 asemper
200 2002 363 2079 singularia
385 2008 470 2071 sunt,
498 2008 532 2061 ut
554 2001 621 2071 lux;
651 2002 722 2060 item
744 2016 820 2078 quac
843 1999 1003 2077 septimum
1025 2003 1139 2057 tantum
1161 2014 1262 2057 casum
1284 1998 1344 2055 siu·

60 2104 192 2180 gulareur
214 2103 340 2173 habent,
369 2107 402 2162 ut
424 2111 529 2181 sponte
550 2101 629 2163 tabo.
674 2101 750 2161 nihil
773 2101 854 2161 euim
877 2100 998 2180 prodest
1019 2118 1085 2159 esse
1108 2098 1223 2159 litteras
1245 2100 1276 2157 in
1298 2098 1345 2157 his

60 2204 230 2266 nominibus
256 2203 387 2265 ablativo
414 2204 559 2281 singulari
587 2202 716 2272 debitas,
746 2220 814 2262 cum
842 2202 899 2263 alia
927 2200 1074 2281 pluralem
1087 2203 1261 2261 numerum
1286 2218 1345 2259 non

62 2311 218 2385 attingant,
242 2306 299 2367 alia
322 2306 427 2367 eodem
449 2306 536 2366 modo
558 2324 617 2365 non
643 2311 768 2365 mutent.
813 2306 885 2364 item
907 2321 1012 2381 graeca
1035 2310 1139 2364 neutra
1161 2321 1236 2382 quae
1259 2320 1274 2361 e
1297 2302 1345 2362 lit·

61 2418 124 2469 tera
145 2417 282 2487 correpta
304 2410 520 2476 terminantur,
549 2414 582 2466 ut
609 2406 646 2467 ab
668 2406 725 2466 hoc
747 2406 927 2491 schemate..
953 2405 1026 2465 haec
1049 2407 1128 2465 euim
1150 2405 1279 2467 liberum
1301 2411 1346 2464 est

28 2510 145 2571 anobis
168 2518 197 2572 et
224 2510 260 2571 ad
288 2518 419 2571 nostram
448 2509 581 2587 regulam
610 2509 776 2577 declinare,
800 2515 833 2567 ut
855 2506 961 2567 horum
984 2507 1166 2568 schematum
1188 2508 1235 2568 his
1256 2513 1286 2566 et
1308 2504 1345 2565 ab

63 2613 109 2673 his
129 2611 344 2682 schematibus,
369 2620 398 2672 et
413 2613 445 2671 iu
460 2614 642 2671 contrarium
666 2610 789 2680 ducere,
813 2611 883 2689 quia
898 2617 998 2669 nostra
1021 2626 1079 2669 uon
1102 2617 1183 2679 sunt,
1207 2617 1240 2669 ut
1261 2608 1345 2668 sche-

62 2723 206 2775 matcrum
234 2714 393 2776 schematis
422 2712 620 2782 declinemus,
654 2714 732 2773 sicut
759 2712 934 2792 plerumque
963 2718 992 2771 et
1020 2712 1052 2771 in
1081 2710 1223 2773 Cicerone
1257 2718 1287 2771 ct
1315 2712 1345 2771 in

63 2816 189 2877 Varrone
212 2816 350 2893 legimus.

145 2920 240 2997 Atque
263 2917 318 2979 hae
334 2918 454 2998 quidem
476 2918 598 2995 regulae
621 2915 737 2977 abunde
760 2918 899 2977 sulficere
921 2916 1085 2977 creduntur
1107 2916 1143 2977 ad
1166 2914 1346 2976 emendatio-

30 3037 53 3075 aa
66 3038 131 3079 nem
153 3020 304 3099 loquendi.
324 3016 331 3102 l
349 3038 452 3079 rerum
473 3027 573 3080 tamen
594 3038 632 3078 ne
655 3021 686 3079 in
709 3021 774 3098 ipso
796 3017 925 3079 ablativo
948 3036 1018 3080 casu
1040 3019 1183 3096 singulari
1206 3020 1348 3079 divinatio

67 3124 160 3199 potius
188 3140 277 3202 quam
305 3124 383 3183 ratio
410 3129 546 3201 putetur,
576 3140 633 3201 qua
661 3122 707 3181 ria
735 3122 830 3211 veniri
859 3121 894 3181 ad
923 3139 990 3181 eum
1018 3127 1154 3201 oporteat
1180 3121 1346 3200 explicabo.

68 3224 152 3299 igitur
173 3224 210 3283 de
233 3224 346 3302 regidis
369 3224 529 3301 singularis
550 3226 668 3283 numeri
690 3241 783 3302 pauca
806 3223 931 3284 dicenda
953 3232 1032 3285 sunt.
1061 3226 1091 3283 in
1115 3242 1174 3304 quo
1195 3224 1268 3284 mihi
1291 3224 1347 3283 dil·

68 3326 140 3386 lirile
163 3335 192 3387 et
214 3326 339 3387 arduum
355 3326 474 3386 ridetur
495 3344 512 3385 a
534 3327 716 3386 nominativo
738 3327 872 3403 incipere
896 3326 1048 3402 singulari.
1087 3328 1112 3386 is
1135 3328 1215 3385 enim
1237 3326 1348 3385 nullam

69 3444 102 3486 ex
124 3446 153 3487 se
176 3429 239 3488 lere
268 3436 380 3489 certam
403 3430 548 3489 rationem
577 3430 701 3496 emittit,
730 3430 779 3487 cui
801 3430 914 3487 serviro
937 3432 1060 3488 neeesse
1083 3430 1121 3487 sit
1144 3427 1347 3488 condicionem

34 3545 184 3589 sensuum
206 3537 384 3589 ceterorum.
420 3548 488 3589 nam
510 3529 685 3610 plerumque
709 3548 764 3589 nec
786 3547 964 3597 consonans,
988 3528 1040 3589 ubi
1062 3529 1098 3589 ad
1122 3529 1348 3591 declinationem

70 3638 182 3691 rentum
204 3639 264 3700 est,
287 3648 346 3692 una
369 3630 517 3700 succedit,
541 3640 573 3691 ut
596 3650 688 3710 nepos
710 3634 844 3709 nepotis,
873 3638 973 3691 custos
996 3631 1141 3699 custodis,
1174 3630 1228 3691 llos
1250 3631 1347 3701 lloris;

72 3732 237 3812 plerumque
260 3731 391 3793 vocalem
415 3733 534 3811 quidem
559 3736 589 3794 in
613 3752 648 3792 eo
670 3735 797 3811 positam
818 3731 931 3812 obliqui
960 3750 1046 3793 casus
1068 3741 1200 3802 serrant,
1224 3742 1256 3793 ut
1278 3752 1347 3794 ecce

74 3833 137 3893 luno
163 3834 285 3894 lunonis
311 3836 400 3904 lacit;
429 3836 605 3914 plerumque
635 3853 692 3894 uon
721 3842 854 3903 servant,
890 3842 921 3894 ut
949 3835 1056 3915 cupido
1083 3836 1245 3913 cupidinis,
1280 3855 1349 3895 caro

74 3939 175 4007 caruis,
209 3939 284 3997 Anio
315 3938 453 4008 Anienis3
487 3938 663 4016 plerumque
697 3935 734 3996 ab
767 3936 870 3997 eodem
903 3938 1083 3997 nominativo
1116 3938 1207 3997 simili
1234 3937 1348 4018 obliqui
1404 3974 1411 3981 -

148 4174 165 4226 3
183 4191 250 4238 quae
272 4174 404 4240 prodictae
422 4184 482 4225 suut
503 4184 527 4224 et
545 4176 608 4224 istae
625 4176 648 4223 L
665 4190 730 4238 quse
753 4174 916 4241 supradicta
935 4181 993 4224 sunt
1011 4186 1036 4224 et
1053 4176 1091 4224 sic
1109 4176 1171 4225 istae
1189 4174 1220 4224 M
1289 4171 1346 4240 nec]
1375 4214 1383 4233 ,

76 4240 216 4295 hsethc
235 4259 285 4294 uon
304 4245 329 4294 B
397 4246 417 4295 5
429 4248 461 4295 ab
478 4260 522 4295 osse
541 4244 597 4295 BL
665 4242 864 4312 dgeueraliter]
890 4244 1040 4311 regulariter
1055 4244 1088 4294 M
1155 4244 1305 4296 ‘londinem
1323 4246 1349 4293 id

77 4322 109 4362 est
123 4315 221 4364 ablatiui
239 4330 290 4364 nou
308 4315 451 4381 pertineant
469 4316 495 4365 B
563 4314 580 4365 8
599 4330 645 4364 nee
658 4316 751 4364 cadunt
769 4315 871 4378 quidem
886 4316 910 4365 iu
929 4316 985 4366 BL
1054 4314 1236 4381 deompetalia
1249 4315 1283 4364 M

81 4382 106 4432 13
122 4386 243 4435 secundus
262 4386 353 4434 modus
372 4400 422 4447 quo
436 4385 492 4436 BL
511 4384 636 4435 secundus
661 4394 700 4435 est
718 4386 785 4449 quod
800 4384 835 4434 M
901 4386 933 4435 14
951 4394 979 4433 ut
996 4394 1055 4435 sunt
1074 4382 1114 4451 ea]
1136 4400 1167 4433 ea
1184 4394 1243 4434 sunt
1255 4385 1321 4434 ΒΜ
1326 4384 1349 4434 L

136 4455 167 4504 15
184 4455 288 4522 septimi
306 4463 402 4504 tautum
421 4470 496 4505 casus
514 4454 655 4520 singularia
673 4456 773 4517 (casum
792 4454 850 4519 sing
863 4452 901 4517 L)
920 4464 979 4503 suut
994 4454 1019 4503 B
1029 4456 1052 4503 L
1105 4454 1137 4505 18
1153 4460 1248 4505 molant
1267 4454 1300 4503 M

80 4520 129 4570 item
145 4533 200 4573 suut
217 4540 310 4591 graeca
325 4533 415 4575 neutra
432 4526 466 4574 M
479 4526 538 4574 item
555 4539 632 4589 greca
653 4526 755 4572 uomina
773 4533 863 4575 neutra
881 4525 905 4573 L
922 4524 982 4574 item
1000 4540 1093 4590 graeca
1109 4524 1135 4573 B
1203 4523 1238 4575 20
1254 4522 1349 4573 clinare

82 4586 132 4641 ML
196 4595 227 4645 21
250 4603 420 4645 scematorum
443 4595 562 4644 scematis
580 4593 612 4642 M
629 4593 785 4643 schematum
808 4594 945 4646 schematis
963 4595 988 4644 B
1010 4593 1177 4644 schemasturu
1196 4594 1306 4644 schemis
1325 4594 1349 4642 L

138 4665 170 4713 22
187 4663 260 4732 sicut]
278 4666 316 4714 sic
335 4666 365 4714 M
434 4668 563 4728 aspriora
577 4665 631 4714 loeo
645 4679 692 4713 ors.
705 4663 740 4712 M
806 4665 831 4713 iu
843 4667 985 4729 posteriorc
1002 4665 1057 4715 loeo
1072 4680 1118 4715 om.
1137 4666 1175 4714 L:
1192 4664 1227 4728 es.
1249 4663 1349 4715 Charis.

77 4732 204 4791 1153,Ῑῖ-
224 4734 284 4797 123,
301 4734 326 4788 3.
348 4732 462 4795 131,10.
483 4733 542 4799 140,
557 4734 583 4789 5,
606 4734 665 4796 141,
680 4734 715 4785 ⁰29
785 4734 817 4784 31
833 4734 946 4784 succedit
960 4734 998 4797 (iu
1017 4734 1129 4799 genitium
1147 4732 1261 4797 aaran)
1281 4742 1307 4784 ut
1319 4734 1350 4783 M

140 4803 170 4853 32
188 4805 288 4869 quidem
305 4820 351 4857 ora
367 4804 400 4854 M
467 4814 495 4854 ut
513 4800 581 4871 eece]
598 4807 624 4856 in
641 4819 721 4871 marg.
739 4804 825 4858 carbo.
848 4807 904 4854 ouis
923 4818 1099 4872 agamemnon.
1119 4805 1175 4855 onis
1193 4805 1255 4861 add.
1271 4820 1294 4855 m

81 4866 111 4919 33
128 4886 171 4922 nou
189 4876 322 4926 obserbent
335 4875 368 4925 M
