<?xml version="1.0" encoding="UTF-8"?>
<!DOCTYPE html PUBLIC "-//W3C//DTD XHTML 1.0 Transitional//EN"
    "http://www.w3.org/TR/xhtml1/DTD/xhtml1-transitional.dtd">
<html xmlns="http://www.w3.org/1999/xhtml" xml:lang="en" lang="en">
 <head>
  <title>
</title>
<meta http-equiv="Content-Type" content="text/html;charset=utf-8" />
  <meta name='ocr-system' content='tesseract 3.04.00' />
  <meta name='ocr-capabilities' content='ocr_page ocr_carea ocr_par ocr_line ocrx_word'/>
</head>
<body>
  <div class='ocr_page' id='page_1' title='image "./grammaticilatin02hagagoog_0570.png"; bbox 0 0 3350 5442; ppageno 0'>
   <div class='ocr_carea' id='block_1_1' title="bbox 553 325 1385 396">
    <p class='ocr_par' dir='ltr' id='par_1_1' title="bbox 553 325 1385 396">
     <span class='ocr_line' id='line_1_1' title="bbox 553 325 1385 396; baseline -0.007 0"><span class='ocrx_word' id='word_1_1' title='bbox 553 334 601 396; x_wconf 86' lang='lat' dir='ltr'><strong>DE</strong></span> <span class='ocrx_word' id='word_1_2' title='bbox 624 333 770 394; x_wconf 78' lang='lat' dir='ltr'><strong>NOMINE</strong></span> <span class='ocrx_word' id='word_1_3' title='bbox 794 335 927 392; x_wconf 75' lang='lat'><strong>22-32</strong></span> <span class='ocrx_word' id='word_1_4' title='bbox 1323 325 1385 390; x_wconf 81' lang='lat'><strong>561</strong></span> 
     </span>
    </p>
   </div>
   <div class='ocr_carea' id='block_1_2' title="bbox 46 438 1387 4576">
    <p class='ocr_par' dir='ltr' id='par_1_2' title="bbox 96 438 1386 907">
     <span class='ocr_line' id='line_1_2' title="bbox 1197 438 1361 491; baseline -0.006 -14"><span class='ocrx_word' id='word_1_5' title='bbox 1197 438 1361 491; x_wconf 58' lang='lat' dir='ltr'><strong>pmcn</strong></span> 
     </span>
     <span class='ocr_line' id='line_1_3' title="bbox 96 518 1385 602; baseline -0.002 -20"><span class='ocrx_word' id='word_1_6' title='bbox 96 523 271 602; x_wconf 88' lang='lat' dir='ltr'><strong>cuspidum,</strong></span> <span class='ocrx_word' id='word_1_7' title='bbox 300 523 391 582; x_wconf 89' lang='lat' dir='ltr'><strong>cassis</strong></span> <span class='ocrx_word' id='word_1_8' title='bbox 418 523 542 582; x_wconf 83' lang='lat' dir='ltr'><strong>cassidis</strong></span> <span class='ocrx_word' id='word_1_9' title='bbox 570 521 684 582; x_wconf 82' lang='lat' dir='ltr'><strong>casside</strong></span> <span class='ocrx_word' id='word_1_10' title='bbox 714 521 876 589; x_wconf 78' lang='lat' dir='ltr'><strong>cassidum,</strong></span> <span class='ocrx_word' id='word_1_11' title='bbox 905 519 1023 579; x_wconf 83' lang='lat' dir='ltr'><strong>Samnis</strong></span> <span class='ocrx_word' id='word_1_12' title='bbox 1050 519 1182 578; x_wconf 81' lang='lat' dir='ltr'><strong>Samnite</strong></span> <span class='ocrx_word' id='word_1_13' title='bbox 1210 518 1385 588; x_wconf 79' lang='lat' dir='ltr'><strong>Samnitum,</strong></span> 
     </span>
     <span class='ocr_line' id='line_1_4' title="bbox 96 621 1385 702; baseline -0.004 -18"><span class='ocrx_word' id='word_1_14' title='bbox 96 626 171 685; x_wconf 87' lang='lat' dir='ltr'><strong>licet</strong></span> <span class='ocrx_word' id='word_1_15' title='bbox 199 625 345 685; x_wconf 85' lang='lat' dir='ltr'><strong>Salustius</strong></span> <span class='ocrx_word' id='word_1_16' title='bbox 374 624 550 684; x_wconf 86' lang='lat' dir='ltr'><strong>Samnitium</strong></span> <span class='ocrx_word' id='word_1_17' title='bbox 579 625 696 683; x_wconf 85' lang='lat' dir='ltr'><strong>dixerit.</strong></span> <span class='ocrx_word' id='word_1_18' title='bbox 742 625 891 702; x_wconf 81' lang='lat' dir='ltr'><strong>excipitur</strong></span> <span class='ocrx_word' id='word_1_19' title='bbox 918 641 1008 682; x_wconf 92' lang='lat' dir='ltr'><strong>unum</strong></span> <span class='ocrx_word' id='word_1_20' title='bbox 1037 621 1076 681; x_wconf 88' lang='lat' dir='ltr'><strong>lis</strong></span> <span class='ocrx_word' id='word_1_21' title='bbox 1103 621 1166 680; x_wconf 88' lang='lat' dir='ltr'><strong>litis</strong></span> <span class='ocrx_word' id='word_1_22' title='bbox 1198 621 1249 680; x_wconf 89' lang='lat' dir='ltr'><strong>lite</strong></span> <span class='ocrx_word' id='word_1_23' title='bbox 1279 621 1385 690; x_wconf 89' lang='lat' dir='ltr'><strong>litium,</strong></span> 
     </span>
     <span class='ocr_line' id='line_1_5' title="bbox 98 724 1386 802; baseline -0.003 -16"><span class='ocrx_word' id='word_1_24' title='bbox 98 747 158 787; x_wconf 91' lang='lat' dir='ltr'><strong>non</strong></span> <span class='ocrx_word' id='word_1_25' title='bbox 182 727 278 787; x_wconf 93' lang='lat' dir='ltr'><strong>litum.</strong></span> <span class='ocrx_word' id='word_1_26' title='bbox 323 727 422 786; x_wconf 79' lang='lat' dir='ltr'><strong>oninia</strong></span> <span class='ocrx_word' id='word_1_27' title='bbox 445 729 471 786; x_wconf 90' lang='lat' dir='ltr'><strong>is</strong></span> <span class='ocrx_word' id='word_1_28' title='bbox 493 727 651 786; x_wconf 87' lang='lat' dir='ltr'><strong>terminata</strong></span> <span class='ocrx_word' id='word_1_29' title='bbox 672 742 793 802; x_wconf 87' lang='lat' dir='ltr'><strong>graeca,</strong></span> <span class='ocrx_word' id='word_1_30' title='bbox 822 743 877 785; x_wconf 92' lang='lat' dir='ltr'><strong>seu</strong></span> <span class='ocrx_word' id='word_1_31' title='bbox 898 724 1060 784; x_wconf 89' lang='lat' dir='ltr'><strong>masculina</strong></span> <span class='ocrx_word' id='word_1_32' title='bbox 1083 741 1136 782; x_wconf 91' lang='lat' dir='ltr'><strong>seu</strong></span> <span class='ocrx_word' id='word_1_33' title='bbox 1157 724 1300 783; x_wconf 83' lang='lat' dir='ltr'><strong>feminina</strong></span> <span class='ocrx_word' id='word_1_34' title='bbox 1321 724 1386 782; x_wconf 88' lang='grc'>133-</span> 
     </span>
     <span class='ocr_line' id='line_1_6' title="bbox 98 825 1386 907; baseline -0.005 -18"><span class='ocrx_word' id='word_1_35' title='bbox 98 832 176 898; x_wconf 92' lang='lat' dir='ltr'><strong>rint,</strong></span> <span class='ocrx_word' id='word_1_36' title='bbox 201 829 327 889; x_wconf 91' lang='lat' dir='ltr'><strong>ablativo</strong></span> <span class='ocrx_word' id='word_1_37' title='bbox 355 828 499 905; x_wconf 83' lang='lat' dir='ltr'><strong>singulari</strong></span> <span class='ocrx_word' id='word_1_38' title='bbox 521 846 538 888; x_wconf 91' lang='lat' dir='ltr'><strong>e</strong></span> <span class='ocrx_word' id='word_1_39' title='bbox 560 829 703 888; x_wconf 82' lang='lat' dir='ltr'><strong>liniuntur</strong></span> <span class='ocrx_word' id='word_1_40' title='bbox 730 845 823 907; x_wconf 89' lang='lat' dir='ltr'><strong>eaque</strong></span> <span class='ocrx_word' id='word_1_41' title='bbox 851 829 883 887; x_wconf 91' lang='lat' dir='ltr'><strong>in</strong></span> <span class='ocrx_word' id='word_1_42' title='bbox 910 845 960 888; x_wconf 92' lang='lat' dir='ltr'><strong>um</strong></span> <span class='ocrx_word' id='word_1_43' title='bbox 982 844 1124 887; x_wconf 90' lang='lat' dir='ltr'><strong>conversa</strong></span> <span class='ocrx_word' id='word_1_44' title='bbox 1146 825 1276 885; x_wconf 91' lang='lat' dir='ltr'><strong>reddunt</strong></span> <span class='ocrx_word' id='word_1_45' title='bbox 1296 844 1333 886; x_wconf 81' lang='lat' dir='ltr'><strong>ex</strong></span> <span class='ocrx_word' id='word_1_46' title='bbox 1354 845 1386 884; x_wconf 93' lang='lat' dir='ltr'><strong>se</strong></span> 
     </span>
    </p>

    <p class='ocr_par' dir='ltr' id='par_1_3' title="bbox 61 927 1385 1102">
     <span class='ocr_line' id='line_1_7' title="bbox 61 927 1385 1009; baseline -0.002 -19"><span class='ocrx_word' id='word_1_47' title='bbox 61 947 77 981; x_wconf 77' lang='lat' dir='ltr'><strong>s</strong></span> <span class='ocrx_word' id='word_1_48' title='bbox 97 933 263 1008; x_wconf 84' lang='lat' dir='ltr'><strong>genitivum</strong></span> <span class='ocrx_word' id='word_1_49' title='bbox 286 929 449 1009; x_wconf 88' lang='lat' dir='ltr'><strong>pluralem,</strong></span> <span class='ocrx_word' id='word_1_50' title='bbox 479 937 510 990; x_wconf 95' lang='lat' dir='ltr'><strong>ut</strong></span> <span class='ocrx_word' id='word_1_51' title='bbox 532 929 616 990; x_wconf 91' lang='lat' dir='ltr'><strong>Paris</strong></span> <span class='ocrx_word' id='word_1_52' title='bbox 644 929 751 990; x_wconf 90' lang='lat' dir='ltr'><strong>Paride</strong></span> <span class='ocrx_word' id='word_1_53' title='bbox 773 929 929 998; x_wconf 89' lang='lat' dir='ltr'><strong>Paridum,</strong></span> <span class='ocrx_word' id='word_1_54' title='bbox 958 928 1091 1006; x_wconf 84' lang='lat' dir='ltr'><strong>Daphnis</strong></span> <span class='ocrx_word' id='word_1_55' title='bbox 1112 927 1266 1006; x_wconf 85' lang='lat' dir='ltr'><strong>Daphnide</strong></span> <span class='ocrx_word' id='word_1_56' title='bbox 1288 927 1385 1006; x_wconf 89' lang='lat' dir='ltr'><strong>Daph·</strong></span> 
     </span>
     <span class='ocr_line' id='line_1_8' title="bbox 98 1031 1013 1102; baseline -0.003 -9"><span class='ocrx_word' id='word_1_57' title='bbox 98 1033 218 1100; x_wconf 86' lang='lat' dir='ltr'><strong>nidum,</strong></span> <span class='ocrx_word' id='word_1_58' title='bbox 241 1032 310 1092; x_wconf 92' lang='lat' dir='ltr'><strong>Lais</strong></span> <span class='ocrx_word' id='word_1_59' title='bbox 332 1032 422 1094; x_wconf 85' lang='lat' dir='ltr'><strong>Laide</strong></span> <span class='ocrx_word' id='word_1_60' title='bbox 445 1032 584 1102; x_wconf 87' lang='lat' dir='ltr'><strong>Laidum,</strong></span> <span class='ocrx_word' id='word_1_61' title='bbox 607 1032 699 1093; x_wconf 84' lang='lat' dir='ltr'><strong>Thais</strong></span> <span class='ocrx_word' id='word_1_62' title='bbox 721 1032 834 1092; x_wconf 85' lang='lat' dir='ltr'><strong>Thaide</strong></span> <span class='ocrx_word' id='word_1_63' title='bbox 857 1031 1013 1091; x_wconf 84' lang='lat' dir='ltr'><strong>Thaidum.</strong></span> 
     </span>
    </p>

    <p class='ocr_par' dir='ltr' id='par_1_4' title="bbox 94 1132 1387 1418">
     <span class='ocr_line' id='line_1_9' title="bbox 184 1132 1385 1205; baseline -0.003 -10"><span class='ocrx_word' id='word_1_64' title='bbox 184 1135 289 1195; x_wconf 88' lang='lat' dir='ltr'><strong>Omnia</strong></span> <span class='ocrx_word' id='word_1_65' title='bbox 312 1137 343 1195; x_wconf 90' lang='lat' dir='ltr'><strong>in</strong></span> <span class='ocrx_word' id='word_1_66' title='bbox 365 1153 398 1194; x_wconf 91' lang='lat' dir='ltr'><strong>os</strong></span> <span class='ocrx_word' id='word_1_67' title='bbox 420 1134 586 1196; x_wconf 85' lang='lat' dir='ltr'><strong>desinentia</strong></span> <span class='ocrx_word' id='word_1_68' title='bbox 609 1134 714 1205; x_wconf 88' lang='lat' dir='ltr'><strong>latina,</strong></span> <span class='ocrx_word' id='word_1_69' title='bbox 738 1153 791 1194; x_wconf 91' lang='lat' dir='ltr'><strong>seu</strong></span> <span class='ocrx_word' id='word_1_70' title='bbox 813 1133 976 1194; x_wconf 90' lang='lat' dir='ltr'><strong>masculina</strong></span> <span class='ocrx_word' id='word_1_71' title='bbox 999 1152 1052 1194; x_wconf 90' lang='lat' dir='ltr'><strong>seu</strong></span> <span class='ocrx_word' id='word_1_72' title='bbox 1074 1134 1215 1193; x_wconf 77' lang='lat' dir='ltr'><strong>feminina</strong></span> <span class='ocrx_word' id='word_1_73' title='bbox 1239 1132 1284 1192; x_wconf 89' lang='lat' dir='ltr'><strong>vel</strong></span> <span class='ocrx_word' id='word_1_74' title='bbox 1306 1151 1385 1192; x_wconf 94' lang='lat' dir='ltr'><strong>com-</strong></span> 
     </span>
     <span class='ocr_line' id='line_1_10' title="bbox 95 1235 1387 1316; baseline -0.002 -20"><span class='ocrx_word' id='word_1_75' title='bbox 95 1240 214 1307; x_wconf 79' lang='grc'>313313,</span> <span class='ocrx_word' id='word_1_76' title='bbox 239 1236 365 1298; x_wconf 89' lang='lat' dir='ltr'><strong>ablativo</strong></span> <span class='ocrx_word' id='word_1_77' title='bbox 388 1253 457 1297; x_wconf 89' lang='lat' dir='ltr'><strong>casu</strong></span> <span class='ocrx_word' id='word_1_78' title='bbox 481 1235 624 1314; x_wconf 86' lang='lat' dir='ltr'><strong>singulari</strong></span> <span class='ocrx_word' id='word_1_79' title='bbox 646 1255 662 1296; x_wconf 92' lang='lat' dir='ltr'><strong>e</strong></span> <span class='ocrx_word' id='word_1_80' title='bbox 685 1237 827 1297; x_wconf 84' lang='lat' dir='ltr'><strong>liniuntur</strong></span> <span class='ocrx_word' id='word_1_81' title='bbox 855 1255 948 1316; x_wconf 87' lang='lat' dir='ltr'><strong>eaque</strong></span> <span class='ocrx_word' id='word_1_82' title='bbox 977 1238 1007 1296; x_wconf 89' lang='lat' dir='ltr'><strong>in</strong></span> <span class='ocrx_word' id='word_1_83' title='bbox 1035 1254 1087 1296; x_wconf 91' lang='lat' dir='ltr'><strong>um</strong></span> <span class='ocrx_word' id='word_1_84' title='bbox 1108 1253 1250 1295; x_wconf 90' lang='lat' dir='ltr'><strong>conversa</strong></span> <span class='ocrx_word' id='word_1_85' title='bbox 1271 1236 1387 1294; x_wconf 84' lang='lat' dir='ltr'><strong>iaciunt</strong></span> 
     </span>
     <span class='ocr_line' id='line_1_11' title="bbox 94 1337 1386 1418; baseline 0 -20"><span class='ocrx_word' id='word_1_86' title='bbox 94 1342 261 1416; x_wconf 86' lang='lat' dir='ltr'><strong>genitivum</strong></span> <span class='ocrx_word' id='word_1_87' title='bbox 283 1339 443 1418; x_wconf 87' lang='lat' dir='ltr'><strong>pluralem,</strong></span> <span class='ocrx_word' id='word_1_88' title='bbox 468 1346 499 1399; x_wconf 92' lang='grc'><strong>31</strong></span> <span class='ocrx_word' id='word_1_89' title='bbox 521 1345 620 1398; x_wconf 90' lang='lat' dir='ltr'><strong>custos</strong></span> <span class='ocrx_word' id='word_1_90' title='bbox 642 1338 762 1398; x_wconf 89' lang='lat' dir='ltr'><strong>custode</strong></span> <span class='ocrx_word' id='word_1_91' title='bbox 785 1339 956 1408; x_wconf 87' lang='lat' dir='ltr'><strong>custodum,</strong></span> <span class='ocrx_word' id='word_1_92' title='bbox 978 1339 1033 1398; x_wconf 89' lang='lat' dir='ltr'><strong>ilos</strong></span> <span class='ocrx_word' id='word_1_93' title='bbox 1054 1337 1127 1398; x_wconf 83' lang='lat' dir='ltr'><strong>hore</strong></span> <span class='ocrx_word' id='word_1_94' title='bbox 1149 1337 1270 1406; x_wconf 87' lang='lat' dir='ltr'><strong>ilerum,</strong></span> <span class='ocrx_word' id='word_1_95' title='bbox 1294 1356 1386 1416; x_wconf 90' lang='lat' dir='ltr'><strong>nepos</strong></span> 
     </span>
    </p>

    <p class='ocr_par' dir='ltr' id='par_1_5' title="bbox 46 1440 1386 1926">
     <span class='ocr_line' id='line_1_12' title="bbox 46 1440 1385 1521; baseline 0 -21"><span class='ocrx_word' id='word_1_96' title='bbox 46 1450 205 1520; x_wconf 74' lang='lat' dir='ltr'><strong>waepero</strong></span> <span class='ocrx_word' id='word_1_97' title='bbox 228 1449 378 1521; x_wconf 82' lang='lat' dir='ltr'><strong>nepotum.</strong></span> <span class='ocrx_word' id='word_1_98' title='bbox 423 1448 529 1501; x_wconf 90' lang='lat' dir='ltr'><strong>neutra</strong></span> <span class='ocrx_word' id='word_1_99' title='bbox 556 1443 677 1501; x_wconf 91' lang='lat' dir='ltr'><strong>omnino</strong></span> <span class='ocrx_word' id='word_1_100' title='bbox 705 1440 763 1500; x_wconf 92' lang='lat' dir='ltr'><strong>duo</strong></span> <span class='ocrx_word' id='word_1_101' title='bbox 791 1447 861 1508; x_wconf 15' lang='lat' dir='ltr'><strong>stunt</strong></span> <span class='ocrx_word' id='word_1_102' title='bbox 887 1459 962 1520; x_wconf 90' lang='lat' dir='ltr'><strong>quae</strong></span> <span class='ocrx_word' id='word_1_103' title='bbox 991 1443 1022 1500; x_wconf 89' lang='lat' dir='ltr'><strong>in</strong></span> <span class='ocrx_word' id='word_1_104' title='bbox 1045 1459 1078 1500; x_wconf 94' lang='lat' dir='ltr'><strong>os</strong></span> <span class='ocrx_word' id='word_1_105' title='bbox 1100 1440 1234 1510; x_wconf 88' lang='lat' dir='ltr'><strong>veniant,</strong></span> <span class='ocrx_word' id='word_1_106' title='bbox 1258 1440 1385 1500; x_wconf 90' lang='lat' dir='ltr'><strong>alterum</strong></span> 
     </span>
     <span class='ocr_line' id='line_1_13' title="bbox 94 1541 1383 1622; baseline 0.001 -20"><span class='ocrx_word' id='word_1_107' title='bbox 94 1545 255 1622; x_wconf 87' lang='lat' dir='ltr'><strong>producte,</strong></span> <span class='ocrx_word' id='word_1_108' title='bbox 285 1543 411 1604; x_wconf 90' lang='lat' dir='ltr'><strong>alterum</strong></span> <span class='ocrx_word' id='word_1_109' title='bbox 440 1551 592 1622; x_wconf 88' lang='lat' dir='ltr'><strong>correpte,</strong></span> <span class='ocrx_word' id='word_1_110' title='bbox 622 1551 655 1604; x_wconf 88' lang='lat' dir='ltr'><strong>ut</strong></span> <span class='ocrx_word' id='word_1_111' title='bbox 682 1563 715 1602; x_wconf 92' lang='lat' dir='ltr'><strong>os</strong></span> <span class='ocrx_word' id='word_1_112' title='bbox 743 1545 805 1602; x_wconf 91' lang='lat' dir='ltr'><strong>oris</strong></span> <span class='ocrx_word' id='word_1_113' title='bbox 832 1544 877 1602; x_wconf 90' lang='lat' dir='ltr'><strong>ori</strong></span> <span class='ocrx_word' id='word_1_114' title='bbox 899 1562 932 1603; x_wconf 94' lang='lat' dir='ltr'><strong>os</strong></span> <span class='ocrx_word' id='word_1_115' title='bbox 954 1541 992 1602; x_wconf 92' lang='lat' dir='ltr'><strong>ab</strong></span> <span class='ocrx_word' id='word_1_116' title='bbox 1014 1561 1066 1602; x_wconf 92' lang='lat' dir='ltr'><strong>ore</strong></span> <span class='ocrx_word' id='word_1_117' title='bbox 1089 1561 1139 1602; x_wconf 91' lang='lat' dir='ltr'><strong>ora</strong></span> <span class='ocrx_word' id='word_1_118' title='bbox 1162 1560 1248 1602; x_wconf 92' lang='lat' dir='ltr'><strong>orum</strong></span> <span class='ocrx_word' id='word_1_119' title='bbox 1271 1541 1383 1612; x_wconf 92' lang='lat' dir='ltr'><strong>oribus,</strong></span> 
     </span>
     <span class='ocr_line' id='line_1_14' title="bbox 95 1645 1383 1722; baseline 0.001 -18"><span class='ocrx_word' id='word_1_120' title='bbox 95 1649 170 1706; x_wconf 90' lang='lat' dir='ltr'><strong>item</strong></span> <span class='ocrx_word' id='word_1_121' title='bbox 193 1666 226 1705; x_wconf 90' lang='lat' dir='ltr'><strong>os</strong></span> <span class='ocrx_word' id='word_1_122' title='bbox 248 1647 322 1707; x_wconf 84' lang='lat' dir='ltr'><strong>ossis</strong></span> <span class='ocrx_word' id='word_1_123' title='bbox 345 1647 405 1706; x_wconf 89' lang='lat' dir='ltr'><strong>ossi</strong></span> <span class='ocrx_word' id='word_1_124' title='bbox 428 1665 460 1705; x_wconf 91' lang='lat' dir='ltr'><strong>os</strong></span> <span class='ocrx_word' id='word_1_125' title='bbox 483 1645 520 1704; x_wconf 91' lang='lat' dir='ltr'><strong>ab</strong></span> <span class='ocrx_word' id='word_1_126' title='bbox 536 1663 602 1705; x_wconf 91' lang='lat' dir='ltr'><strong>osse</strong></span> <span class='ocrx_word' id='word_1_127' title='bbox 617 1663 682 1704; x_wconf 91' lang='lat' dir='ltr'><strong>ossa</strong></span> <span class='ocrx_word' id='word_1_128' title='bbox 699 1662 818 1705; x_wconf 90' lang='lat' dir='ltr'><strong>ossuum</strong></span> <span class='ocrx_word' id='word_1_129' title='bbox 834 1645 962 1704; x_wconf 90' lang='lat' dir='ltr'><strong>ossibus.</strong></span> <span class='ocrx_word' id='word_1_130' title='bbox 992 1647 1023 1705; x_wconf 93' lang='lat' dir='ltr'><strong>in</strong></span> <span class='ocrx_word' id='word_1_131' title='bbox 1039 1664 1073 1704; x_wconf 92' lang='lat' dir='ltr'><strong>os</strong></span> <span class='ocrx_word' id='word_1_132' title='bbox 1087 1645 1253 1704; x_wconf 86' lang='lat' dir='ltr'><strong>desinentia</strong></span> <span class='ocrx_word' id='word_1_133' title='bbox 1268 1662 1383 1722; x_wconf 88' lang='lat' dir='ltr'><strong>graeca,</strong></span> 
     </span>
     <span class='ocr_line' id='line_1_15' title="bbox 94 1746 1386 1825; baseline -0.001 -18"><span class='ocrx_word' id='word_1_134' title='bbox 94 1752 120 1807; x_wconf 91' lang='lat' dir='ltr'><strong>si</strong></span> <span class='ocrx_word' id='word_1_135' title='bbox 145 1755 281 1808; x_wconf 88' lang='lat' dir='ltr'><strong>crescant</strong></span> <span class='ocrx_word' id='word_1_136' title='bbox 307 1749 338 1806; x_wconf 93' lang='lat' dir='ltr'><strong>in</strong></span> <span class='ocrx_word' id='word_1_137' title='bbox 366 1749 495 1824; x_wconf 84' lang='lat' dir='ltr'><strong>genitivo</strong></span> <span class='ocrx_word' id='word_1_138' title='bbox 523 1747 681 1824; x_wconf 84' lang='lat' dir='ltr'><strong>singulari,</strong></span> <span class='ocrx_word' id='word_1_139' title='bbox 712 1765 802 1825; x_wconf 91' lang='lat' dir='ltr'><strong>snpra</strong></span> <span class='ocrx_word' id='word_1_140' title='bbox 825 1747 921 1807; x_wconf 89' lang='lat' dir='ltr'><strong>dictae</strong></span> <span class='ocrx_word' id='word_1_141' title='bbox 943 1747 1063 1824; x_wconf 87' lang='lat' dir='ltr'><strong>regulae</strong></span> <span class='ocrx_word' id='word_1_142' title='bbox 1085 1749 1233 1814; x_wconf 86' lang='lat' dir='ltr'><strong>serviunt,</strong></span> <span class='ocrx_word' id='word_1_143' title='bbox 1258 1752 1291 1805; x_wconf 91' lang='lat' dir='ltr'><strong>nt</strong></span> <span class='ocrx_word' id='word_1_144' title='bbox 1311 1746 1386 1806; x_wconf 84' lang='lat' dir='ltr'><strong>Eros</strong></span> 
     </span>
     <span class='ocr_line' id='line_1_16' title="bbox 95 1849 1385 1926; baseline 0 -18"><span class='ocrx_word' id='word_1_145' title='bbox 95 1849 197 1909; x_wconf 84' lang='lat' dir='ltr'><strong>Erotis</strong></span> <span class='ocrx_word' id='word_1_146' title='bbox 219 1850 307 1925; x_wconf 79' lang='lat' dir='ltr'><strong>Erote</strong></span> <span class='ocrx_word' id='word_1_147' title='bbox 330 1849 467 1919; x_wconf 87' lang='lat' dir='ltr'><strong>Eretum,</strong></span> <span class='ocrx_word' id='word_1_148' title='bbox 492 1849 579 1909; x_wconf 91' lang='lat' dir='ltr'><strong>heros</strong></span> <span class='ocrx_word' id='word_1_149' title='bbox 601 1849 703 1908; x_wconf 88' lang='lat' dir='ltr'><strong>herois</strong></span> <span class='ocrx_word' id='word_1_150' title='bbox 725 1849 816 1908; x_wconf 84' lang='lat' dir='ltr'><strong>beroe</strong></span> <span class='ocrx_word' id='word_1_151' title='bbox 838 1850 978 1919; x_wconf 90' lang='lat' dir='ltr'><strong>hercum;</strong></span> <span class='ocrx_word' id='word_1_152' title='bbox 1002 1852 1026 1909; x_wconf 90' lang='lat' dir='ltr'><strong>si</strong></span> <span class='ocrx_word' id='word_1_153' title='bbox 1043 1868 1102 1909; x_wconf 94' lang='lat' dir='ltr'><strong>non</strong></span> <span class='ocrx_word' id='word_1_154' title='bbox 1117 1855 1267 1917; x_wconf 87' lang='lat' dir='ltr'><strong>crescant,</strong></span> <span class='ocrx_word' id='word_1_155' title='bbox 1291 1851 1385 1926; x_wconf 93' lang='lat' dir='ltr'><strong>magis</strong></span> 
     </span>
    </p>

    <p class='ocr_par' dir='ltr' id='par_1_6' title="bbox 48 1950 1384 2438">
     <span class='ocr_line' id='line_1_17' title="bbox 48 1950 1383 2035; baseline -0.001 -25"><span class='ocrx_word' id='word_1_156' title='bbox 48 1969 76 2004; x_wconf 87' lang='lat'><strong>1··</strong></span> <span class='ocrx_word' id='word_1_157' title='bbox 95 1953 235 2035; x_wconf 81' lang='lat' dir='ltr'><strong>propriae</strong></span> <span class='ocrx_word' id='word_1_158' title='bbox 258 1950 377 2028; x_wconf 83' lang='lat' dir='ltr'><strong>regulae</strong></span> <span class='ocrx_word' id='word_1_159' title='bbox 399 1969 487 2030; x_wconf 86' lang='lat' dir='ltr'><strong>quam</strong></span> <span class='ocrx_word' id='word_1_160' title='bbox 514 1951 623 2012; x_wconf 87' lang='lat' dir='ltr'><strong>latinae</strong></span> <span class='ocrx_word' id='word_1_161' title='bbox 651 1950 862 2019; x_wconf 91' lang='lat' dir='ltr'><strong>subiacebunt,</strong></span> <span class='ocrx_word' id='word_1_162' title='bbox 892 1959 925 2011; x_wconf 92' lang='lat' dir='ltr'><strong>ut</strong></span> <span class='ocrx_word' id='word_1_163' title='bbox 946 1951 1089 2012; x_wconf 71' lang='lat' dir='ltr'><strong>l‘eneleos</strong></span> <span class='ocrx_word' id='word_1_164' title='bbox 1111 1951 1232 2011; x_wconf 89' lang='lat' dir='ltr'><strong>Penelei</strong></span> <span class='ocrx_word' id='word_1_165' title='bbox 1254 1970 1307 2010; x_wconf 89' lang='lat' dir='ltr'><strong>seu</strong></span> <span class='ocrx_word' id='word_1_166' title='bbox 1329 1950 1383 2010; x_wconf 92' lang='lat' dir='ltr'><strong>Pe·</strong></span> 
     </span>
     <span class='ocr_line' id='line_1_18' title="bbox 93 2051 1384 2133; baseline -0.001 -21"><span class='ocrx_word' id='word_1_167' title='bbox 93 2054 196 2122; x_wconf 88' lang='lat' dir='ltr'><strong>neleo,</strong></span> <span class='ocrx_word' id='word_1_168' title='bbox 230 2051 428 2133; x_wconf 75' lang='lat' dir='ltr'><strong>Androgeosl</strong></span> <span class='ocrx_word' id='word_1_169' title='bbox 459 2053 608 2130; x_wconf 77' lang='lat' dir='ltr'><strong>Androgei</strong></span> <span class='ocrx_word' id='word_1_170' title='bbox 643 2071 696 2112; x_wconf 91' lang='lat' dir='ltr'><strong>seu</strong></span> <span class='ocrx_word' id='word_1_171' title='bbox 718 2052 890 2130; x_wconf 77' lang='lat' dir='ltr'><strong>Androgeo:</strong></span> <span class='ocrx_word' id='word_1_172' title='bbox 924 2056 1159 2133; x_wconf 70' lang='lat' dir='ltr'><strong>‘primusque</strong></span> <span class='ocrx_word' id='word_1_173' title='bbox 1197 2052 1384 2114; x_wconf 87' lang='lat' dir='ltr'><strong>Coroebus</strong></span> 
     </span>
     <span class='ocr_line' id='line_1_19' title="bbox 95 2153 1384 2226; baseline -0.001 -11"><span class='ocrx_word' id='word_1_174' title='bbox 95 2154 420 2216; x_wconf 82' lang='lat' dir='ltr'><strong>l‘eneleidextra&#39;</strong></span> <span class='ocrx_word' id='word_1_175' title='bbox 445 2163 510 2226; x_wconf 89' lang='lat' dir='ltr'><strong>aut,</strong></span> <span class='ocrx_word' id='word_1_176' title='bbox 535 2162 567 2215; x_wconf 92' lang='lat' dir='ltr'><strong>ut</strong></span> <span class='ocrx_word' id='word_1_177' title='bbox 589 2155 639 2215; x_wconf 91' lang='lat' dir='ltr'><strong>alii</strong></span> <span class='ocrx_word' id='word_1_178' title='bbox 662 2155 862 2225; x_wconf 86' lang='lat' dir='ltr'><strong>tradiderunt,</strong></span> <span class='ocrx_word' id='word_1_179' title='bbox 892 2156 1036 2225; x_wconf 87' lang='lat' dir='ltr'><strong>Peneleo;</strong></span> <span class='ocrx_word' id='word_1_180' title='bbox 1065 2158 1137 2216; x_wconf 91' lang='lat' dir='ltr'><strong>item</strong></span> <span class='ocrx_word' id='word_1_181' title='bbox 1158 2157 1214 2215; x_wconf 75' lang='lat' dir='ltr'><strong>‘in</strong></span> <span class='ocrx_word' id='word_1_182' title='bbox 1237 2153 1384 2214; x_wconf 82' lang='lat' dir='ltr'><strong>loribus</strong></span> 
     </span>
     <span class='ocr_line' id='line_1_20' title="bbox 94 2256 1382 2336; baseline 0 -20"><span class='ocrx_word' id='word_1_183' title='bbox 94 2258 209 2317; x_wconf 90' lang='lat' dir='ltr'><strong>letum</strong></span> <span class='ocrx_word' id='word_1_184' title='bbox 232 2258 436 2334; x_wconf 88' lang='lat' dir='ltr'><strong>Androgei’</strong></span> <span class='ocrx_word' id='word_1_185' title='bbox 460 2266 526 2326; x_wconf 89' lang='lat' dir='ltr'><strong>aut,</strong></span> <span class='ocrx_word' id='word_1_186' title='bbox 549 2265 583 2316; x_wconf 92' lang='lat' dir='ltr'><strong>ut</strong></span> <span class='ocrx_word' id='word_1_187' title='bbox 605 2256 670 2317; x_wconf 91' lang='lat' dir='ltr'><strong>aliis</strong></span> <span class='ocrx_word' id='word_1_188' title='bbox 693 2257 803 2336; x_wconf 88' lang='lat' dir='ltr'><strong>placet,</strong></span> <span class='ocrx_word' id='word_1_189' title='bbox 827 2257 994 2335; x_wconf 81' lang='lat' dir='ltr'><strong>Androgeo.</strong></span> <span class='ocrx_word' id='word_1_190' title='bbox 1025 2260 1120 2335; x_wconf 89' lang='lat' dir='ltr'><strong>magis</strong></span> <span class='ocrx_word' id='word_1_191' title='bbox 1141 2264 1212 2318; x_wconf 91' lang='lat' dir='ltr'><strong>tune</strong></span> <span class='ocrx_word' id='word_1_192' title='bbox 1235 2256 1382 2316; x_wconf 89' lang='lat' dir='ltr'><strong>secundae</strong></span> 
     </span>
     <span class='ocr_line' id='line_1_21' title="bbox 92 2359 1382 2438; baseline 0.002 -21"><span class='ocrx_word' id='word_1_193' title='bbox 92 2378 183 2438; x_wconf 79' lang='lat' dir='ltr'><strong>‹pmm</strong></span> <span class='ocrx_word' id='word_1_194' title='bbox 205 2361 310 2420; x_wconf 89' lang='lat' dir='ltr'><strong>tertiae</strong></span> <span class='ocrx_word' id='word_1_195' title='bbox 333 2360 540 2420; x_wconf 90' lang='lat' dir='ltr'><strong>declinationis</strong></span> <span class='ocrx_word' id='word_1_196' title='bbox 562 2366 650 2419; x_wconf 92' lang='lat' dir='ltr'><strong>erunt</strong></span> <span class='ocrx_word' id='word_1_197' title='bbox 672 2359 761 2420; x_wconf 91' lang='lat' dir='ltr'><strong>huius</strong></span> <span class='ocrx_word' id='word_1_198' title='bbox 783 2360 863 2420; x_wconf 91' lang='lat' dir='ltr'><strong>modi</strong></span> <span class='ocrx_word' id='word_1_199' title='bbox 886 2362 1020 2430; x_wconf 89' lang='lat' dir='ltr'><strong>nomina,</strong></span> <span class='ocrx_word' id='word_1_200' title='bbox 1044 2378 1111 2420; x_wconf 93' lang='lat' dir='ltr'><strong>cum</strong></span> <span class='ocrx_word' id='word_1_201' title='bbox 1133 2360 1170 2420; x_wconf 94' lang='lat' dir='ltr'><strong>ad</strong></span> <span class='ocrx_word' id='word_1_202' title='bbox 1192 2359 1312 2420; x_wconf 88' lang='lat' dir='ltr'><strong>latinam</strong></span> <span class='ocrx_word' id='word_1_203' title='bbox 1334 2378 1382 2419; x_wconf 92' lang='lat' dir='ltr'><strong>ve-</strong></span> 
     </span>
    </p>

    <p class='ocr_par' dir='ltr' id='par_1_7' title="bbox 46 2460 1108 2540">
     <span class='ocr_line' id='line_1_22' title="bbox 46 2460 1108 2540; baseline 0.004 -22"><span class='ocrx_word' id='word_1_204' title='bbox 46 2481 75 2517; x_wconf 67' lang='lat' dir='ltr'><strong>ro</strong></span> <span class='ocrx_word' id='word_1_205' title='bbox 91 2463 195 2521; x_wconf 84' lang='lat' dir='ltr'><strong>norint</strong></span> <span class='ocrx_word' id='word_1_206' title='bbox 217 2462 359 2540; x_wconf 90' lang='lat' dir='ltr'><strong>regulam.</strong></span> <span class='ocrx_word' id='word_1_207' title='bbox 1105 2460 1108 2464; x_wconf 50' lang='lat'><strong><em>⁴</em></strong></span> 
     </span>
    </p>

    <p class='ocr_par' dir='ltr' id='par_1_8' title="bbox 91 2563 1382 2950">
     <span class='ocr_line' id='line_1_23' title="bbox 175 2563 1382 2643; baseline 0 -19"><span class='ocrx_word' id='word_1_208' title='bbox 175 2563 285 2643; x_wconf 30' lang='lat' dir='ltr'><strong>‚Omnia</strong></span> <span class='ocrx_word' id='word_1_209' title='bbox 314 2583 348 2624; x_wconf 89' lang='lat' dir='ltr'><strong>us</strong></span> <span class='ocrx_word' id='word_1_210' title='bbox 375 2565 532 2624; x_wconf 89' lang='lat' dir='ltr'><strong>terminata</strong></span> <span class='ocrx_word' id='word_1_211' title='bbox 560 2564 663 2634; x_wconf 88' lang='lat' dir='ltr'><strong>latina,</strong></span> <span class='ocrx_word' id='word_1_212' title='bbox 692 2565 854 2626; x_wconf 89' lang='lat' dir='ltr'><strong>masculina</strong></span> <span class='ocrx_word' id='word_1_213' title='bbox 878 2572 928 2625; x_wconf 90' lang='lat' dir='ltr'><strong>aut</strong></span> <span class='ocrx_word' id='word_1_214' title='bbox 957 2566 1115 2634; x_wconf 78' lang='lat' dir='ltr'><strong>feminina,</strong></span> <span class='ocrx_word' id='word_1_215' title='bbox 1139 2566 1307 2626; x_wconf 91' lang='lat' dir='ltr'><strong>eommunia</strong></span> <span class='ocrx_word' id='word_1_216' title='bbox 1329 2584 1382 2625; x_wconf 89' lang='lat' dir='ltr'><strong>seu</strong></span> 
     </span>
     <span class='ocr_line' id='line_1_24' title="bbox 91 2665 1382 2747; baseline 0.001 -22"><span class='ocrx_word' id='word_1_217' title='bbox 91 2673 214 2735; x_wconf 90' lang='lat' dir='ltr'><strong>neutra,</strong></span> <span class='ocrx_word' id='word_1_218' title='bbox 238 2665 366 2726; x_wconf 89' lang='lat' dir='ltr'><strong>ablativo</strong></span> <span class='ocrx_word' id='word_1_219' title='bbox 388 2666 532 2744; x_wconf 84' lang='lat' dir='ltr'><strong>singulari</strong></span> <span class='ocrx_word' id='word_1_220' title='bbox 555 2685 571 2724; x_wconf 92' lang='grc'><strong>3</strong></span> <span class='ocrx_word' id='word_1_221' title='bbox 597 2667 738 2727; x_wconf 81' lang='lat' dir='ltr'><strong>finientur</strong></span> <span class='ocrx_word' id='word_1_222' title='bbox 760 2686 854 2747; x_wconf 91' lang='lat' dir='ltr'><strong>eaque</strong></span> <span class='ocrx_word' id='word_1_223' title='bbox 877 2670 907 2727; x_wconf 92' lang='lat' dir='ltr'><strong>in</strong></span> <span class='ocrx_word' id='word_1_224' title='bbox 931 2687 981 2728; x_wconf 91' lang='lat' dir='ltr'><strong>nm</strong></span> <span class='ocrx_word' id='word_1_225' title='bbox 1003 2685 1144 2727; x_wconf 90' lang='lat' dir='ltr'><strong>conversa</strong></span> <span class='ocrx_word' id='word_1_226' title='bbox 1166 2667 1276 2727; x_wconf 86' lang='grc'>1331331</span> <span class='ocrx_word' id='word_1_227' title='bbox 1298 2669 1382 2744; x_wconf 88' lang='lat' dir='ltr'><strong>geni·</strong></span> 
     </span>
     <span class='ocr_line' id='line_1_25' title="bbox 92 2768 1381 2849; baseline 0.002 -23"><span class='ocrx_word' id='word_1_228' title='bbox 92 2771 188 2827; x_wconf 88' lang='lat' dir='ltr'><strong>tivum</strong></span> <span class='ocrx_word' id='word_1_229' title='bbox 211 2768 371 2847; x_wconf 88' lang='lat' dir='ltr'><strong>pluralem,</strong></span> <span class='ocrx_word' id='word_1_230' title='bbox 395 2777 427 2828; x_wconf 92' lang='lat' dir='ltr'><strong>ut</strong></span> <span class='ocrx_word' id='word_1_231' title='bbox 449 2787 515 2829; x_wconf 89' lang='lat' dir='ltr'><strong>mus</strong></span> <span class='ocrx_word' id='word_1_232' title='bbox 538 2787 621 2829; x_wconf 91' lang='lat' dir='ltr'><strong>mure</strong></span> <span class='ocrx_word' id='word_1_233' title='bbox 644 2787 776 2840; x_wconf 89' lang='lat' dir='ltr'><strong>murum,</strong></span> <span class='ocrx_word' id='word_1_234' title='bbox 800 2769 885 2849; x_wconf 92' lang='lat' dir='ltr'><strong>palus</strong></span> <span class='ocrx_word' id='word_1_235' title='bbox 900 2769 1007 2849; x_wconf 89' lang='lat' dir='ltr'><strong>palude</strong></span> <span class='ocrx_word' id='word_1_236' title='bbox 1029 2768 1185 2848; x_wconf 89' lang='lat' dir='ltr'><strong>paludum,</strong></span> <span class='ocrx_word' id='word_1_237' title='bbox 1209 2768 1272 2829; x_wconf 88' lang='lat' dir='ltr'><strong>lans</strong></span> <span class='ocrx_word' id='word_1_238' title='bbox 1295 2769 1381 2829; x_wconf 93' lang='lat' dir='ltr'><strong>laude</strong></span> 
     </span>
     <span class='ocr_line' id='line_1_26' title="bbox 92 2869 1381 2950; baseline 0.002 -22"><span class='ocrx_word' id='word_1_239' title='bbox 92 2869 227 2939; x_wconf 90' lang='lat' dir='ltr'><strong>laudum,</strong></span> <span class='ocrx_word' id='word_1_240' title='bbox 260 2871 358 2931; x_wconf 91' lang='lat' dir='ltr'><strong>Venus</strong></span> <span class='ocrx_word' id='word_1_241' title='bbox 386 2871 500 2930; x_wconf 88' lang='lat' dir='ltr'><strong>Venere</strong></span> <span class='ocrx_word' id='word_1_242' title='bbox 534 2871 696 2941; x_wconf 90' lang='lat' dir='ltr'><strong>Venerum,</strong></span> <span class='ocrx_word' id='word_1_243' title='bbox 731 2890 800 2932; x_wconf 92' lang='lat' dir='ltr'><strong>crus</strong></span> <span class='ocrx_word' id='word_1_244' title='bbox 833 2890 922 2932; x_wconf 89' lang='lat' dir='ltr'><strong>crure</strong></span> <span class='ocrx_word' id='word_1_245' title='bbox 956 2891 1095 2940; x_wconf 76' lang='lat' dir='ltr'><strong>crurum,</strong></span> <span class='ocrx_word' id='word_1_246' title='bbox 1125 2879 1229 2950; x_wconf 91' lang='lat' dir='ltr'><strong>pectus</strong></span> <span class='ocrx_word' id='word_1_247' title='bbox 1261 2878 1381 2950; x_wconf 91' lang='lat' dir='ltr'><strong>pectore</strong></span> 
     </span>
    </p>

    <p class='ocr_par' dir='ltr' id='par_1_9' title="bbox 48 2973 1382 3360">
     <span class='ocr_line' id='line_1_27' title="bbox 48 2973 1381 3052; baseline 0.005 -26"><span class='ocrx_word' id='word_1_248' title='bbox 48 2989 76 3026; x_wconf 74' lang='lat' dir='ltr'><strong>as</strong></span> <span class='ocrx_word' id='word_1_249' title='bbox 90 2980 265 3050; x_wconf 89' lang='lat' dir='ltr'><strong>pectorum,</strong></span> <span class='ocrx_word' id='word_1_250' title='bbox 294 2973 387 3032; x_wconf 91' lang='lat' dir='ltr'><strong>vellus</strong></span> <span class='ocrx_word' id='word_1_251' title='bbox 417 2973 523 3032; x_wconf 91' lang='lat' dir='ltr'><strong>vellere</strong></span> <span class='ocrx_word' id='word_1_252' title='bbox 553 2973 709 3044; x_wconf 88' lang='lat' dir='ltr'><strong>vellerum,</strong></span> <span class='ocrx_word' id='word_1_253' title='bbox 738 2992 810 3052; x_wconf 85' lang='lat' dir='ltr'><strong>grus</strong></span> <span class='ocrx_word' id='word_1_254' title='bbox 831 2993 905 3051; x_wconf 88' lang='lat' dir='ltr'><strong>grue</strong></span> <span class='ocrx_word' id='word_1_255' title='bbox 927 2993 1049 3052; x_wconf 87' lang='lat' dir='ltr'><strong>gruum,</strong></span> <span class='ocrx_word' id='word_1_256' title='bbox 1074 2981 1158 3034; x_wconf 91' lang='lat' dir='ltr'><strong>vetus</strong></span> <span class='ocrx_word' id='word_1_257' title='bbox 1178 2981 1279 3033; x_wconf 89' lang='lat' dir='ltr'><strong>vetere</strong></span> <span class='ocrx_word' id='word_1_258' title='bbox 1301 2979 1381 3032; x_wconf 92' lang='lat' dir='ltr'><strong>vete-</strong></span> 
     </span>
     <span class='ocr_line' id='line_1_28' title="bbox 92 3075 1382 3156; baseline 0.002 -24"><span class='ocrx_word' id='word_1_259' title='bbox 92 3091 172 3132; x_wconf 90' lang='lat' dir='ltr'><strong>rum.</strong></span> <span class='ocrx_word' id='word_1_260' title='bbox 217 3075 330 3135; x_wconf 91' lang='lat' dir='ltr'><strong>nullum</strong></span> <span class='ocrx_word' id='word_1_261' title='bbox 358 3077 505 3154; x_wconf 88' lang='lat' dir='ltr'><strong>excipitur</strong></span> <span class='ocrx_word' id='word_1_262' title='bbox 533 3077 663 3136; x_wconf 90' lang='lat' dir='ltr'><strong>omnino.</strong></span> <span class='ocrx_word' id='word_1_263' title='bbox 708 3079 780 3156; x_wconf 88' lang='lat' dir='ltr'><strong>quin</strong></span> <span class='ocrx_word' id='word_1_264' title='bbox 808 3079 900 3136; x_wconf 91' lang='lat' dir='ltr'><strong>immo</strong></span> <span class='ocrx_word' id='word_1_265' title='bbox 927 3078 1017 3138; x_wconf 91' lang='lat' dir='ltr'><strong>etiam</strong></span> <span class='ocrx_word' id='word_1_266' title='bbox 1043 3094 1164 3154; x_wconf 89' lang='lat' dir='ltr'><strong>graeca,</strong></span> <span class='ocrx_word' id='word_1_267' title='bbox 1198 3094 1265 3135; x_wconf 91' lang='lat' dir='ltr'><strong>cum</strong></span> <span class='ocrx_word' id='word_1_268' title='bbox 1293 3075 1382 3135; x_wconf 91' lang='lat' dir='ltr'><strong>huius</strong></span> 
     </span>
     <span class='ocr_line' id='line_1_29' title="bbox 90 3176 1380 3258; baseline 0.002 -24"><span class='ocrx_word' id='word_1_269' title='bbox 90 3178 173 3234; x_wconf 88' lang='lat' dir='ltr'><strong>erint</strong></span> <span class='ocrx_word' id='word_1_270' title='bbox 200 3176 422 3245; x_wconf 80' lang='lat' dir='ltr'><strong>declinationiS,</strong></span> <span class='ocrx_word' id='word_1_271' title='bbox 453 3177 549 3237; x_wconf 92' lang='lat' dir='ltr'><strong>eidem</strong></span> <span class='ocrx_word' id='word_1_272' title='bbox 578 3179 698 3256; x_wconf 90' lang='lat' dir='ltr'><strong>regulae</strong></span> <span class='ocrx_word' id='word_1_273' title='bbox 727 3178 940 3248; x_wconf 89' lang='lat' dir='ltr'><strong>subiacebunt,</strong></span> <span class='ocrx_word' id='word_1_274' title='bbox 965 3178 1096 3258; x_wconf 87' lang='lat' dir='ltr'><strong>Oedipus</strong></span> <span class='ocrx_word' id='word_1_275' title='bbox 1117 3178 1269 3257; x_wconf 82' lang='lat' dir='ltr'><strong>Oedipode</strong></span> <span class='ocrx_word' id='word_1_276' title='bbox 1292 3177 1380 3238; x_wconf 84' lang='lat' dir='ltr'><strong>Oedi·</strong></span> 
     </span>
     <span class='ocr_line' id='line_1_30' title="bbox 91 3277 854 3360; baseline 0.008 -25"><span class='ocrx_word' id='word_1_277' title='bbox 91 3277 215 3356; x_wconf 90' lang='lat' dir='ltr'><strong>podum,</strong></span> <span class='ocrx_word' id='word_1_278' title='bbox 240 3278 402 3358; x_wconf 83' lang='lat' dir='ltr'><strong>Melampus</strong></span> <span class='ocrx_word' id='word_1_279' title='bbox 423 3279 606 3359; x_wconf 86' lang='lat' dir='ltr'><strong>Melampode</strong></span> <span class='ocrx_word' id='word_1_280' title='bbox 628 3281 854 3360; x_wconf 86' lang='lat' dir='ltr'><strong>Melampodum.</strong></span> 
     </span>
    </p>

    <p class='ocr_par' dir='ltr' id='par_1_10' title="bbox 177 3379 1383 3460">
     <span class='ocr_line' id='line_1_31' title="bbox 177 3379 1383 3460; baseline 0.002 -22"><span class='ocrx_word' id='word_1_281' title='bbox 177 3379 281 3440; x_wconf 85' lang='lat' dir='ltr'><strong>Ornnia</strong></span> <span class='ocrx_word' id='word_1_282' title='bbox 303 3383 432 3450; x_wconf 90' lang='lat' dir='ltr'><strong>nomina,</strong></span> <span class='ocrx_word' id='word_1_283' title='bbox 456 3401 531 3460; x_wconf 90' lang='lat' dir='ltr'><strong>quae</strong></span> <span class='ocrx_word' id='word_1_284' title='bbox 555 3381 800 3443; x_wconf 91' lang='lat' dir='ltr'><strong>hconsonantem</strong></span> <span class='ocrx_word' id='word_1_285' title='bbox 823 3391 890 3444; x_wconf 90' lang='lat' dir='ltr'><strong>ante</strong></span> <span class='ocrx_word' id='word_1_286' title='bbox 913 3403 927 3443; x_wconf 89' lang='lat' dir='ltr'><strong>s</strong></span> <span class='ocrx_word' id='word_1_287' title='bbox 949 3382 1155 3443; x_wconf 87' lang='lat' dir='ltr'><strong>semivocalem</strong></span> <span class='ocrx_word' id='word_1_288' title='bbox 1177 3379 1331 3441; x_wconf 90' lang='lat' dir='ltr'><strong>habebunt</strong></span> <span class='ocrx_word' id='word_1_289' title='bbox 1352 3389 1383 3440; x_wconf 90' lang='lat' dir='ltr'><strong>et</strong></span> 
     </span>
    </p>

    <p class='ocr_par' dir='ltr' id='par_1_11' title="bbox 47 3481 1380 3971">
     <span class='ocr_line' id='line_1_32' title="bbox 47 3481 1380 3564; baseline 0.008 -30"><span class='ocrx_word' id='word_1_290' title='bbox 47 3499 79 3535; x_wconf 81' lang='grc'><strong>33</strong></span> <span class='ocrx_word' id='word_1_291' title='bbox 95 3481 296 3559; x_wconf 81' lang='lat' dir='ltr'><strong>monosyllaba</strong></span> <span class='ocrx_word' id='word_1_292' title='bbox 325 3491 429 3553; x_wconf 91' lang='lat' dir='ltr'><strong>erunt,</strong></span> <span class='ocrx_word' id='word_1_293' title='bbox 459 3492 488 3543; x_wconf 91' lang='lat' dir='ltr'><strong>et</strong></span> <span class='ocrx_word' id='word_1_294' title='bbox 510 3485 639 3545; x_wconf 88' lang='lat' dir='ltr'><strong>ablativo</strong></span> <span class='ocrx_word' id='word_1_295' title='bbox 661 3504 676 3543; x_wconf 90' lang='lat' dir='ltr'><strong>e</strong></span> <span class='ocrx_word' id='word_1_296' title='bbox 699 3485 843 3545; x_wconf 87' lang='lat' dir='ltr'><strong>finientur</strong></span> <span class='ocrx_word' id='word_1_297' title='bbox 864 3505 957 3564; x_wconf 88' lang='lat' dir='ltr'><strong>eaque</strong></span> <span class='ocrx_word' id='word_1_298' title='bbox 980 3487 1010 3544; x_wconf 92' lang='lat' dir='ltr'><strong>in</strong></span> <span class='ocrx_word' id='word_1_299' title='bbox 1034 3487 1043 3544; x_wconf 91' lang='lat' dir='ltr'><strong>i</strong></span> <span class='ocrx_word' id='word_1_300' title='bbox 1066 3502 1208 3545; x_wconf 86' lang='lat' dir='ltr'><strong>conversa</strong></span> <span class='ocrx_word' id='word_1_301' title='bbox 1230 3493 1259 3543; x_wconf 91' lang='lat' dir='ltr'><strong>et</strong></span> <span class='ocrx_word' id='word_1_302' title='bbox 1281 3482 1380 3544; x_wconf 92' lang='lat' dir='ltr'><strong>addita</strong></span> 
     </span>
     <span class='ocr_line' id='line_1_33' title="bbox 93 3582 1379 3665; baseline 0.002 -25"><span class='ocrx_word' id='word_1_303' title='bbox 93 3601 141 3640; x_wconf 82' lang='lat' dir='ltr'><strong>viru</strong></span> <span class='ocrx_word' id='word_1_304' title='bbox 159 3582 270 3662; x_wconf 76' lang='lat' dir='ltr'><strong>syllaba</strong></span> <span class='ocrx_word' id='word_1_305' title='bbox 286 3585 397 3644; x_wconf 85' lang='lat' dir='ltr'><strong>sacient</strong></span> <span class='ocrx_word' id='word_1_306' title='bbox 413 3589 575 3662; x_wconf 88' lang='lat' dir='ltr'><strong>genitivum</strong></span> <span class='ocrx_word' id='word_1_307' title='bbox 590 3585 751 3665; x_wconf 87' lang='lat' dir='ltr'><strong>pluralem,</strong></span> <span class='ocrx_word' id='word_1_308' title='bbox 776 3593 808 3646; x_wconf 91' lang='lat' dir='ltr'><strong>ut</strong></span> <span class='ocrx_word' id='word_1_309' title='bbox 830 3587 904 3648; x_wconf 90' lang='lat' dir='ltr'><strong>baec</strong></span> <span class='ocrx_word' id='word_1_310' title='bbox 925 3586 1010 3647; x_wconf 88' lang='lat' dir='ltr'><strong>trabs</strong></span> <span class='ocrx_word' id='word_1_311' title='bbox 1032 3586 1069 3646; x_wconf 95' lang='lat' dir='ltr'><strong>ab</strong></span> <span class='ocrx_word' id='word_1_312' title='bbox 1091 3586 1146 3646; x_wconf 91' lang='lat' dir='ltr'><strong>hac</strong></span> <span class='ocrx_word' id='word_1_313' title='bbox 1168 3584 1252 3645; x_wconf 92' lang='lat' dir='ltr'><strong>trabe</strong></span> <span class='ocrx_word' id='word_1_314' title='bbox 1274 3584 1379 3644; x_wconf 92' lang='lat' dir='ltr'><strong>barum</strong></span> 
     </span>
     <span class='ocr_line' id='line_1_34' title="bbox 93 3683 1379 3768; baseline 0.002 -26"><span class='ocrx_word' id='word_1_315' title='bbox 93 3683 237 3755; x_wconf 87' lang='lat' dir='ltr'><strong>trabium,</strong></span> <span class='ocrx_word' id='word_1_316' title='bbox 262 3686 335 3746; x_wconf 90' lang='lat' dir='ltr'><strong>haec</strong></span> <span class='ocrx_word' id='word_1_317' title='bbox 357 3686 444 3765; x_wconf 88' lang='lat' dir='ltr'><strong>plebs</strong></span> <span class='ocrx_word' id='word_1_318' title='bbox 467 3687 504 3748; x_wconf 90' lang='lat' dir='ltr'><strong>ab</strong></span> <span class='ocrx_word' id='word_1_319' title='bbox 527 3688 581 3748; x_wconf 90' lang='lat' dir='ltr'><strong>hac</strong></span> <span class='ocrx_word' id='word_1_320' title='bbox 604 3689 691 3768; x_wconf 92' lang='lat' dir='ltr'><strong>plebe</strong></span> <span class='ocrx_word' id='word_1_321' title='bbox 714 3688 819 3749; x_wconf 92' lang='lat' dir='ltr'><strong>harum</strong></span> <span class='ocrx_word' id='word_1_322' title='bbox 843 3688 986 3767; x_wconf 90' lang='lat' dir='ltr'><strong>plebium,</strong></span> <span class='ocrx_word' id='word_1_323' title='bbox 1010 3691 1036 3748; x_wconf 91' lang='lat' dir='ltr'><strong>si</strong></span> <span class='ocrx_word' id='word_1_324' title='bbox 1057 3696 1157 3748; x_wconf 91' lang='lat' dir='ltr'><strong>tamen</strong></span> <span class='ocrx_word' id='word_1_325' title='bbox 1179 3689 1210 3746; x_wconf 89' lang='lat' dir='ltr'><strong>in</strong></span> <span class='ocrx_word' id='word_1_326' title='bbox 1233 3685 1379 3765; x_wconf 89' lang='lat' dir='ltr'><strong>pluralem</strong></span> 
     </span>
     <span class='ocr_line' id='line_1_35' title="bbox 91 3786 1380 3858; baseline 0.002 -14"><span class='ocrx_word' id='word_1_327' title='bbox 91 3803 247 3846; x_wconf 91' lang='lat' dir='ltr'><strong>numerum</strong></span> <span class='ocrx_word' id='word_1_328' title='bbox 276 3788 420 3858; x_wconf 82' lang='lat' dir='ltr'><strong>flectitur,</strong></span> <span class='ocrx_word' id='word_1_329' title='bbox 449 3790 521 3849; x_wconf 91' lang='lat' dir='ltr'><strong>haec</strong></span> <span class='ocrx_word' id='word_1_330' title='bbox 550 3789 622 3850; x_wconf 91' lang='lat' dir='ltr'><strong>urbs</strong></span> <span class='ocrx_word' id='word_1_331' title='bbox 650 3789 687 3848; x_wconf 94' lang='lat' dir='ltr'><strong>ab</strong></span> <span class='ocrx_word' id='word_1_332' title='bbox 716 3790 770 3850; x_wconf 91' lang='lat' dir='ltr'><strong>hae</strong></span> <span class='ocrx_word' id='word_1_333' title='bbox 798 3790 872 3850; x_wconf 90' lang='lat' dir='ltr'><strong>urbe</strong></span> <span class='ocrx_word' id='word_1_334' title='bbox 894 3791 1000 3851; x_wconf 91' lang='lat' dir='ltr'><strong>barum</strong></span> <span class='ocrx_word' id='word_1_335' title='bbox 1022 3789 1158 3858; x_wconf 88' lang='lat' dir='ltr'><strong>urbium,</strong></span> <span class='ocrx_word' id='word_1_336' title='bbox 1182 3788 1255 3848; x_wconf 92' lang='lat' dir='ltr'><strong>baec</strong></span> <span class='ocrx_word' id='word_1_337' title='bbox 1277 3786 1380 3848; x_wconf 90' lang='lat' dir='ltr'><strong>scrobs</strong></span> 
     </span>
     <span class='ocr_line' id='line_1_36' title="bbox 89 3885 1379 3971; baseline 0.002 -25"><span class='ocrx_word' id='word_1_338' title='bbox 89 3885 127 3946; x_wconf 92' lang='lat' dir='ltr'><strong>ab</strong></span> <span class='ocrx_word' id='word_1_339' title='bbox 156 3887 211 3948; x_wconf 91' lang='lat' dir='ltr'><strong>hac</strong></span> <span class='ocrx_word' id='word_1_340' title='bbox 240 3888 345 3948; x_wconf 90' lang='lat' dir='ltr'><strong>scrobe</strong></span> <span class='ocrx_word' id='word_1_341' title='bbox 376 3890 481 3950; x_wconf 91' lang='lat' dir='ltr'><strong>harum</strong></span> <span class='ocrx_word' id='word_1_342' title='bbox 504 3891 665 3952; x_wconf 91' lang='lat' dir='ltr'><strong>scrobium.</strong></span> <span class='ocrx_word' id='word_1_343' title='bbox 710 3900 740 3951; x_wconf 89' lang='lat' dir='ltr'><strong>et</strong></span> <span class='ocrx_word' id='word_1_344' title='bbox 762 3895 901 3953; x_wconf 91' lang='lat' dir='ltr'><strong>universa</strong></span> <span class='ocrx_word' id='word_1_345' title='bbox 923 3893 996 3952; x_wconf 90' lang='lat' dir='ltr'><strong>haec</strong></span> <span class='ocrx_word' id='word_1_346' title='bbox 1019 3899 1157 3971; x_wconf 90' lang='lat' dir='ltr'><strong>quattuor</strong></span> <span class='ocrx_word' id='word_1_347' title='bbox 1179 3899 1268 3951; x_wconf 88' lang='lat' dir='ltr'><strong>erunt</strong></span> <span class='ocrx_word' id='word_1_348' title='bbox 1289 3908 1379 3968; x_wconf 93' lang='lat' dir='ltr'><strong>supra</strong></span> 
     </span>
    </p>

    <p class='ocr_par' dir='ltr' id='par_1_12' title="bbox 46 3987 1379 4576">
     <span class='ocr_line' id='line_1_37' title="bbox 47 3987 1377 4075; baseline 0.005 -30"><span class='ocrx_word' id='word_1_349' title='bbox 47 4007 72 4044; x_wconf 77' lang='lat' dir='ltr'><strong>as</strong></span> <span class='ocrx_word' id='word_1_350' title='bbox 88 3987 187 4058; x_wconf 89' lang='lat' dir='ltr'><strong>dicta,</strong></span> <span class='ocrx_word' id='word_1_351' title='bbox 217 3991 350 4068; x_wconf 87' lang='lat' dir='ltr'><strong>quamvis</strong></span> <span class='ocrx_word' id='word_1_352' title='bbox 377 3993 496 4070; x_wconf 81' lang='lat' dir='ltr'><strong>quidam</strong></span> <span class='ocrx_word' id='word_1_353' title='bbox 522 3993 571 4058; x_wconf 90' lang='lat' dir='ltr'><strong>his</strong></span> <span class='ocrx_word' id='word_1_354' title='bbox 599 3994 795 4055; x_wconf 86' lang='lat' dir='ltr'><strong>adnumerant</strong></span> <span class='ocrx_word' id='word_1_355' title='bbox 822 3995 900 4055; x_wconf 90' lang='lat' dir='ltr'><strong>nubs</strong></span> <span class='ocrx_word' id='word_1_356' title='bbox 930 3991 1061 4075; x_wconf 80' lang='grc' dir='ltr'><strong>[νέφος]</strong></span> <span class='ocrx_word' id='word_1_357' title='bbox 1090 3992 1178 4054; x_wconf 88' lang='lat' dir='ltr'><strong>corbs</strong></span> <span class='ocrx_word' id='word_1_358' title='bbox 1207 3987 1377 4073; x_wconf 81' lang='grc' dir='ltr'><strong><em>[κόφινος]</em></strong></span> 
     </span>
     <span class='ocr_line' id='line_1_38' title="bbox 88 4089 1378 4181; baseline 0.003 -32"><span class='ocrx_word' id='word_1_359' title='bbox 88 4089 175 4158; x_wconf 92' lang='lat' dir='ltr'><strong>orbs,</strong></span> <span class='ocrx_word' id='word_1_360' title='bbox 200 4089 251 4150; x_wconf 90' lang='lat' dir='ltr'><strong>sed</strong></span> <span class='ocrx_word' id='word_1_361' title='bbox 275 4089 403 4152; x_wconf 90' lang='lat' dir='ltr'><strong>absurde</strong></span> <span class='ocrx_word' id='word_1_362' title='bbox 425 4113 492 4153; x_wconf 92' lang='lat' dir='ltr'><strong>meo</strong></span> <span class='ocrx_word' id='word_1_363' title='bbox 515 4096 670 4178; x_wconf 89' lang='lat' dir='ltr'><strong>iudiciolo,</strong></span> <span class='ocrx_word' id='word_1_364' title='bbox 695 4115 762 4157; x_wconf 89' lang='lat' dir='ltr'><strong>cum</strong></span> <span class='ocrx_word' id='word_1_365' title='bbox 784 4104 865 4157; x_wconf 92' lang='lat' dir='ltr'><strong>tanta</strong></span> <span class='ocrx_word' id='word_1_366' title='bbox 889 4105 1042 4158; x_wconf 90' lang='lat' dir='ltr'><strong>auctorum</strong></span> <span class='ocrx_word' id='word_1_367' title='bbox 1065 4097 1258 4158; x_wconf 85' lang='lat' dir='ltr'><strong>adversentur</strong></span> <span class='ocrx_word' id='word_1_368' title='bbox 1280 4113 1378 4181; x_wconf 85' lang='lat' dir='ltr'><strong>exem·</strong></span> 
     </span>
     <span class='ocr_line' id='line_1_39' title="bbox 87 4191 1379 4277; baseline 0.006 -27"><span class='ocrx_word' id='word_1_369' title='bbox 87 4191 152 4270; x_wconf 89' lang='lat' dir='ltr'><strong>pla,</strong></span> <span class='ocrx_word' id='word_1_370' title='bbox 176 4195 207 4252; x_wconf 82' lang='lat' dir='ltr'><strong>in</strong></span> <span class='ocrx_word' id='word_1_371' title='bbox 230 4191 339 4271; x_wconf 88' lang='lat' dir='ltr'><strong>quibus</strong></span> <span class='ocrx_word' id='word_1_372' title='bbox 368 4194 415 4254; x_wconf 89' lang='lat' dir='ltr'><strong>hic</strong></span> <span class='ocrx_word' id='word_1_373' title='bbox 445 4197 545 4257; x_wconf 91' lang='lat' dir='ltr'><strong>corbis</strong></span> <span class='ocrx_word' id='word_1_374' title='bbox 568 4205 597 4257; x_wconf 92' lang='lat' dir='ltr'><strong>et</strong></span> <span class='ocrx_word' id='word_1_375' title='bbox 625 4199 673 4258; x_wconf 92' lang='lat' dir='ltr'><strong>bic</strong></span> <span class='ocrx_word' id='word_1_376' title='bbox 702 4198 784 4259; x_wconf 91' lang='lat' dir='ltr'><strong>orbis</strong></span> <span class='ocrx_word' id='word_1_377' title='bbox 806 4206 835 4259; x_wconf 90' lang='lat' dir='ltr'><strong>et</strong></span> <span class='ocrx_word' id='word_1_378' title='bbox 858 4198 931 4260; x_wconf 87' lang='lat' dir='ltr'><strong>baec</strong></span> <span class='ocrx_word' id='word_1_379' title='bbox 953 4199 1050 4259; x_wconf 90' lang='lat' dir='ltr'><strong>nubes</strong></span> <span class='ocrx_word' id='word_1_380' title='bbox 1071 4199 1208 4277; x_wconf 87' lang='lat' dir='ltr'><strong>legimus.</strong></span> <span class='ocrx_word' id='word_1_381' title='bbox 1252 4215 1320 4258; x_wconf 93' lang='lat' dir='ltr'><strong>nam</strong></span> <span class='ocrx_word' id='word_1_382' title='bbox 1342 4197 1379 4258; x_wconf 90' lang='lat' dir='ltr'><strong>de</strong></span> 
     </span>
     <span class='ocr_line' id='line_1_40' title="bbox 87 4287 1379 4376; baseline 0.006 -26"><span class='ocrx_word' id='word_1_383' title='bbox 87 4291 187 4352; x_wconf 89' lang='lat' dir='ltr'><strong>scobis</strong></span> <span class='ocrx_word' id='word_1_384' title='bbox 218 4287 270 4373; x_wconf 81' lang='grc' dir='ltr'><strong>[τὸ</strong></span> <span class='ocrx_word' id='word_1_385' title='bbox 293 4294 436 4376; x_wconf 74' lang='grc'>3131333]</span> <span class='ocrx_word' id='word_1_386' title='bbox 465 4301 646 4360; x_wconf 89' lang='lat' dir='ltr'><strong>nominativo</strong></span> <span class='ocrx_word' id='word_1_387' title='bbox 674 4300 842 4370; x_wconf 89' lang='lat' dir='ltr'><strong>dubitatur,</strong></span> <span class='ocrx_word' id='word_1_388' title='bbox 871 4321 908 4362; x_wconf 93' lang='lat' dir='ltr'><strong>an</strong></span> <span class='ocrx_word' id='word_1_389' title='bbox 935 4302 1008 4363; x_wconf 90' lang='lat' dir='ltr'><strong>baec</strong></span> <span class='ocrx_word' id='word_1_390' title='bbox 1036 4300 1122 4362; x_wconf 89' lang='lat' dir='ltr'><strong>scobs</strong></span> <span class='ocrx_word' id='word_1_391' title='bbox 1150 4309 1180 4361; x_wconf 95' lang='grc'><strong>31</strong></span> <span class='ocrx_word' id='word_1_392' title='bbox 1202 4318 1261 4360; x_wconf 87' lang='grc'><strong>333</strong></span> <span class='ocrx_word' id='word_1_393' title='bbox 1283 4301 1379 4376; x_wconf 88' lang='lat' dir='ltr'><strong>magis</strong></span> 
     </span>
     <span class='ocr_line' id='line_1_41' title="bbox 86 4383 1378 4484; baseline 0.005 -30"><span class='ocrx_word' id='word_1_394' title='bbox 86 4394 162 4454; x_wconf 90' lang='lat' dir='ltr'><strong>baec</strong></span> <span class='ocrx_word' id='word_1_395' title='bbox 184 4395 284 4456; x_wconf 92' lang='lat' dir='ltr'><strong>scobis</strong></span> <span class='ocrx_word' id='word_1_396' title='bbox 306 4396 413 4458; x_wconf 87' lang='lat' dir='ltr'><strong>babeat</strong></span> <span class='ocrx_word' id='word_1_397' title='bbox 436 4403 648 4462; x_wconf 86' lang='lat' dir='ltr'><strong>nominativum</strong></span> <span class='ocrx_word' id='word_1_398' title='bbox 672 4421 767 4463; x_wconf 92' lang='lat' dir='ltr'><strong>suum.</strong></span> <span class='ocrx_word' id='word_1_399' title='bbox 812 4405 884 4463; x_wconf 91' lang='lat' dir='ltr'><strong>item</strong></span> <span class='ocrx_word' id='word_1_400' title='bbox 906 4407 1003 4464; x_wconf 91' lang='lat' dir='ltr'><strong>omnia</strong></span> <span class='ocrx_word' id='word_1_401' title='bbox 1026 4383 1153 4475; x_wconf 81' lang='lat' dir='ltr'><strong>nomina,</strong></span> <span class='ocrx_word' id='word_1_402' title='bbox 1176 4421 1252 4484; x_wconf 84' lang='lat' dir='ltr'><strong>quae</strong></span> <span class='ocrx_word' id='word_1_403' title='bbox 1274 4419 1378 4463; x_wconf 91' lang='lat' dir='ltr'><strong>conso·</strong></span> 
     </span>
     <span class='ocr_line' id='line_1_42' title="bbox 46 4493 1379 4576; baseline 0.008 -22"><span class='ocrx_word' id='word_1_404' title='bbox 46 4504 208 4558; x_wconf 68' lang='lat' dir='ltr'><strong>sonantem</strong></span> <span class='ocrx_word' id='word_1_405' title='bbox 238 4506 305 4558; x_wconf 90' lang='lat' dir='ltr'><strong>ante</strong></span> <span class='ocrx_word' id='word_1_406' title='bbox 321 4493 349 4559; x_wconf 72' lang='lat' dir='ltr'><strong>&#39;s</strong></span> <span class='ocrx_word' id='word_1_407' title='bbox 376 4503 583 4562; x_wconf 89' lang='lat' dir='ltr'><strong>semivocalem</strong></span> <span class='ocrx_word' id='word_1_408' title='bbox 611 4503 764 4565; x_wconf 91' lang='lat' dir='ltr'><strong>habebunt</strong></span> <span class='ocrx_word' id='word_1_409' title='bbox 790 4523 845 4566; x_wconf 90' lang='lat' dir='ltr'><strong>nec</strong></span> <span class='ocrx_word' id='word_1_410' title='bbox 874 4513 962 4567; x_wconf 89' lang='lat' dir='ltr'><strong>erunt</strong></span> <span class='ocrx_word' id='word_1_411' title='bbox 985 4509 1167 4576; x_wconf 89' lang='lat' dir='ltr'><strong>communia,</strong></span> <span class='ocrx_word' id='word_1_412' title='bbox 1198 4513 1230 4566; x_wconf 92' lang='lat' dir='ltr'><strong>et</strong></span> <span class='ocrx_word' id='word_1_413' title='bbox 1250 4505 1379 4566; x_wconf 90' lang='lat' dir='ltr'><strong>ablativo</strong></span> 
     </span>
    </p>
   </div>
   <div class='ocr_carea' id='block_1_3' title="bbox 84 4683 1377 4886">
    <p class='ocr_par' dir='ltr' id='par_1_13' title="bbox 84 4683 1377 4886">
     <span class='ocr_line' id='line_1_43' title="bbox 166 4683 1376 4758; baseline 0.011 -25"><span class='ocrx_word' id='word_1_414' title='bbox 166 4683 393 4753; x_wconf 65' lang='lat' dir='ltr'><strong>septimusque]</strong></span> <span class='ocrx_word' id='word_1_415' title='bbox 419 4689 694 4753; x_wconf 78' lang='lat' dir='ltr'><strong>Verg.Aen.llA24</strong></span> <span class='ocrx_word' id='word_1_416' title='bbox 783 4690 815 4740; x_wconf 86' lang='lat'><strong>17</strong></span> <span class='ocrx_word' id='word_1_417' title='bbox 834 4693 988 4744; x_wconf 84' lang='lat' dir='ltr'><strong>tradederint</strong></span> <span class='ocrx_word' id='word_1_418' title='bbox 1007 4695 1032 4744; x_wconf 75' lang='grc' dir='ltr'><em>Β</em></span> <span class='ocrx_word' id='word_1_419' title='bbox 1118 4697 1143 4743; x_wconf 88' lang='grc'><strong>13</strong></span> <span class='ocrx_word' id='word_1_420' title='bbox 1161 4689 1270 4758; x_wconf 83' lang='lat' dir='ltr'><strong>loribus]</strong></span> <span class='ocrx_word' id='word_1_421' title='bbox 1296 4693 1376 4758; x_wconf 74' lang='lat' dir='ltr'><strong>Vero.</strong></span> 
     </span>
     <span class='ocr_line' id='line_1_44' title="bbox 84 4753 1377 4828; baseline 0.009 -26"><span class='ocrx_word' id='word_1_422' title='bbox 84 4754 152 4803; x_wconf 82' lang='lat' dir='ltr'><strong>Aen.</strong></span> <span class='ocrx_word' id='word_1_423' title='bbox 171 4753 205 4801; x_wconf 95' lang='lat' dir='ltr'><strong>Vl</strong></span> <span class='ocrx_word' id='word_1_424' title='bbox 224 4753 258 4804; x_wconf 84' lang='lat'><strong>20</strong></span> <span class='ocrx_word' id='word_1_425' title='bbox 342 4755 375 4808; x_wconf 80' lang='lat'><strong>19</strong></span> <span class='ocrx_word' id='word_1_426' title='bbox 393 4757 423 4806; x_wconf 85' lang='lat' dir='ltr'><strong>ad</strong></span> <span class='ocrx_word' id='word_1_427' title='bbox 445 4757 521 4808; x_wconf 89' lang='grc'>131133</span> <span class='ocrx_word' id='word_1_428' title='bbox 537 4757 562 4806; x_wconf 86' lang='grc' dir='ltr'><em>Β</em></span> <span class='ocrx_word' id='word_1_429' title='bbox 644 4757 678 4810; x_wconf 82' lang='grc'><strong>35</strong></span> <span class='ocrx_word' id='word_1_430' title='bbox 696 4759 866 4811; x_wconf 82' lang='lat' dir='ltr'><strong>adnumerens</strong></span> <span class='ocrx_word' id='word_1_431' title='bbox 884 4763 909 4812; x_wconf 91' lang='lat' dir='ltr'><em>B</em></span> <span class='ocrx_word' id='word_1_432' title='bbox 986 4764 1020 4815; x_wconf 82' lang='lat'><strong>36</strong></span> <span class='ocrx_word' id='word_1_433' title='bbox 1035 4766 1079 4813; x_wconf 87' lang='lat' dir='ltr'><strong>sed</strong></span> <span class='ocrx_word' id='word_1_434' title='bbox 1095 4761 1215 4828; x_wconf 80' lang='lat' dir='ltr'><strong>absurde]</strong></span> <span class='ocrx_word' id='word_1_435' title='bbox 1235 4763 1261 4812; x_wconf 90' lang='lat' dir='ltr'><strong>id</strong></span> <span class='ocrx_word' id='word_1_436' title='bbox 1276 4771 1315 4813; x_wconf 83' lang='grc'><strong>331</strong></span> <span class='ocrx_word' id='word_1_437' title='bbox 1333 4763 1377 4813; x_wconf 84' lang='grc'>31)-</span> 
     </span>
     <span class='ocr_line' id='line_1_45' title="bbox 85 4823 825 4886; baseline 0.008 -12"><span class='ocrx_word' id='word_1_438' title='bbox 85 4823 163 4874; x_wconf 84' lang='lat' dir='ltr'><strong>sorde</strong></span> <span class='ocrx_word' id='word_1_439' title='bbox 180 4839 308 4886; x_wconf 80' lang='lat' dir='ltr'><strong>superarer.</strong></span> <span class='ocrx_word' id='word_1_440' title='bbox 328 4841 378 4876; x_wconf 86' lang='lat' dir='ltr'><strong>non</strong></span> <span class='ocrx_word' id='word_1_441' title='bbox 396 4828 531 4878; x_wconf 82' lang='lat' dir='ltr'><strong>inabsorde</strong></span> <span class='ocrx_word' id='word_1_442' title='bbox 545 4829 570 4878; x_wconf 91' lang='lat' dir='ltr'><em>B</em></span> <span class='ocrx_word' id='word_1_443' title='bbox 640 4829 673 4879; x_wconf 83' lang='lat'><strong>37</strong></span> <span class='ocrx_word' id='word_1_444' title='bbox 691 4830 718 4878; x_wconf 92' lang='lat' dir='ltr'><strong>in</strong></span> <span class='ocrx_word' id='word_1_445' title='bbox 736 4845 780 4880; x_wconf 79' lang='lat' dir='ltr'><strong>ona.</strong></span> <span class='ocrx_word' id='word_1_446' title='bbox 800 4831 825 4880; x_wconf 86' lang='lat' dir='ltr'><em>B</em></span> 
     </span>
    </p>
   </div>
   <div class='ocr_carea' id='block_1_4' title="bbox 0 0 1680 5442">
    <p class='ocr_par' dir='ltr' id='par_1_14' title="bbox 0 0 1680 5442">
     <span class='ocr_line' id='line_1_46' title="bbox 0 0 1680 5442; baseline 0 0"><span class='ocrx_word' id='word_1_447' title='bbox 0 0 1680 5442; x_wconf 95' lang='lat' dir='ltr'><strong> </strong></span> 
     </span>
    </p>
   </div>
  </div>
 </body>
</html>
