3350 5442
189 455 191 466 Ι
230 379 242 404 ²
325 364 389 429 466
877 371 1060 434 EVTYCHIS

351 489 373 528 p.
387 473 504 517 namt.
1034 502 1038 518 .
1413 495 1435 534 p.
1449 481 1589 522 aras-arv.

326 576 360 617 or
382 557 561 628 desinentia,
586 561 609 618 si
633 561 748 638 passiva
766 555 779 640 ll
799 580 857 622 non
879 562 940 622 sint
961 580 1016 621 nec
1038 563 1212 623 deriventur
1234 563 1271 623 ab
1294 565 1416 632 activis,
1440 563 1607 624 utiliorum

235 723 238 736 Ἴ,
326 666 487 739 sequantur
514 661 750 737 coniugationes,
779 663 841 722 sive
869 663 1047 742 deponentia
1075 668 1135 727 sint
1163 684 1217 725 seu
1245 667 1428 736 communia,
1454 666 1606 725 unilormb

325 761 375 822 illa
398 761 499 839 regula
521 762 651 823 vindicat
678 769 713 822 ut
738 765 851 843 primae
879 771 994 826 tantum
1016 767 1103 828 modo
1118 770 1179 828 sint
1200 769 1264 847 ipsa
1286 785 1404 846 quoque
1427 770 1607 845 coniugatio·

326 865 372 923 nis
405 864 641 926 observationem
674 871 775 926 secuta
807 867 991 943 generalem.
1023 871 1093 948 quia
1120 870 1262 949 pleraque
1290 877 1360 930 sunt
1392 888 1410 930 a
1442 870 1606 930 nominibn

325 966 472 1036 derivata,
496 973 529 1026 ut
551 986 658 1047 precor
680 967 771 1028 vador
786 987 877 1047 vagor
899 969 1045 1048 suffragor
1070 969 1213 1052 [gratior]
1237 974 1376 1049 negotior
1397 971 1532 1032 auxilior
1553 975 1623 1050 opi-⁵

326 1068 404 1128 tulov
426 1069 561 1146 gratulor
583 1087 718 1130 racemor
740 1073 833 1132 rimor
854 1075 1032 1151 peregrinor
1047 1073 1154 1150 dignor
1175 1093 1308 1154 aucupor
1329 1093 1425 1154 aquor
1445 1077 1546 1135 miror
1566 1075 1606 1132 ad·

327 1189 430 1230 versor
451 1177 546 1231 testor
573 1175 712 1232 convivor
739 1175 821 1233 rixor
855 1182 884 1235 et
906 1175 1031 1236 similia:
1061 1178 1192 1255 exeeptis
1214 1179 1334 1256 paucis,
1361 1195 1437 1256 qnae
1461 1184 1535 1236 sunt
1556 1184 1605 1236 ter·
1652 1223 1653 1226 ,

327 1272 382 1332 tiae
406 1280 576 1352 correptae,
600 1283 633 1334 ut
654 1274 739 1336 labor
761 1276 869 1354 fungor
891 1295 999 1356 sequor
1021 1276 1120 1357 liquor
1141 1277 1246 1357 loquor
1260 1296 1370 1357 queror
1391 1287 1531 1339 revertor
1550 1289 1606 1339 utor

326 1375 419 1443 nitor,
443 1382 473 1434 et
494 1393 569 1454 quae
592 1376 629 1436 ab
652 1377 697 1438 his
720 1378 846 1455 singulis
868 1386 1099 1458 componuntur,
1123 1397 1198 1459 quae
1221 1381 1289 1440 ideo
1311 1387 1433 1460 excepta
1457 1384 1527 1441 inre
1549 1391 1604 1440 sunt

328 1479 434 1536 tertiae
463 1479 679 1555 coniugationis
707 1479 880 1551 verborum,
910 1483 978 1561 quia
1007 1481 1117 1543 nnllam
1143 1481 1283 1543 ridentur
1309 1485 1436 1560 originis
1460 1485 1630 1543 nominumv

325 1581 512 1640 occasionem
540 1589 706 1642 monstrare
736 1579 891 1663 (idemque
913 1583 969 1644 hoc
992 1586 1082 1644 etiam
1104 1585 1135 1644 in
1157 1586 1295 1663 superius
1318 1585 1435 1654 relatis,
1460 1585 1493 1645 id
1517 1594 1562 1645 est
1581 1589 1605 1644 in

326 1658 439 1742 ior'vel
461 1684 494 1743 in
515 1701 570 1743 uor
592 1683 798 1744 desinentibus
813 1684 925 1756 verbis,
949 1685 1103 1746 observari
1125 1693 1238 1765 potest,
1262 1686 1340 1766 quod
1362 1687 1398 1747 ad
1420 1688 1546 1748 tertiam
1567 1687 1605 1746 illa

327 1783 477 1862 pertinent
505 1786 756 1862 coniugationem,
785 1805 862 1866 quae
889 1789 974 1867 quasi
1001 1790 1152 1867 primitiva
1179 1791 1333 1849 nominum
1355 1797 1460 1850 carent
1483 1808 1604 1850 conamu-

327 1887 428 1955 nione,
452 1894 484 1947 ut
506 1886 626 1964 gradior
648 1889 759 1948 morior
783 1891 878 1968 patior
899 1891 980 1951 orior
993 1892 1091 1970 potior
1113 1892 1198 1952 truor
1212 1892 1309 1971 liquor
1324 1908 1433 1970 sequor
1449 1911 1605 1972 exsequor:
1652 1954 1653 1979 ,

325 2007 340 2048 a
371 1988 541 2049 nominibus
569 1989 699 2050 derivata
728 1995 737 2054 i
766 1991 885 2070 quidem
913 1993 1124 2070 paenultimam
1152 2012 1257 2072 puram
1286 1992 1469 2054 habentibus
1497 1997 1604 2073 primae
1614 2004 1629 2041 1³

324 2099 408 2162 sunt,
432 2091 488 2152 hoc
510 2097 608 2152 autem
630 2093 744 2170 privata
766 2102 888 2172 quartae
910 2097 1111 2173 coniugationi
1127 2097 1297 2156 necessario
1319 2095 1512 2174 deputantur,
1536 2097 1604 2175 qnod
1652 2160 1653 2175 χ

325 2200 354 2253 et
375 2195 406 2253 in
429 2196 458 2254 io
481 2193 685 2255 desinentibus
706 2195 821 2265 verbis,
845 2195 876 2256 id
898 2203 944 2256 est
965 2197 1067 2257 activis
1082 2197 1127 2257 vel
1149 2197 1346 2266 neutralibus,
1370 2199 1437 2258 lieri
1460 2199 1605 2277 praediri·
1652 2192 1653 2267 l

326 2314 404 2366 mus,
427 2298 530 2374 paucis
553 2296 612 2356 illis
634 2299 772 2375 superius
794 2299 905 2359 notatis
926 2298 962 2360 ad
985 2301 1105 2360 tertiam
1127 2299 1322 2360 redeuntibus
1342 2298 1534 2379 primitivisl:
1562 2319 1604 2358 aa·

324 2399 419 2477 ceptis
442 2400 531 2458 etiam
553 2401 585 2459 in
608 2417 659 2459 cor
686 2398 891 2460 desinentibus
919 2399 1126 2461 communibus
1148 2401 1194 2462 vel
1215 2401 1434 2480 deponentibus
1457 2421 1491 2462 as
1513 2402 1556 2460 vel
1578 2421 1604 2459 rs
1652 2402 1653 2489 l

326 2499 368 2560 vel
384 2502 410 2560 is
426 2507 492 2561 ante
516 2519 567 2561 cor
588 2500 782 2572 habentibus,
806 2521 896 2582 quae,
912 2505 974 2562 sive
997 2503 1145 2583 primitiva
1167 2505 1226 2564 sint
1247 2523 1300 2564 seu
1323 2504 1496 2572 derivativa,
1521 2504 1629 2564 solius*¹
1652 2532 1653 2583 3

326 2605 430 2663 tertiae
453 2610 536 2672 sunt,
565 2611 599 2664 ut
626 2622 733 2665 nascor
760 2607 874 2695 irascor
896 2623 999 2666 vescor
1020 2605 1148 2666 ulciscor
1170 2608 1326 2666 nanciscor
1347 2593 1486 2685 paciscor
1507 2625 1603 2685 esper-
1652 2596 1653 2627 ³

324 2707 422 2783 giscor
450 2708 657 2768 comminiscor
686 2707 836 2786 adipiscor
863 2707 910 2767 vel
938 2710 1058 2786 antique
1090 2709 1208 2786 apiscor
1239 2706 1413 2778 obliviscor3
1446 2708 1602 2787 meritoque
1652 2748 1653 2789 3

323 2806 396 2868 haec
428 2827 546 2888 quoque
579 2809 685 2879 verba,
718 2808 789 2869 licet
816 2809 960 2889 quaedam
988 2829 1024 2869 ex
1051 2809 1099 2868 his
1127 2809 1260 2871 derivata
1287 2816 1357 2870 sunt
1383 2828 1399 2870 a
1429 2809 1602 2872 nominibus,
1652 2882 1653 2895 χ

325 2911 446 2969 tertiam
470 2912 708 2987 coniugationem
731 2930 789 2972 non
813 2909 1006 2990 ellingerum,
1034 2929 1109 2990 qnae
1133 2929 1222 2971 unam
1243 2913 1273 2971 in
1296 2931 1346 2972 sco
1369 2913 1601 2973 terminationem

325 3016 384 3070 tam
412 3013 443 3070 in
472 3010 657 3082 derivativis
686 3032 761 3094 quae
792 3015 904 3075 formae
932 3021 1001 3074 sunt
1028 3013 1228 3083 inchoativae„
1251 3033 1339 3093 qnam
1361 3014 1393 3074 iu
1409 3010 1418 3095 ll
1441 3016 1600 3094 primitivis,
1611 3023 1628 3056 1³

324 3131 399 3192 qnae
421 3113 534 3173 formae
557 3123 627 3174 sunt
648 3118 813 3194 perlectae,
843 3116 904 3176 sola
926 3116 1068 3195 possidet.
1111 3115 1262 3195 semelque
1285 3115 1341 3175 boc
1362 3116 1543 3193 generaliter
1562 3125 1600 3174 est

324 3213 556 3284 observandum,
586 3217 663 3296 quod
692 3220 722 3278 in
750 3221 780 3278 io
807 3236 860 3279 seu
888 3219 919 3277 in
948 3219 994 3278 ior
1021 3218 1189 3278 desinentia
1217 3216 1307 3278 verba
1336 3216 1382 3276 vel
1404 3221 1519 3296 primae
1540 3226 1601 3276 sunt

324 3323 438 3378 tantum
460 3317 636 3388 derivativa,
659 3318 704 3379 vel
727 3326 849 3399 quartae
872 3327 932 3380 tam
954 3321 1101 3399 primitiva
1124 3338 1211 3399 quam
1234 3319 1409 3389 derivativa,
1433 3321 1486 3379 sed
1507 3319 1599 3380 ohser-

323 3421 440 3480 vatione
467 3421 581 3496 primae
610 3423 828 3500 coniugationis
855 3425 1003 3493 carentia;
1031 3429 1242 3482 consonantem
1269 3439 1339 3480 vero
1368 3428 1436 3482 ante
1464 3440 1482 3481 o
1509 3421 1549 3480 vol
1569 3439 1600 3478 or

323 3520 462 3584 habentia
489 3521 580 3583 verba
606 3525 703 3602 prima
730 3524 851 3605 quidem
879 3525 1062 3602 coniugatio,
1085 3525 1220 3603 quamvis
1242 3524 1418 3602 plerumque
1440 3522 1625 3589 derivativae·
1652 3570 1653 3579 ,

324 3631 421 3684 tamen
444 3623 535 3685 habet
555 3625 707 3686 interdum
729 3633 759 3685 et
780 3627 940 3705 primitiva.
985 3628 1074 3686 tertia
1101 3644 1172 3685 vero
1199 3624 1310 3704 absque
1339 3627 1370 3685 in
1399 3643 1450 3684 sco
1472 3624 1596 3684 desinen·
1652 3660 1653 3711 q

326 3724 405 3786 tibus
427 3725 605 3788 inchoativis
632 3735 661 3788 et
689 3727 898 3789 communibus
926 3728 972 3788 vel
1001 3725 1219 3806 deponentibus
1248 3729 1279 3785 in
1302 3744 1369 3786 scor
1392 3725 1594 3793 desinentibus,

323 3830 355 3889 in
377 3827 487 3908 quihus
509 3829 579 3889 solis
600 3828 862 3890 terminationibus
877 3829 968 3890 hahet
984 3829 1161 3899 derivativa,
1184 3829 1215 3888 in
1239 3827 1376 3888 omnibus
1391 3828 1513 3908 reliquis
1532 3829 1595 3887 lina·

323 3930 455 3993 litatihus
477 3948 536 3991 non
559 3931 645 3992 facile
667 3933 838 4002 derivativa,
863 3932 914 3992 sed
936 3934 1087 4012 primitiva
1109 3939 1225 3992 tantum
1248 3931 1338 3992 verba
1361 3930 1472 3992 hahere
1492 3931 1593 4009 reperi·

325 4119 332 4124 .
367 4119 625 4129 ..Μ-...ψ

393 4222 408 4272 5
428 4230 454 4270 nt
474 4236 563 4287 precor
581 4236 668 4286 preces
686 4222 766 4271 uador
784 4237 829 4271 uas
849 4236 931 4288 nagor
956 4222 1084 4289 suffragor
1100 4219 1215 4288 gratulor
1231 4221 1347 4284 negotior
1366 4220 1491 4285 negotium
1508 4217 1592 4284 gratior

323 4293 404 4356 gratia
422 4291 531 4344 auxilior
550 4291 672 4341 auxilium
689 4290 799 4357 opitulor
817 4307 933 4342 racemos
950 4294 975 4342 P
1043 4293 1138 4358 gratior
1152 4307 1220 4343 corr.
1240 4290 1354 4356 gratulor
1371 4288 1397 4337 B
1413 4299 1496 4355 grator
1508 4289 1524 4349 s
1538 4301 1590 4351 gra·

323 4363 419 4414 tolort
488 4361 636 4428 bgratulor
654 4377 768 4411 racemos
784 4377 829 4415 om.
851 4362 913 4419 Ber
972 4364 1119 4428 peregrinor
1134 4377 1217 4411 moror
1235 4360 1350 4424 dignort
1401 4373 1508 4423 aucupor
1522 4371 1590 4419 equor

323 4449 369 4482 om.
390 4433 454 4494 Btf
519 4433 534 4481 7
552 4440 631 4480 testor
647 4431 768 4482 testificor
781 4441 805 4481 et
823 4432 916 4481 similia
934 4433 960 4482 B
973 4434 1094 4483 testitleor
1112 4442 1136 4481 et
1154 4432 1246 4481 sivnilia
1261 4431 1298 4493 tf,
1342 4429 1375 4479 10
1393 4430 1451 4492 quia
1467 4425 1588 4476 nonullam

324 4503 347 4551 P
418 4503 448 4552 il
464 4516 591 4564 exsequor
608 4503 753 4552 nominibus
771 4501 881 4552 diriuata
901 4500 1067 4564 Persequor
1085 4517 1118 4550 ex
1137 4501 1282 4552 nominibus
1299 4508 1385 4548 autem
1403 4498 1506 4548 dirioata
1522 4505 1531 4545 t

325 4573 356 4623 15
374 4571 539 4638 penultimam
559 4587 646 4637 puram
668 4572 784 4622 habentia
802 4573 857 4622 BP
870 4572 1033 4638 penultimam
1052 4572 1162 4622 nominis
1181 4585 1268 4636 puram
1288 4569 1440 4625 habentius
1504 4569 1532 4618 22
1548 4565 1588 4612 ad·
1652 4616 1653 4619 ,

323 4643 439 4707 aepiscor
458 4643 498 4690 uel
522 4643 660 4704 (suprascr.
683 4641 793 4705 antiqui)
810 4642 996 4707 tpdepiacorB
1020 4642 1149 4709 adipiscor
1169 4641 1239 4690 nelnt
1261 4640 1357 4702 antiqui
1378 4640 1503 4707 apiseort
1558 4634 1587 4682 27
1652 4656 1653 4709 r

323 4710 364 4760 nel
383 4711 479 4774 primae
498 4712 548 4762 sint
565 4721 663 4762 tantum
681 4711 787 4760 dirivata
803 4713 825 4762 P
841 4711 882 4761 uel
898 4714 994 4776 primae
1013 4721 1072 4761 sunt
1090 4727 1146 4760 enm
1166 4712 1216 4761 sint
1233 4717 1329 4758 tantum
1346 4708 1486 4758 deriuatina
1498 4707 1532 4756 Bt

323 4781 357 4831 30
376 4781 521 4846 coniugatio
540 4779 603 4844 (sibi
622 4781 682 4834 add.
702 4779 723 4844 t)
743 4782 860 4831 nendicat
877 4783 994 4844 quamuis
1010 4781 1053 4832 Bt
1108 4781 1144 4832 34
1160 4795 1211 4830 non
1226 4778 1302 4829 icelle
1319 4778 1396 4828 habet
1409 4779 1534 4828 ditinctiva
1548 4773 1586 4823 aed
1652 4798 1653 4805 ,

323 4849 453 4918 primitiua
469 4859 566 4900 mutum
584 4852 661 4901 uerba
676 4850 769 4902 habere
786 4852 851 4904 solet
868 4851 913 4903 sed
932 4854 957 4902 P
