3350 5442
326 350 386 414 190·
863 344 1018 411 ΡΟΜΡΕΙΙ

348 473 370 513 p.
384 460 473 501 tao-28
486 458 509 499 L.

321 548 373 601 aut
399 539 447 599 hic
478 556 580 599 manes
608 544 657 597 aut
685 537 733 597 lric
761 540 858 599 mania
885 544 937 597 aut
963 536 1066 597 nescio
1093 534 1163 614 quid
1192 532 1260 594 tale.
1305 549 1396 610 quem
1429 533 1466 594 ad
1493 533 1604 593 modurn

321 622 474 701 habemus
487 642 586 701 lacero
608 640 776 717 genetivum
800 636 962 718 pluralem?
984 637 1091 698 lrorum
1105 638 1272 698 maniorum
1287 654 1326 694 an
1341 633 1449 695 horum
1465 637 1605 695 manium?

321 743 365 804 vel
388 761 476 823 quem
499 743 535 803 ad
558 742 678 803 modum
702 742 830 802 dativum
854 748 883 801 et
905 738 1066 801 ablativum
1087 738 1251 818 pluralem?
1272 737 1321 799 his
1343 746 1373 797 et
1394 736 1432 798 alr
1454 736 1504 798 lais
1523 740 1605 797 mani·

321 845 436 905 busan
459 846 572 905 manis't
601 861 661 905 non
683 844 802 905 invenio
825 841 974 920 regulam,
1003 840 1055 902 sed
1078 841 1169 902 redeo
1191 839 1229 899 ad
1250 841 1398 899 rationem
1419 838 1535 900 Donni
1575 838 1607 897 da

320 965 428 1008 nomen
463 948 551 1007 otiam
584 964 708 1007 numero
743 943 902 1023 singulari,
936 942 1014 1021 quod
1049 943 1228 1004 nominativo
1262 940 1370 1021 plurali
1401 942 1434 1001 in
1463 959 1496 1002 es
1523 948 1627 1001 exuto

319 1048 412 1127 agiles
442 1046 589 1128 [manes];
618 1066 687 1109 ecce
715 1047 771 1108 lroc
798 1064 909 1109 nomen
935 1048 966 1105 in
989 1063 1022 1105 es
1044 1045 1119 1115 erit,
1148 1054 1178 1105 et
1198 1042 1272 1105 illud
1298 1060 1409 1104 nomen
1438 1044 1469 1103 in
1492 1062 1525 1103 es
1546 1044 1608 1102 erit.
1641 1114 1644 1117 ⁴

319 1152 365 1211 lac
388 1152 557 1227 genetivum
580 1147 739 1229 pluralem,
763 1148 870 1210 lrorum
893 1146 1014 1225 agilium
1021 1166 1028 1215 ;
1051 1149 1095 1207 sic
1116 1145 1208 1207 habes
1223 1146 1323 1207 lacere
1337 1145 1446 1206 horum
1468 1145 1607 1205 manium:

319 1251 365 1312 liis
393 1260 423 1311 ot
449 1251 487 1311 ab
515 1252 562 1313 his
590 1248 730 1330 agilibus;
765 1252 808 1311 sic
837 1248 929 1310 habes
955 1251 1055 1310 lacere
1082 1248 1129 1309 his
1156 1256 1186 1309 et
1207 1247 1245 1309 ab
1266 1235 1313 1307 his
1335 1246 1483 1309 manibus.
1528 1246 1610 1306 habes

319 1354 438 1431 quidem
462 1352 515 1413 lras
536 1352 656 1431 regulas
679 1352 838 1422 tenendas,
854 1350 1019 1412 secuudum
1037 1368 1162 1431 quarum
1178 1352 1309 1428 rigorem
1324 1351 1442 1429 possint
1456 1347 1608 1413 declinari;

298 1446 417 1516 ¹tamon
445 1457 521 1517 scire
550 1454 641 1517 debes
669 1456 797 1515 maiores
825 1461 942 1515 nostros
970 1455 1025 1513 ista
1053 1454 1173 1513 nomina
1199 1453 1318 1513 numeri
1338 1450 1462 1531 pluralis
1483 1469 1538 1530 pro
1559 1466 1638 1511 suan

319 1555 436 1617 licentia
458 1556 626 1637 protulisse.
671 1554 779 1617 licebat
806 1555 880 1624 illis,
911 1564 941 1616 ct
967 1553 1106 1618 dicebant
1128 1554 1234 1615 horum
1264 1554 1433 1615 maniorum
1456 1552 1608 1613 ethorum

318 1661 458 1720 manium.
505 1677 561 1739 qua
585 1658 717 1719 ratione?
740 1659 879 1736 quoniam
902 1674 963 1717 non
984 1663 1102 1736 poterat
1124 1658 1166 1717 eis
1185 1656 1309 1717 obicere
1330 1655 1504 1734 inperitiam
1524 1671 1608 1731 regu·

317 1760 364 1822 lae
385 1760 511 1823 sublatio
534 1762 650 1822 numeri
672 1756 849 1843 sinlgularis
892 1759 972 1819 unde
999 1758 1057 1819 hoc
1078 1758 1254 1837 probamus,
1284 1759 1327 1819 sic
1349 1757 1608 1818 declinasse-anti·

319 1865 412 1942 quos?
436 1864 528 1924 habes
550 1865 582 1923 in
603 1864 727 1923 Horatio

470 1964 694 2027 anciliorum
717 1972 752 2024 et
774 1964 936 2024 nominis
958 1969 994 2022 et
1016 1968 1124 2041 togae
1621 1975 1640 2011 1³

469 2067 624 2129 oblitus:

318 2170 492 2232 anciliorum
515 2171 595 2230 lacit.
641 2176 738 2229 tamen
762 2185 821 2227 non
844 2174 930 2246 potes
952 2168 980 2227 ei
1003 2166 1217 2227 contradicere.
1262 2166 1371 2246 quare?
1403 2163 1511 2225 ancilia
1532 2163 1608 2223 enim

317 2274 433 2333 numeri
456 2280 526 2332 sunt
548 2279 662 2332 tantum
683 2268 806 2350 pluralis
828 2268 993 2329 secundum
1014 2269 1176 2343 rationem,
1200 2284 1378 2347 quamquam
1401 2265 1560 2343 legerimus
1580 2266 1609 2323 in

319 2372 447 2451 Vergilio
471 2372 670 2453 ‘laevaque
693 2370 816 2434 ancile
838 2370 1025 2449 gerebat'.
1054 2372 1125 2431 item
1142 2369 1341 2431 Vulcanalium
1357 2369 1499 2436 dicimus;
1517 2374 1610 2427 tamen

317 2474 473 2535 Sallustius
506 2476 581 2537 dixit
615 2472 824 2551 ‘religione
853 2472 1157 2533 Vulcanaliorum
1193 2471 1422 2551 impeditus'.
1467 2467 1520 2530 sed
1556 2468 1642 2527 hoen

316 2579 477 2657 usurpavit.
523 2596 591 2638 nam
615 2576 719 2637 debuit
741 2575 842 2636 dicere
863 2573 1078 2635 vulcanalium.
1108 2573 1188 2635 unde
1210 2574 1267 2634 hoc
1288 2571 1468 2653 probamus?
1491 2570 1555 2631 redi
1576 2570 1610 2631 ad

316 2677 397 2739 illam
424 2678 663 2749 similitudinem,
695 2678 732 2739 da
760 2695 870 2738 nomen
898 2684 1038 2737 neutrum
1067 2674 1233 2753 singulare,
1257 2675 1389 2755 quodie
1417 2675 1447 2733 ia
1476 2679 1561 2733 exeat
1582 2673 1610 2731 in

316 2782 496 2842 nominativo
516 2780 634 2861 plurali.
669 2779 756 2858 agilia
780 2778 838 2839 tale
861 2786 906 2840 est
933 2778 1014 2839 acsi
1037 2775 1117 2837 dicas
1140 2776 1256 2847 ancilia,
1280 2775 1338 2837 tale
1361 2785 1406 2847 ost
1427 2794 1462 2836 ac
1484 2776 1510 2836 si
1532 2775 1611 2836 dicas

316 2881 501 2953 Vulcanalia,
529 2884 560 2943 in
588 2883 615 2942 ia
643 2884 711 2943 exit.
756 2899 828 2959 ergo
859 2898 948 2957 quem
975 2878 1011 2939 ad
1040 2878 1160 2940 modum
1189 2880 1260 2939 lacit
1286 2877 1422 2956 agilium,
1452 2880 1496 2937 sic
1525 2876 1612 2937 debet

316 2986 416 3045 lacere
440 2983 642 3046 vulcanalium
669 2991 699 3043 et
726 2981 876 3043 ancilium.
921 2999 993 3059 ergo
1022 2999 1058 3040 ex
1086 2981 1279 3042 similitudine
1306 2978 1434 3057 colligis,
1464 2995 1554 3057 quem
1577 2978 1611 3039 ad
1622 2992 1653 3043 ui

317 3087 437 3147 modum
465 3094 494 3146 et
523 3082 526 3167 l
556 3083 607 3145 illa
636 3087 754 3145 nomina
782 3085 900 3146 numeri
929 3088 1043 3143 tantum
1070 3082 1194 3163 pluralis
1221 3084 1342 3152 iaciant,
1372 3092 1404 3141 ut
1425 3083 1468 3141 sic
1491 3082 1610 3149 iaciant,

317 3204 404 3264 quern
428 3186 464 3246 ad
487 3186 608 3247 modum
631 3184 681 3247 illa
703 3202 778 3263 quae
800 3193 871 3247 sunt
892 3186 1010 3244 numeri
1032 3183 1198 3262 singularis.
1230 3183 1281 3247 sed
1304 3182 1354 3244 illa
1376 3190 1517 3263 usurpata
1533 3190 1609 3249 suut

316 3297 349 3349 ut
371 3289 506 3350 dicerent
533 3287 707 3349 anciliorum
736 3297 766 3348 et
787 3286 1042 3355 vulcanaliorum
1071 3293 1101 3346 et
1129 3294 1348 3365 usurpaverunt
1367 3287 1497 3345 maiores
1519 3286 1612 3345 nostri

317 3408 404 3451 causa
426 3390 574 3451 licentiae.
619 3388 693 3451 haec
720 3397 818 3450 autern
846 3389 967 3450 licentia
996 3395 1063 3449 nata
1087 3396 1147 3458 est,
1176 3388 1243 3467 quia
1267 3406 1327 3448 uon
1349 3395 1489 3467 poterant
1509 3386 1610 3465 regula

316 3493 472 3553 contineri.
551 3512 557 3527 ·
1622 3506 1644 3544 so

401 3593 482 3664 Quae
504 3602 571 3655 sunt
594 3602 694 3656 autern
717 3595 855 3665 nomina,
879 3611 955 3671 quae
977 3612 1038 3655 non
1060 3594 1212 3672 pertinent
1234 3592 1270 3653 ad
1291 3590 1428 3670 regulas?
1451 3592 1507 3652 ista
1530 3598 1613 3651 sunt:

317 3699 433 3757 numeri
460 3705 572 3758 tantum
599 3696 724 3777 pluralis
751 3716 811 3757 non
833 3697 987 3777 pertinent
1008 3694 1045 3755 ad
1068 3695 1141 3755 istas
1163 3694 1279 3773 regulas
1302 3692 1421 3753 ablativi
1443 3692 1611 3771 singularis,

317 3808 346 3860 et
368 3800 433 3859 rite.
479 3818 548 3860 nam
576 3801 600 3860 si
631 3799 752 3878 regulae
781 3798 900 3859 ablativi
928 3807 998 3859 sunt
1025 3795 1197 3875 singularis,
1220 3793 1270 3855 illa
1292 3797 1413 3857 nomina
1434 3804 1537 3857 autem
1559 3814 1613 3855 nu·

316 3903 390 3961 rneri
419 3909 490 3963 sunt
519 3909 631 3962 tantum
662 3900 800 3981 pluralis,
829 3917 890 3959 uon
919 3900 1028 3961 habent
1061 3898 1208 3959 rationem
1236 3897 1356 3957 numeri
1381 3896 1562 3976 singularis„
1583 3906 1613 3957 ut

317 4004 398 4064 exire
427 4002 556 4065 debeant
582 4004 613 4063 in
641 4020 767 4063 numero
793 3999 910 4081 plurali.
954 4002 1027 4062 item
1047 4018 1108 4061 uon
1131 4001 1283 4080 pertiuent
1303 3999 1340 4059 ad
1363 3999 1416 4059 lras
1436 3998 1558 4077 regulas
1579 4017 1646 4063 eas

317 4106 436 4166 nomina
466 4122 542 4182 quae
570 4122 631 4164 non
654 4102 855 4173 declinantur,
879 4107 912 4163 ut
932 4102 976 4163 las
997 4102 1082 4163 netas
1104 4118 1242 4180 nequam.
1272 4119 1365 4181 quare
1381 4117 1442 4160 non
1461 4101 1612 4179 pertiuent

385 4279 401 4325 2
420 4275 509 4326 horum
529 4291 662 4325 manorum
676 4285 718 4324 aut
730 4273 820 4325 horum
838 4272 950 4322 martium
963 4271 1015 4323 Bc
1063 4271 1199 4340 llpossiut
1215 4272 1287 4323 noa
1301 4271 1383 4337 possit
1395 4271 1421 4319 A
1475 4270 1506 4321 11
1521 4270 1612 4321 horum

199 4358 224 4429 1·
316 4361 466 4396 instruorum
485 4345 618 4396 ethorum
638 4346 749 4395 manium
763 4345 817 4395 Bu
832 4344 922 4392 horum
943 4357 1093 4394 marmorum
1111 4342 1245 4392 ethorum
1263 4356 1366 4391 manum
1381 4341 1462 4407 (corr.
1478 4356 1555 4391 -uum
1568 4338 1612 4397 α’)

315 4417 340 4465 Α
412 4418 445 4466 14
463 4416 486 4463 ἰιι
506 4413 620 4481 Horatio]
641 4430 718 4465 earm.
736 4415 812 4476 1115,
831 4412 865 4463 10
935 4413 1067 4479 liparen
1086 4412 1172 4463 ABG
1241 4412 1275 4463 19
1294 4414 1319 4460 in
1335 4408 1461 4477 Vergilio]
1478 4411 1547 4461 Aea.
1566 4411 1612 4460 Vll

317 4486 367 4537 188
438 4485 610 4551 uulganolium
634 4494 659 4536 et
676 4487 713 4535 sic
735 4491 880 4535 emstanter
897 4500 916 4549 g
935 4498 986 4545 pro
1006 4499 1020 4532 o
1042 4482 1167 4546 poeitaC
1235 4484 1269 4533 ²0
1285 4477 1433 4546 Sallustius]
1459 4481 1495 4545 cs.
1511 4497 1541 4544 p.
1563 4480 1612 4533 loti

315 4556 355 4604 ed.
373 4556 449 4607 Liad.
523 4555 676 4621 religionen
692 4555 843 4619 religionem
858 4552 940 4604 ABG
1008 4552 1207 4618 impeditusBa
1224 4589 1251 4607 ..
1267 4594 1273 4606 .
1290 4552 1392 4617 peditus
1407 4555 1431 4599 A
1448 4549 1615 4617 inpeditusG

385 4628 419 4674 ‘22
433 4626 500 4690 quod
519 4626 544 4674 in
563 4626 587 4674 ie
606 4635 680 4676 exest
696 4622 754 4675 Oa*
773 4624 841 4688 quod
859 4625 886 4673 in
905 4625 929 4673 ia
948 4633 989 4673 eat
1007 4623 1055 4674 Bo
1073 4623 1142 4688 quod
1160 4631 1201 4672 eet
1219 4621 1244 4671 A
1315 4622 1348 4672 27
1367 4635 1442 4686 quem
1460 4621 1613 4671 admodum

316 4700 341 4741 et
358 4694 403 4742 illa
420 4696 473 4745 Bu
542 4694 574 4745 31
598 4696 629 4745 ad
647 4696 749 4761 regulos
768 4696 816 4743 ista
838 4702 899 4743 sunt
918 4695 1046 4743 istasunt
1064 4693 1199 4743 uumeriC
1219 4693 1252 4742 ed
1272 4692 1375 4758 regulas
1392 4690 1456 4741 ista3
1471 4691 1537 4755 (ista
1554 4700 1614 4742 suut

238 4794 239 4797 =
315 4765 376 4816 add.
393 4765 421 4827 b)
440 4766 537 4814 numeri
555 4765 581 4814 B
600 4765 631 4815 ed
646 4767 747 4829 regulas
768 4805 796 4818 ..
814 4805 819 4817 .
837 4806 863 4817 ,,
884 4773 944 4813 aunt
957 4763 1002 4827 (ad
1018 4763 1120 4829 regulas
1137 4764 1200 4813 istas
1221 4761 1253 4826 a)
1270 4765 1390 4813 istasunt
1407 4762 1508 4810 numeri
1526 4762 1552 4811 A

316 4834 349 4883 35
367 4832 435 4899 lictu]
457 4835 489 4883 lta
508 4835 532 4881 Α
542 4834 566 4883 B
572 4836 592 4883 G
