3350 5442
518 370 523 377 ·
580 332 816 395 communivit
985 398 988 402 ,
1289 330 1351 394 199

1165 453 1186 493 p.
1199 441 1288 481 tas-at
1302 439 1324 479 L.

70 523 165 587 tabula.
210 521 318 585 tabella
340 524 426 585 ouius
448 522 568 601 generis
591 520 652 581 esti
674 520 818 581 leminini.
864 535 937 599 ergo
961 522 986 581 si
1008 522 1127 599 generis
1148 520 1283 583 dominini
1307 530 1351 583 cst

68 627 226 697 diminutio,
255 631 286 685 et
312 623 476 707 principale
503 622 592 685 debet
614 640 678 685 esse
700 624 819 703 generis
841 621 986 683 leminini.
1029 622 1141 702 virgula
1164 631 1194 684 et
1215 624 1297 705 virga
1320 632 1350 685 ct

67 728 176 800 similia,
201 728 333 807 exceptis
355 728 470 807 paucis,
493 732 527 787 ut
547 723 716 805 pistriluum
738 726 836 803 canis,
859 723 984 804 pistrilla
1007 724 1156 798 canicula,
1186 734 1216 787 et
1236 734 1347 789 cetera.

67 831 185 911 exceptis
206 830 273 891 istis
295 827 409 909 reliqua
432 826 488 889 alia
511 828 656 889 sumimus
679 844 789 906 genera
812 844 827 887 a
851 825 1105 889 diminutionibus.

39 946 48 986 ⁵
137 932 340 994 Nominativus
362 930 520 1011 singularis
542 929 685 992 tredecim
707 928 813 990 litteris
829 929 1018 999 terminatur,
1041 930 1173 1010 quinque
1188 928 1347 1002 vocalibus,

65 1054 105 1097 sex
126 1031 353 1096 semivocalibus
375 1040 405 1096 et
426 1051 484 1094 una
508 1038 588 1092 muta
612 1030 657 1091 vel
680 1029 806 1092 duabus:
831 1032 962 1111 quinque
984 1029 1144 1102 vocalibus,
1167 1050 1184 1093 a
1208 1051 1224 1093 e
1246 1034 1256 1092 i
1277 1053 1295 1093 o
1317 1052 1346 1102 u,

65 1158 90 1208 a,
110 1142 142 1197 ut
162 1136 261 1206 blusa,
290 1155 323 1207 e,
353 1144 387 1197 ut
407 1130 535 1205 mouile,
557 1134 582 1204 i,
606 1141 639 1193 ut
660 1132 753 1212 lrugi,
782 1151 815 1204 o,
845 1143 878 1194 ut
900 1133 1019 1203 Cicero,
1047 1153 1082 1205 u,
1111 1146 1143 1197 ut
1165 1153 1273 1205 cornu;
1296 1154 1348 1197 sex

67 1236 295 1309 semivocalibus,
322 1236 349 1308 l,
377 1242 410 1297 ut
431 1234 504 1307 mel,
533 1253 568 1305 n,
596 1242 630 1296 ut
651 1252 789 1310 carmen,
819 1253 863 1307 m,
887 1241 919 1296 ut
940 1234 1097 1315 templum,
1121 1255 1150 1309 r,
1174 1244 1208 1298 ut
1229 1238 1346 1309 Caesar,

64 1362 88 1411 s,
109 1349 139 1401 ut
159 1339 279 1411 doctus,
302 1357 336 1415 x,
360 1346 394 1400 ut
414 1340 479 1417 pix;
502 1355 560 1399 una
583 1344 662 1397 muta
685 1344 712 1408 t,
736 1345 768 1399 ut
789 1343 886 1418 caput.
917 1337 1008 1399 adicit
1029 1357 1059 1409 o,
1083 1345 1116 1399 ut
1137 1338 1211 1401 allec
1226 1347 1276 1401 aut
1290 1339 1346 1411 lac,

38 1444 95 1508 ode
114 1462 169 1523 quo
190 1442 353 1503 dubitatur.
399 1440 460 1502 dixi
482 1440 539 1502 hoc
561 1440 691 1519 saepius:
716 1438 800 1500 multi
823 1438 940 1508 dicunt,
963 1446 1062 1500 utrum
1085 1438 1130 1501 lac
1153 1441 1287 1503 dicamus
1309 1462 1347 1503 au

64 1546 120 1606 lact.
150 1550 179 1606 et
200 1562 235 1606 re
256 1562 325 1605 vera
348 1545 373 1605 si
395 1560 535 1621 quaeras,
559 1542 617 1604 boc
637 1543 695 1602 rite
717 1541 789 1602 lacit
817 1560 872 1602 nec
901 1540 989 1603 aliud.
1021 1561 1090 1603 nam
1113 1544 1137 1604 si
1161 1542 1271 1605 dixeris
1291 1543 1346 1620 lac,

65 1649 111 1708 erit
129 1648 282 1725 genetivus
304 1643 390 1716 lacis,
413 1664 501 1726 quem
525 1644 561 1706 ad
584 1642 704 1705 modum
728 1642 801 1705 allec
823 1641 932 1704 allecis.
961 1644 1068 1706 lectum
1085 1653 1130 1706 est
1145 1644 1202 1706 boc
1218 1650 1346 1734 saepius,

63 1750 210 1830 praecipue
232 1748 310 1830 apud
332 1747 506 1809 Varronem.
549 1745 599 1808 ille
622 1745 693 1807 dicit
716 1744 777 1807 ‘lac
800 1764 859 1806 uon
882 1744 1028 1808 debemus
1050 1745 1159 1817 dicere,
1183 1748 1235 1809 sed
1258 1748 1344 1811 lact’.

63 1851 106 1911 sed
126 1850 198 1912 dixit
219 1850 328 1913 Caesar
355 1856 458 1911 contra
485 1850 583 1930 ipsum
610 1866 674 1910 rem
697 1845 942 1920 valentissimam,
966 1846 1078 1910 nullum
1101 1868 1211 1911 nomen
1233 1850 1347 1913 duabus

36 1954 143 2017 tantulis
165 1954 329 2015 terminari.
374 1973 391 2013 c
414 1958 511 2015 autem
535 1960 565 2013 et
584 1959 598 2011 t
619 1950 695 2012 duae
718 1957 815 2011 mutae
838 1957 917 2011 sunt.
955 1969 1027 2031 ergo
1051 1950 1163 2014 exclusi
1184 1972 1286 2015 sumus
1309 1954 1346 2015 ab

62 2054 101 2115 illa
121 2054 232 2135 regula.
262 2060 399 2135 superest
413 2061 445 2116 ut
461 2070 620 2134 sequamur
642 2051 774 2131 regulam
790 2051 904 2125 Plauti,
928 2052 1004 2115 lacte
1028 2061 1060 2115 ut
1082 2054 1228 2116 dicamus:
1254 2055 1344 2116 babe-

62 2177 118 2219 nms
142 2160 173 2218 iu
202 2155 377 2219 Reccidibus
404 2157 520 2217 ‘sicut
547 2156 646 2217 lacte
672 2153 785 2216 lactis
811 2153 965 2217 simile’.
1012 2164 1041 2217 et
1068 2156 1188 2237 quidem
1211 2157 1271 2219 dixi
1292 2158 1346 2219 bas

62 2261 191 2322 rabones.
236 2259 314 2321 scire
342 2266 438 2319 autem
467 2256 558 2320 debes
580 2255 660 2337 quod
682 2255 771 2327 hodie
792 2255 864 2317 illud
886 2259 1051 2338 sequimur,
1075 2258 1155 2340 quod
1178 2258 1252 2321 dixit
1272 2261 1345 2321 Ver·

61 2360 149 2440 gilius,
174 2361 231 2434 lac,
256 2368 285 2421 et
307 2360 449 2422 remansit
470 2358 521 2422 illa
543 2357 735 2421 consuetudo.

32 2574 51 2613 „
551 2528 599 2591 nn
621 2528 843 2591 raououmu

133 2651 303 2713 Pronomen
331 2646 530 2718 dictumest,
563 2650 701 2727 quoniam
734 2649 869 2727 iungitur
904 2648 1001 2710 cilicio
1035 2652 1173 2712 nominis.
1217 2655 1344 2715 maiores
1355 2659 1415 2721 too,
1428 2662 1461 2709 ³⁵

60 2756 157 2824 nostri,
182 2772 220 2815 ne
242 2754 401 2814 iteratione
422 2752 570 2813 sermonis
585 2750 704 2832 aliquod
720 2751 869 2812 lastidium
885 2750 1032 2821 lacerent,
1055 2754 1234 2816 invenerunt
1255 2755 1342 2817 aliam
1356 2727 1414 2788 ⁴⁹3’
1428 2730 1461 2777 ³⁶

58 2856 239 2933 particulam,
262 2874 336 2937 quae
359 2855 518 2915 sustineret
533 2854 662 2915 cilicium
684 2852 802 2933 prioris.
833 2852 902 2914 ideo
925 2853 1063 2916 dixerunt
1083 2858 1270 2935 pronomina.
1300 2860 1344 2919 uti

60 2956 214 3037 ‘l'ergilius
228 2959 347 3038 scripsit
360 2957 498 3037 georgica
508 2961 530 3015 ':
553 2962 638 3037 potes
652 2957 741 3016 etiam
757 2953 857 3016 dicere
873 2956 1037 3035 ‘Vergilius
1052 2958 1171 3038 scripsit
1184 2960 1342 3032 Aeneida’;

31 3059 102 3124 used
123 3078 161 3121 ne
183 3059 257 3123 baec
285 3061 348 3140 ipsa
374 3058 492 3119 iteratio
514 3059 629 3139 proprii
651 3058 780 3119 nominis
801 3058 895 3137 possit
915 3058 1065 3121 lastidium
1087 3079 1205 3134 creare,
1227 3061 1342 3125 idcirco

59 3162 91 3221 ita
111 3160 248 3223 locuntur
277 3162 427 3232 homines,
455 3158 619 3239 ‘Vergilius
647 3160 764 3239 scripsit
791 3159 939 3231 bucolica,
967 3162 1032 3241 ipse
1053 3163 1172 3245 scripsit
1193 3167 1340 3244 georgica,
1375 3173 1385 3193 ⁸

57 3264 110 3342 ipse
141 3264 263 3345 scripsit
291 3262 452 3325 Aeneida’.
490 3264 598 3331 varias,
633 3280 692 3342 quo
725 3260 814 3323 modo
847 3264 905 3335 vis,
936 3264 1112 3342 significatio
1146 3264 1249 3327 eadem
1282 3274 1340 3338 est;

58 3367 176 3427 varietas
199 3372 299 3427 tamen
328 3363 400 3447 [est]
429 3366 575 3426 sermonis
604 3364 732 3443 adquirit
745 3356 901 3426 'ornatum
945 3366 1014 3426 ideo
1036 3365 1143 3429 dicitur
1164 3388 1340 3448 pronomen,
1420 3412 1431 3418 -

58 3466 123 3545 quod
147 3468 283 3547 iungitur
305 3466 402 3530 cilicio
425 3466 564 3528 nominis.
597 3483 668 3545 ergo
690 3466 822 3546 iungitur
837 3467 934 3529 olilcio
949 3469 1094 3539 nominis,
1118 3469 1149 3530 'et
1169 3470 1227 3531 boc
1249 3473 1340 3550 signi·

34 3569 114 3628 aticat
134 3586 317 3648 pronomen,
341 3567 420 3649 quod
444 3577 473 3629 et
496 3586 613 3630 nomen.
648 3568 718 3649 quid
742 3570 832 3647 ergo?
855 3569 958 3630 eadem
981 3571 1156 3648 significatio
1179 3580 1224 3633 est
1245 3575 1340 3634 nomi·

59 3671 94 3730 uis
114 3679 142 3732 et
163 3672 368 3752 pronominis?
396 3672 550 3733 nominum
573 3676 686 3733 tantum
708 3670 798 3732 ntodo
821 3672 880 3731 erit
900 3672 1039 3742 varietas,
1068 3691 1128 3734 nou
1151 3673 1339 3753 significatio·

59 3774 109 3832 nisi
136 3775 178 3834 ait
200 3774 348 3843 llcoatus,
377 3773 434 3835 boc
461 3790 561 3835 verum
591 3780 635 3835 est
662 3772 797 3853 quidem,
828 3771 908 3853 quod
936 3774 965 3834 io
989 3775 1110 3837 nomine
1133 3778 1258 3838 varietas
1281 3785 1339 3849 est;

58 3874 98 3934 sed
119 3882 147 3937 et
168 3877 199 3937 in
228 3878 293 3956 ipsa
315 3876 530 3955 significatione
557 3881 602 3937 est
622 3871 719 3953 aliqua
741 3875 883 3946 varietas,
907 3894 966 3937 uon
991 3894 1204 3957 usquequaque
1227 3878 1340 3941 dissen-

113 4067 128 4114 d
147 4064 275 4115 sumimus
293 4076 389 4129 genera
405 4077 420 4112 a
436 4062 646 4113 diminutionibus
665 4062 707 4114 Co
725 4064 849 4113 sumimus
866 4078 961 4129 genere
979 4064 1188 4117 diminutionibus
1202 4066 1227 4115 A
1246 4080 1341 4133 genero

59 4134 168 4186 sumimus
186 4133 399 4184 diminutionibus
416 4132 442 4182 B
512 4132 639 4182 imunile
658 4133 684 4184 B
753 4134 903 4189 bod..oit
920 4133 945 4183 A
963 4134 1087 4185 adiecita
1139 4134 1218 4186 utlac
1235 4136 1290 4187 elec
1308 4139 1339 4187 de

60 4204 136 4263 qxroB
191 4204 226 4256 10
239 4203 372 4253 dubitatua
390 4202 476 4253 ABG
524 4202 572 4253 boe
590 4203 644 4253 dixi
663 4202 688 4252 A
741 4202 812 4252 multi
830 4204 961 4267 inquirunt
982 4206 1204 4256 Wilmcnnaiuede
1224 4207 1339 4259 Verrem.

60 4272 225 4341 diagramma.
248 4289 277 4337 p.
297 4274 358 4326 212.
379 4272 520 4335 quaesitum
547 4288 603 4323 esse
626 4274 666 4323 oel
685 4273 762 4323 mute
781 4274 898 4339 quiddam
915 4276 1044 4325 eccidisse
1060 4276 1159 4326 videtur
1230 4277 1263 4328 12
1283 4276 1340 4329 elec

60 4340 122 4393 slecis
138 4344 163 4393 B
237 4343 270 4395 13
289 4341 342 4393 lac.
360 4358 409 4393 non
426 4358 477 4393 uno
491 4344 576 4394 littero
592 4342 713 4394 deletaB
783 4344 816 4393 14
835 4344 1035 4394 ualentissimum
1053 4344 1128 4395 mea
1146 4344 1339 4397 usledissimem

61 4410 78 4459 d
139 4416 172 4466 lt
191 4424 277 4464 autem
297 4428 343 4466 om.
364 4412 390 4463 B
459 4428 520 4480 ergo
539 4428 584 4467 om.
604 4414 645 4475 A,
664 4412 756 4467 adda
827 4415 924 4463 exclusi
941 4429 1029 4464 sumus
1045 4414 1116 4464 Act
1139 4414 1296 4469 exclusimus
1313 4416 1340 4467 B

115 4484 144 4534 11
164 4485 190 4534 in
209 4480 372 4551 Baccidibus]
395 4498 418 4533 v.
439 4482 471 4535 19
484 4484 508 4533 R
557 4480 640 4550 lactis]
660 4483 718 4532 locti
737 4482 819 4533 codem
835 4484 1018 4549 Neapolitanus
1034 4484 1101 4535 Maii
1113 4488 1191 4536 ctum.
1202 4494 1270 4541 aaa,
1280 4490 1338 4539 c.V

60 4565 79 4611 ρ.
92 4553 136 4603 tua
189 4564 215 4605 et
235 4554 337 4617 quidem
357 4554 379 4603 G
397 4561 421 4603 et
440 4553 559 4617 equidem
576 4554 620 4603 Bu
639 4553 755 4617 equidem
771 4553 796 4602 A
856 4554 889 4607 19
906 4555 1061 4605 consrvetudo
1080 4557 1175 4606 nxrx‘cr
1191 4570 1225 4605 ne
1239 4572 1338 4609 uentus

62 4636 138 4673 rosam
157 4637 318 4675 cvauxamcx
337 4638 467 4674 rvtrcxrso
486 4639 555 4673 ausu
571 4623 596 4671 A
620 4624 776 4675 consuetudo
795 4624 860 4675 sxsz
878 4625 985 4675 ausuG
1052 4626 1086 4675 22
1103 4623 1179 4675 aliam
1196 4625 1271 4678 Bua
1292 4628 1339 4677 ali-

62 4706 123 4751 quam
138 4694 162 4743 A
212 4693 247 4747 23
265 4695 404 4744 sustineret
421 4694 494 4745 Isca
510 4695 620 4744 sustinet
638 4694 663 4741 A
716 4695 749 4743 24
768 4694 950 4759 potestABG
1000 4695 1202 4747 aeneidsABC
1217 4697 1339 4748 aeneidos

61 4758 87 4806 α*
148 4762 182 4814 25
200 4764 247 4815 sed
266 4760 310 4828 me]
332 4772 357 4813 et
375 4765 400 4814 A
470 4763 580 4815 nominis
599 4763 673 4813 Bua
690 4764 814 4815 sermonis
830 4764 856 4814 A
925 4764 960 4817 29
976 4780 1039 4834 ergo
1054 4764 1173 4835 'lirngitur
1191 4766 1275 4818 olilcio
1291 4782 1338 4822 no·

63 4832 125 4883 uiuis
141 4848 187 4887 ossa.
206 4834 239 4897 A,
256 4834 319 4885 odd.
338 4848 356 4883 α
459 4834 494 4887 33
513 4834 621 4884 sedum.
638 4834 673 4899 A,
690 4834 751 4888 odd.
770 4850 787 4884 a

545 5045 553 5080 l
