3350 5442
587 368 822 430 COllllllENTVlll
1290 367 1352 432 217

1168 490 1189 531 p.
1203 479 1292 519 ata-'tt
1305 477 1327 518 1,

72 574 121 634 per
141 554 256 623 modos,
286 574 346 615 non
375 562 421 615 est
450 555 569 630 modus,
593 554 646 617 sed
669 555 793 617 verbum
816 564 869 617 est.
915 557 962 619 laic
985 566 1084 619 autem
1113 558 1219 619 modus
1241 557 1302 618 exit
1322 558 1353 618 in

72 668 128 719 tres
147 656 288 737 syllabas,
311 658 341 718 in
365 668 427 729 tur,
449 659 480 718 in
503 659 538 727 it,
562 659 593 717 in
616 664 660 717 et:
683 659 715 719 in
737 667 794 729 tur,
818 657 927 738 legitur
948 660 1099 729 scribitur,
1123 661 1211 729 init,
1236 661 1351 720 contin

70 762 121 838 git,
143 762 173 820 in
195 766 233 829 et,
257 759 359 839 pudet.
390 759 443 821 sed
465 776 540 841 quae
562 761 593 821 in
615 767 663 821 tur
686 769 716 823 et
737 762 768 821 in
789 763 813 821 it
836 770 944 823 exeunt
966 760 1003 823 ab
1024 761 1181 823 indicativo
1205 764 1351 831 oriuntur,

70 870 103 923 ut
120 861 183 941 lego
205 860 329 941 legitur,
353 864 492 941 contingo
514 864 666 940 contingit.
711 862 778 941 lego
799 863 976 925 indicativus
998 873 1057 933 est,
1081 866 1220 941 contingo
1241 864 1353 925 iudica·

47 964 139 1024 stivus
167 969 228 1031 est;
258 962 328 1024 inde
357 965 490 1024 nascitur
517 963 625 1042 legitur
654 972 684 1026 et
712 967 865 1045 contingit.
909 984 986 1045 quae
1013 968 1045 1027 in
1073 974 1102 1027 et
1130 973 1252 1036 exeunt,
1282 966 1354 1026 duas

69 1065 174 1127 habent
194 1065 443 1145 significationem
472 1063 631 1144 aliquando
658 1086 675 1128 a
704 1085 736 1127 se
759 1069 913 1136 oriuntur,
937 1066 1094 1145 aliquando
1116 1067 1153 1129 ab
1176 1068 1241 1128 aliis
1264 1069 1353 1145 origi·

70 1186 132 1229 nent
160 1168 282 1229 ducunt.
327 1187 343 1229 a
371 1186 404 1229 se
431 1170 581 1244 oriuntur,
611 1171 637 1229 si
666 1169 746 1230 dicas
771 1168 866 1248 pudet
892 1169 1004 1230 taedet:
1041 1188 1128 1231 nemo
1158 1169 1228 1230 dicit
1256 1170 1354 1249 pudeo

70 1270 184 1338 taedeo;
214 1288 285 1349 ergo
309 1270 390 1331 vides
412 1289 428 1331 a
451 1289 484 1331 se
507 1272 598 1331 nasci.
644 1269 817 1351 [aliquando
840 1291 856 1331 a
879 1290 912 1333 se
938 1270 1088 1352 oriuntur]
1117 1271 1274 1352 aliquando
1303 1271 1354 1331 ali·

69 1372 142 1433 unde
164 1374 306 1451 originem
329 1378 463 1433 sumunt:
487 1374 512 1432 si
534 1372 606 1433 relis
629 1372 728 1435 dicere
745 1376 904 1444 misereor,
928 1392 998 1435 ecce
1015 1374 1137 1435 verbum
1153 1383 1211 1444 est,
1236 1383 1265 1435 et
1286 1374 1356 1434 lacit

37 1475 135 1535 roiude
157 1477 286 1536 miseret.
330 1476 407 1535 scire
430 1474 523 1536 debes
545 1477 685 1555 quoniam
713 1477 752 1536 ita
779 1476 932 1537 delinitum
955 1478 1052 1537 estin
1074 1484 1147 1536 arte.
1191 1482 1354 1543 tutamen,

69 1579 92 1637 si
115 1575 237 1637 volueris
264 1578 348 1656 sequi
370 1595 454 1647 vera,
483 1578 612 1657 require.
656 1578 712 1638 ista
741 1578 830 1640 verba
859 1578 1002 1639 defectiva
1029 1586 1112 1646 sunt;
1143 1577 1195 1638 sed
1217 1577 1456 1657 quoniamraae

70 1679 250 1751 deiecerunt,
281 1684 462 1759 acceperunt
489 1680 630 1757 imagines
660 1682 887 1759 pronominum,
915 1688 948 1741 ut
976 1679 1057 1741 illum
1085 1663 1233 1741 detectum
1256 1680 1355 1758 expri-

71 1788 192 1851 merent;
217 1788 348 1843 ceterum
372 1779 460 1841 verba
483 1788 552 1841 sunl
573 1781 728 1844 defectiva.
772 1784 815 1842 vis
836 1783 915 1843 scire
938 1784 1079 1860 quoniam
1102 1781 1190 1843 verba
1212 1788 1282 1842 surrt
1303 1780 1355 1841 de·

72 1884 187 1945 lectiral
215 1884 293 1963 tinge
320 1882 559 1955 similitudinem,
589 1890 619 1943 et
645 1884 777 1945 invenies
810 1884 909 1945 omnia
937 1884 1026 1946 rerba
1052 1883 1252 1964 inpersonalia
1280 1903 1356 1963 quae

39 1987 97 2045 uin
124 1994 151 2047 et
179 1993 287 2047 exeunt
314 1984 393 2065 quod
422 2004 438 2045 a
466 1984 597 2047 secunda
631 1987 837 2065 coniugatione
871 1989 1001 2048 veniunt.
1047 1995 1117 2067 puta
1147 1986 1240 2047 doceo
1267 1985 1356 2047 doces

71 2087 165 2158 docet,
193 2087 283 2148 sedeo
311 2088 398 2149 sedes
426 2087 524 2157 sedet;
555 2106 625 2149 ecce
652 2090 682 2148 in
707 2094 736 2147 et
758 2094 876 2148 exeunt.
920 2090 966 2149 lac
989 2097 1018 2149 et
1041 2087 1113 2150 illud
1135 2088 1227 2168 pudet
1248 2088 1355 2158 taedet,

70 2190 112 2250 lae
138 2190 204 2251 inde
231 2192 357 2270 primam
385 2208 559 2269 personam;
590 2189 756 2259 videamus,
786 2190 812 2249 si
840 2208 900 2251 uon
927 2192 984 2253 erit
1011 2190 1141 2251 secunda
1170 2186 1354 2274 conliugatio,

70 2290 161 2370 pudeo
183 2292 275 2371 pudes
297 2292 404 2372 pudet,
427 2293 532 2375 taedeo
553 2292 655 2353 laedes
676 2292 783 2353 taedet.
816 2291 1021 2372 sedquoniam
1044 2292 1150 2354 taedeo
1172 2292 1274 2354 laedes
1296 2311 1355 2353 uon

68 2394 225 2465 invenitur,
254 2404 462 2455 remanserunt
490 2392 559 2455 illae
587 2395 692 2455 tertiae
719 2412 880 2473 personae,
910 2400 941 2454 et
968 2401 1056 2454 erunt
1083 2393 1171 2455 verba
1200 2394 1353 2455 defectiva.

39 2512 58 2549 n
71 2513 157 2574 quare
178 2496 234 2557 hoc
257 2494 311 2555 tibi
333 2496 411 2557 dixit
434 2496 572 2575 quoniam
595 2498 661 2576 ipse
676 2496 806 2556 Donatus
828 2497 860 2555 in
875 2495 1003 2575 quodam
1025 2495 1091 2557 loco
1106 2498 1243 2557 variant:
1266 2495 1355 2557 modo

70 2597 139 2658 dixit
162 2597 361 2677 inpersonalia
389 2597 476 2678 plane
504 2617 582 2667 esse;
612 2597 669 2659 alio
697 2597 763 2658 loco
791 2597 877 2658 aliter
906 2597 1037 2657 delinivit
1063 2604 1094 2657 et
1115 2598 1189 2659 dixit
1211 2597 1354 2659 defectiva

71 2717 140 2759 esse.
171 2706 201 2759 et
222 2698 283 2759 dixi
307 2701 445 2780 quoniam
468 2700 536 2761 ideo
552 2699 687 2761 addimus
702 2701 887 2779 pronomina,
913 2706 944 2759 ut
966 2698 1112 2760 delectum
1135 2698 1217 2759 illum
1240 2699 1355 2779 inplere

69 2803 217 2879 possimus.
263 2804 334 2863 item
363 2802 441 2883 quod
469 2804 499 2863 in
528 2810 577 2863 tur
605 2804 664 2863 exit
685 2800 834 2871 similiter,
858 2801 941 2880 legor
963 2800 1071 2879 legeris
1093 2800 1217 2879 legitur,
1240 2798 1355 2861 scribor

70 2902 203 2965 scriberis
226 2903 377 2965 scribitur.
424 2923 493 2966 ecoe
516 2906 601 2965 tertia
629 2923 756 2984 persona
780 2912 824 2964 est
850 2902 1055 2964 declinationis
1077 2905 1225 2984 passivae,
1249 2902 1354 2981 legitur
1411 2940 1414 2948 ·

38 3004 202 3067 asscribitur
224 3024 240 3066 a
264 3024 325 3076 me,
350 3024 365 3067 a
389 3012 433 3077 te,
457 3005 576 3068 abillo.
615 3024 687 3085 ergo
710 3008 976 3086 quotienscumque
998 3013 1068 3066 sunt
1089 3005 1234 3067 defectiva
1256 3004 1355 3074 verba,

69 3108 226 3170 succedunt
247 3108 302 3169 ista
324 3126 412 3169 causa
433 3107 595 3169 brevitatis.

148 3210 200 3271 Est
222 3212 310 3271 etiarn
333 3210 457 3289 gerundi
481 3210 587 3272 modus
602 3227 690 3288 quem
715 3210 824 3271 dicunt.
856 3209 982 3289 gerundi
996 3208 1118 3271 modum
1134 3209 1236 3271 dicunt
1255 3212 1354 3278 istum,
1368 3226 1428 3289 412,
1443 3228 1474 3277 1'1

69 3312 179 3390 legendi
202 3312 329 3391 legendo
351 3312 508 3391 legendum
531 3312 640 3375 lectum
663 3311 752 3374 lectu.
783 3312 918 3392 plerique
934 3311 1037 3373 dicunt
1057 3330 1116 3371 non
1138 3311 1258 3373 modum
1282 3331 1355 3383 esse,
1369 3295 1427 3359 504,
1441 3299 1475 3346 30

69 3415 115 3475 sed
137 3416 292 3495 participia
314 3396 468 3475 declinata.
514 3417 736 3495 participiorum
759 3414 974 3475 declinationes
996 3414 1107 3474 scimus
1130 3415 1170 3475 ita
1192 3433 1271 3474 esse:
1306 3421 1357 3475 aut

42 3518 193 3578 afuturum
227 3524 272 3578 est
304 3518 493 3597 participium
526 3537 541 3578 a
575 3519 692 3597 passivo
725 3523 773 3577 aut
801 3517 1010 3597 praeteritum,
1040 3517 1174 3577 luturum
1202 3515 1356 3594 legendus,

70 3621 255 3697 praeteritum
279 3618 381 3679 lectus
418 3617 533 3680 declina
555 3621 611 3680 ista
633 3620 803 3699 partieipia,
828 3626 858 3679 et
876 3619 1018 3679 invenies.
1049 3618 1180 3677 tutorum
1202 3616 1355 3695 legendus,

71 3722 242 3781 nominativo
265 3720 314 3781 hic
335 3719 492 3799 legendus,
516 3723 651 3801 genetivo
674 3721 762 3783 huius
783 3720 917 3799 legendi,
941 3719 1038 3780 dativo
1060 3718 1129 3779 huic
1151 3717 1285 3797 legendo,
1309 3740 1356 3781 ac·

71 3824 194 3884 cusativo
216 3823 297 3884 hunc
319 3821 486 3901 legendum.
523 3822 638 3885 declina
661 3824 878 3903 praeteritum'
902 3822 951 3883 hic
972 3820 1066 3883 lectus
1088 3821 1175 3882 huius
1196 3820 1266 3883 lecti
1288 3821 1357 3883 huic
1411 3831 1415 3848 ·

72 3924 140 3985 lecto
166 3926 247 3987 hunc
274 3924 392 3987 lectum.
439 3944 474 3985 ex
503 3924 598 4005 aliqua
626 3932 709 4005 parte
732 3923 937 3986 declinationis
959 3926 1112 4004 praeteriti
1133 3924 1296 4003 participii,
1320 3944 1357 3984 cx

46 4026 159 4107 saliqua
186 4035 272 4107 parte
296 4024 299 4108 l
324 4024 530 4089 declinationis
558 4027 649 4088 luturi
677 4028 824 4107 participii
851 4028 988 4089 lecerunt
1014 4026 1093 4087 horno
1120 4025 1258 4095 modum,
1287 4034 1356 4105 puta

73 4127 180 4207 legendi
202 4128 329 4207 legendo
352 4127 509 4207 legendum
532 4128 657 4201 lectura,
681 4136 714 4189 ut
737 4128 871 4190 videatur
892 4148 952 4189 non
975 4128 1081 4190 modus
1103 4146 1183 4198 esse,
1212 4127 1264 4188 sed
1286 4146 1355 4207 par·

73 4232 161 4311 ticipia
184 4230 274 4293 sim'ul
297 4229 450 4294 declinata.
488 4232 589 4293 lutura
612 4239 642 4293 et
662 4232 823 4312 praeterita
846 4231 921 4292 haec
943 4230 1058 4300 dicunt,
1082 4229 1133 4291 sed
1156 4248 1218 4291 non
1240 4236 1286 4291 est
1307 4248 1355 4290 ve-

133 4368 225 4435 tlego
245 4368 337 4434 legitur
356 4376 380 4418 et
400 4369 425 4418 in
445 4369 464 4418 it
484 4368 618 4436 (contingo
636 4368 696 4417 odd.
716 4384 747 4431 a,
766 4369 813 4419 secl
827 4376 919 4431 postea
940 4368 1046 4418 deletum
1064 4366 1113 4425 est)
1133 4367 1256 4433 contingit
1274 4366 1358 4417 ABG

132 4438 265 4489 8alirrnde
283 4440 407 4503 originem
426 4448 530 4489 sumunt
547 4439 588 4488 Ga
606 4437 713 4487 aliorum
733 4438 858 4503 originem
876 4447 978 4488 sumunt
995 4437 1021 4485 A
1040 4436 1143 4485 aliunde
1163 4438 1288 4503 originem
1309 4438 1355 4485 du·

74 4516 124 4557 cunt
141 4508 166 4557 Il
237 4510 267 4559 11
288 4524 348 4557 uere
365 4524 471 4573 sequere
489 4508 574 4559 ABG
625 4508 674 4557 ista
692 4507 747 4558 ΑΒ
764 4508 810 4557 aed
828 4510 878 4557 ista
897 4508 936 4558 Ob
989 4507 1067 4555 uerba
1085 4505 1287 4557 deiectiuasunt
1304 4507 1358 4557 BG

74 4578 265 4628 delectiuasunt
286 4578 402 4628 uerbaA
473 4580 505 4629 12
524 4578 594 4628 illum
608 4577 647 4628 Cb
666 4577 728 4626 illud
747 4578 803 4627 AB
873 4579 905 4628 14
924 4577 1038 4627 invenies
1055 4577 1357 4626 Lindemaumasinuenis

75 4648 264 4699 ABiuueniO
333 4648 365 4699 18
384 4649 472 4698 taedeo
491 4648 579 4698 laedes
597 4647 681 4697 taedet
699 4662 744 4701 om.
766 4646 849 4698 ABG
917 4648 950 4698 al
971 4642 1056 4712 plane]
1077 4646 1189 4712 pleuaG
1257 4648 1291 4696 22
1310 4648 1355 4696 de·

75 4716 184 4767 festiuum
198 4718 262 4767 illud
280 4718 365 4769 ABG
419 4718 453 4769 2³
471 4718 601 4784 possimus
618 4716 665 4767 Ba
684 4731 818 4783 possemus
836 4718 907 4769 Act
972 4719 1005 4766 27
1025 4725 1063 4765 est
1081 4716 1155 4765 etlam
1173 4717 1282 4782 gerundi
1296 4715 1356 4783 (ge-

75 4788 135 4837 rendi
156 4786 220 4851 BC)
236 4789 305 4840 modi
323 4786 392 4851 quod
413 4788 500 4838 dicunt
517 4788 659 4854 gerundum
680 4788 832 4853 (gerendum
851 4788 916 4851 BG)
933 4788 1036 4838 modum
1053 4785 1139 4836 ABG
1209 4786 1244 4837 311
1263 4787 1355 4836 lectum

76 4856 131 4907 lectu
147 4858 173 4908 B
244 4858 380 4911 arturum
400 4857 914 4925 -218,1dectinataom.A,ada.a
983 4852 1057 4923 haec]
1078 4856 1126 4907 hoc
1143 4856 1219 4907 Bca
