3350 5442
278 335 352 402 -102
858 332 1012 395 POMPEll

314 445 457 501 pmffih

288 537 351 589 tres
372 534 455 595 sunt,
479 544 555 606 quae
577 526 637 586 sive
660 524 765 585 breues
785 524 847 584 sire
869 522 974 601 longae
997 520 1130 584 eiusdem
1152 522 1232 583 modi
1254 534 1330 595 sunt,
1354 542 1369 583 a
1391 524 1401 582 i
1425 541 1456 583 u:
1480 521 1597 582 simili-

290 640 335 689 ter
357 629 469 689 habent
489 630 551 688 sire
573 626 680 705 longae
702 628 763 687 sive
786 625 900 686 breves.
933 644 950 685 o
972 643 1043 686 vero
1066 632 1096 686 et
1118 642 1134 685 e
1157 644 1216 686 non
1240 632 1346 687 sonant
1368 623 1483 685 breves.
1516 642 1597 685 narn

289 731 406 812 quando
434 730 521 807 longa
550 739 597 789 εει
623 730 740 809 quando
770 728 898 789 dicimus
921 747 938 787 o
961 727 1047 805 longa
1071 735 1169 788 estut
1191 730 1215 787 si
1238 728 1319 789 diras
1341 736 1427 789 sonat
1449 746 1466 788 o
1489 734 1597 789 sonat.

290 838 316 895 si
338 834 420 894 dicas
442 832 521 903 obit,
545 850 563 889 o
583 830 684 891 brevis
706 838 765 900 est:
789 832 815 891 si
836 830 916 891 dicas
940 838 1054 901 orator,
1079 831 1198 909 olonga
1214 839 1267 891 est.
1300 829 1436 891 similiter
1459 850 1476 891 ε
1498 830 1598 891 aliter

289 938 392 1013 longa,
416 935 500 995 aliter
522 933 736 995 brevissonat.
780 932 868 1011 longa
892 942 948 1003 est,
971 934 997 992 si
1019 932 1099 993 dicas
1121 934 1223 1000 evitat:
1248 952 1263 994 e
1285 940 1378 993 sonat.
1411 932 1509 993 brevis
1534 940 1626 1001 est,⁵

289 1037 406 1118 «quando
422 1036 496 1097 dieis
511 1054 619 1115 equus:
637 1054 653 1095 e
668 1042 761 1106 sonat,
778 1035 955 1114 simpliciter
969 1043 1063 1095 sonat.
1088 1042 1117 1095 et
1132 1052 1221 1112 quem
1237 1034 1272 1096 ad
1289 1034 1408 1095 modum
1426 1052 1598 1114 expressae

289 1149 359 1201 sunt
385 1141 460 1199 istae
487 1138 621 1200 litterae?
649 1139 675 1198 si
702 1135 775 1197 velis
802 1136 904 1197 dicere
932 1136 1087 1197 ‘sedebam
1115 1137 1203 1198 hodie
1231 1139 1261 1197 in
1285 1156 1361 1217 equo
1384 1139 1480 1207 meo’,
1506 1144 1542 1197 ut
1569 1137 1598 1197 si

289 1243 370 1304 dicas
393 1240 488 1301 ‘bene
511 1238 630 1300 olebant
651 1240 681 1299 in
705 1238 834 1319 hospitio
857 1257 923 1299 meo
946 1238 1057 1312 rosae'‚
1082 1239 1140 1301 hoc
1165 1239 1337 1301 vilissimum
1360 1248 1418 1310 est,
1441 1242 1520 1318 siqui
1547 1240 1598 1299 sic

289 1344 437 1422 loquatur.
479 1361 552 1421 ergo
574 1361 633 1422 quo
655 1341 744 1402 modo
767 1340 978 1421 exprimendae
1001 1351 1071 1402 sunt
1093 1344 1167 1402 istae
1195 1339 1328 1403 litterae?
1362 1342 1433 1403 dicit
1460 1343 1501 1403 ita
1531 1342 1597 1401 Τε-

289 1448 445 1507 rentianus
470 1444 541 1525 [hoc
563 1442 650 1525 dixit]
676 1445 958 1524 ‘quotienscumque
982 1442 1137 1521 elongem
1165 1443 1300 1506 volumus
1321 1446 1464 1543 proterii,
1488 1442 1639 1505 vicinam

290 1552 329 1609 sit
351 1548 387 1609 ad
409 1550 420 1607 i
442 1547 599 1608 litteram’.
629 1547 694 1624 ipse
716 1564 807 1607 sonus
829 1547 872 1606 sic
895 1544 984 1606 debet
1005 1562 1121 1615 sonare,
1146 1565 1204 1626 quo
1227 1547 1315 1607 modo
1338 1555 1423 1607 sonat
1444 1549 1454 1607 i
1476 1546 1595 1608 littera.

290 1650 408 1729 ‹puarrdo
432 1646 436 1729 l
460 1648 535 1709 dieis
557 1648 660 1717 evitat,
684 1648 778 1707 vicina
801 1646 890 1707 debet
913 1660 989 1718 εεεε,
1014 1649 1194 1727 stuprasse,
1219 1650 1261 1709 sic
1284 1657 1422 1727 angusta,
1445 1657 1477 1711 ut
1491 1650 1597 1710 vicina

289 1755 328 1813 sit
350 1752 385 1813 ad
408 1754 418 1811 i
440 1752 577 1811 litteram.
623 1748 742 1828 quando
770 1750 813 1809 ns
842 1747 941 1809 dicere
971 1748 1090 1810 brevem
1120 1770 1150 1820 e,
1180 1749 1354 1830 simpliciter
1381 1759 1474 1814 serrat.
1512 1778 1532 1814 ιι
1576 1774 1596 1813 o

290 1856 378 1931 longa
399 1854 437 1913 sit
458 1871 494 1913 an
520 1851 626 1913 brevis.
660 1853 686 1911 si
708 1849 796 1929 longa
820 1858 877 1921 est,
901 1850 991 1911 debet
1013 1870 1104 1913 sonus
1125 1854 1189 1931 ipse
1211 1854 1287 1913 intra
1311 1852 1441 1931 palatum
1466 1874 1594 1925 sonare,

290 1965 322 2041 ut
342 1958 367 2016 si
390 1954 470 2015 dicas
492 1960 606 2023 orator,
631 1954 715 2033 quasi
736 1955 816 2014 intra
837 1961 932 2023 sonat,
956 1954 1033 2014 intra
1055 1952 1194 2032 palatum.
1240 1957 1265 2015 si
1286 1955 1385 2016 brevis
1407 1964 1465 2028 est,
1496 1958 1637 2019 debet1⁵

290 2060 394 2138 primis
416 2056 508 2118 labris
530 2074 650 2125 sonare,
681 2056 765 2132 quasi
787 2056 928 2116 extremis
950 2053 1055 2123 labris,
1083 2064 1115 2116 ut
1142 2064 1211 2135 puta
1235 2058 1260 2117 si
1282 2057 1363 2118 dicas
1385 2058 1455 2119 obit.
1494 2060 1596 2121 habes

290 2163 376 2221 istam
391 2158 524 2236 regulam
542 2176 713 2236 expressam
728 2159 760 2217 in
775 2158 967 2219 Terentiano.
1001 2158 1119 2236 quando
1143 2160 1184 2218 vis
1207 2161 1374 2237 exprimere
1397 2162 1463 2241 quia
1486 2160 1595 2223 brevis

290 2270 348 2331 est,
373 2262 478 2341 primis
499 2259 592 2321 labris
614 2267 712 2327 sonat;
736 2258 854 2339 (quando
877 2260 1019 2338 exprimis
1040 2257 1174 2337 longam,
1197 2262 1275 2321 intra
1297 2259 1427 2341 palatum
1450 2273 1547 2324 sonat.

175 2380 277 2428 ιιιιι
377 2364 453 2422 Sunt
473 2362 590 2423 vocales
611 2364 757 2441 quinque,
785 2360 837 2421 sed
861 2378 921 2421 non
951 2378 1054 2420 omnes
1078 2363 1192 2423 vocales
1215 2370 1284 2423 sunt
1306 2383 1433 2444 semper.
1478 2384 1594 2427 nama

177 2450 235 2504 Μ’
248 2449 279 2496 3¹
294 2473 323 2525 et
345 2484 361 2525 ε
384 2473 414 2525 et
436 2484 453 2524 ο
474 2482 593 2544 semper
616 2464 828 2524 recalescunt.
867 2464 877 2523 i
901 2472 1023 2523 veroet
1044 2482 1064 2523 u
1086 2466 1180 2525 varias
1202 2464 1314 2525 habent
1335 2473 1511 2544 potestates:
1538 2488 1592 2528 vo·
1609 2483 1635 2522 eo

291 2566 369 2628 cales
398 2573 481 2637 sunt,
510 2564 702 2626 semivocales
730 2573 812 2637 sunt,
843 2564 958 2626 mediae
987 2572 1071 2635 sunt,
1101 2564 1173 2627 nihil
1202 2575 1285 2637 sunt,
1315 2567 1483 2646 digammon
1507 2578 1592 2639 sunt.

291 2669 425 2749 duplices
447 2675 525 2730 sunt.
570 2670 668 2729 varias
694 2667 807 2729 habent
828 2674 1007 2748 potestates:
1038 2666 1186 2729 habentur
1208 2688 1262 2749 pro
1286 2667 1449 2740 vocalibus,
1473 2670 1593 2733 haben-

291 2780 338 2832 tur
360 2790 415 2851 pro
438 2768 677 2839 semivocalibus,
702 2770 850 2831 habentur
872 2788 926 2849 pro
950 2770 1070 2839 mediis,
1095 2769 1243 2832 habentur
1265 2790 1321 2850 pro
1344 2771 1448 2841 nihilo,
1472 2772 1592 2835 haben·

292 2882 339 2933 tur
362 2891 415 2951 pro
439 2872 603 2949 digammo,
632 2871 779 2932 habentur
807 2890 861 2950 pro
885 2870 1060 2949 duplicibus
1106 2872 1157 2933 sed
1182 2870 1236 2932 hae
1259 2891 1308 2932 sex
1332 2875 1455 2934 virtutes
1476 2875 1593 2953 signiti-

292 2976 415 3035 cationis
431 2991 489 3035 non
506 2976 662 3054 utriusque
677 2980 756 3034 sunt.
786 2991 854 3033 nam
878 2979 939 3032 tres
962 2974 1194 3051 significationes
1216 2991 1391 3035 communes
1412 2984 1488 3048 sunt,
1513 2976 1593 3039 aliae
1607 2994 1632 3033 ιι

291 3096 350 3137 non
373 3084 441 3137 sunt
455 3094 646 3137 communes.
690 3077 762 3135 istae
786 3083 846 3135 tres
869 3081 1030 3153 potestates
1052 3076 1274 3153 significationis
1302 3084 1371 3138 sunt
1393 3083 1452 3138 tam
1475 3079 1485 3137 i
1506 3076 1591 3141 litte·
1667 3116 1668 3121 ι

294 3315 343 3351 non
363 3308 454 3348 sonant
472 3300 563 3348 breues
579 3298 620 3348 B:
634 3303 767 3363 praeterea
778 3296 810 3346 de
823 3296 881 3347 istis
894 3296 1005 3361 quinque
1020 3296 1110 3347 litteris
1128 3305 1179 3347 tres
1198 3304 1258 3348 sunt
1276 3312 1340 3360 quae
1355 3299 1411 3349 siue
1426 3298 1516 3347 breones
1534 3302 1592 3351 sine

294 3372 387 3435 lorgoe
403 3368 543 3432 (eiusmodi
560 3383 576 3415 a
593 3368 601 3415 i
619 3383 636 3416 u
654 3367 772 3416 similiter
789 3366 884 3415 liabent
902 3367 957 3417 siue
973 3368 1047 3431 longe
1064 3367 1119 3417 siue
1137 3368 1229 3417 breues
1245 3381 1260 3416 ο
1275 3382 1336 3419 uero
1355 3380 1380 3417 ει
1398 3384 1412 3419 e
1429 3383 1480 3419 uon
1495 3382 1592 3421 sonant

295 3442 386 3488 breues
405 3454 463 3487 nam
481 3438 583 3501 quondo
605 3434 682 3501 longe
700 3446 738 3485 est
754 3436 856 3499 quando
874 3436 983 3486 dicimus
998 3452 1012 3487 o
1030 3437 1107 3503 longe
1122 3446 1160 3487 eet
1175 3446 1203 3487 ut
1221 3438 1243 3485 si
1263 3438 1333 3488 dices
1351 3447 1424 3487 sonat
1440 3456 1455 3487 ο
1473 3453 1550 3491 sonat
1568 3444 1592 3490 si

294 3511 364 3559 diras
384 3509 445 3561 atu.
470 3524 484 3556 e
504 3509 530 3557 in
550 3508 645 3573 uturp.)
668 3508 721 3555 obit
743 3508 771 3556 0.
796 3508 828 3556 de
849 3508 1052 3569 pronuntiatione
1077 3522 1091 3555 e
1112 3517 1136 3557 et
1153 3521 1168 3556 ο
1187 3508 1305 3557 coralium
1323 3508 1409 3559 eadem
1423 3512 1593 3575 praecepisse

292 3581 391 3630 uidetur
407 3579 592 3643 praenuntiem.
611 3592 675 3642 pune
693 3578 838 3627 commotius
853 3579 971 3641 expositu
988 3580 1086 3627 suntin
1103 3577 1187 3627 Seruii
1203 3585 1229 3627 et
1246 3576 1332 3643 Serpit
1341 3583 1530 3639 commentariis,
1548 3586 1593 3645 qui

293 3652 419 3708 dicuntur,
438 3653 455 3699 1.
475 3664 498 3698 o.
514 3652 598 3711 itaque
613 3648 637 3696 si
648 3648 752 3709 scripsit
764 3648 832 3711 quod
845 3649 869 3697 iu
887 3647 959 3697 tibris
976 3656 1024 3710 eet,
1043 3656 1122 3697 cete
1141 3660 1190 3695 non
1209 3660 1300 3697 sonam
1321 3648 1419 3711 breves,
1438 3648 1485 3699 lice
1500 3653 1590 3709 uoluit.

295 3736 309 3769 c
328 3727 353 3768 et
371 3738 385 3767 e
403 3718 493 3768 breues
510 3720 649 3767 naturalem
668 3732 754 3766 sonum
771 3732 820 3767 non
836 3718 938 3767 labere.
964 3733 1044 3781 quare
1062 3732 1126 3782 quoe
1145 3720 1194 3767 inm
1213 3724 1351 3783 sequuntur
1365 3720 1397 3768 de
1418 3734 1432 3767 o
1454 3723 1537 3771 coculi
1552 3726 1592 3771 sic

291 3789 405 3850 ferend
422 3789 579 3853 mammutiet
599 3787 695 3853 quidem
712 3795 813 3837 urentem
833 3790 925 3853 refinpt
942 3796 1061 3852 pereunt.
1084 3800 1141 3835 nam
1162 3801 1176 3836 ο
1199 3788 1300 3849 qnando
1317 3787 1401 3837 brevis
1420 3799 1465 3846 est.
1485 3792 1591 3854 penitus

295 3874 343 3910 non
362 3868 437 3909 sonat
452 3873 480 3920 ος
502 3858 603 3921 quondo
624 3858 700 3923 longa
719 3867 771 3915 est,
788 3859 825 3906 sic
847 3867 932 3920 ιιιιιιιι,
957 3868 984 3906 ut
1001 3859 1023 3907 ai
1037 3857 1109 3906 dicus
1129 3872 1143 3903 ο
1160 3866 1234 3905 ιοιιιιι
1303 3856 1319 3909 3
1337 3866 1363 3907 ut
1381 3859 1404 3907 si
1423 3858 1592 3911 dicesserunt

294 3946 363 3980 corr.
381 3932 415 3978 nt.
435 3944 499 3979 nrnn.
519 3934 546 3975 ut
563 3928 585 3974 si
603 3927 673 3976 dicos
692 3927 800 3976 obsonet
817 3927 841 3975 B
927 3930 944 3977 4
962 3929 983 3976 ei
1002 3927 1072 3976 dieas
1092 3926 1144 3975 obit
1163 3925 1187 3974 B
1194 3942 1210 3975 n
1234 3927 1281 3976 sibi
1300 3927 1352 3976 obit
1370 3928 1394 3976 A
1411 3928 1462 3977 sibi
1481 3929 1542 3979 obiit
1564 3932 1589 3981 L

363 3996 480 4048 similiter
492 4013 506 4045 e
519 3997 593 4045 aliter
611 3996 688 4063 longa
704 3997 779 4045 aliter
798 3996 884 4046 breuis
903 4004 976 4047 sonet
994 3995 1072 4062 longn
1089 4004 1128 4047 est
1145 3997 1167 4045 si
1188 3996 1258 4046 nea
1274 3998 1390 4047 similiter
1409 4014 1423 4048 c
1442 4000 1513 4049 aliter
1531 4001 1589 4050 bre·

295 4070 335 4117 nis
356 4082 393 4116 εει
412 4069 485 4116 εΙίιει
510 4067 643 4130 longeest
666 4067 719 4130 (est
738 4082 785 4120 om.
804 4065 844 4129 A)
863 4067 885 4115 si
903 4066 944 4116 A?
959 4066 988 4114 L*
1068 4067 1129 4115 int
1147 4063 1179 4132 si]
1204 4078 1248 4116 arn
1266 4068 1287 4116 si
1304 4066 1387 4119 ABG
1404 4084 1434 4117 ec
1451 4071 1473 4118 εἰ
1494 4068 1517 4118 L

294 4136 410 4199 estquis
429 4138 477 4187 troc
496 4136 613 4199 loquatur
630 4135 655 4184 B
672 4136 694 4184 ei
713 4137 771 4199 quis
788 4136 837 4185 hoe
857 4136 967 4199 loquitur
983 4137 1007 4185 A
1017 4136 1037 4184 L
1055 4138 1077 4185 si
1097 4136 1140 4198 qui
1159 4138 1196 4185 sic
1215 4136 1326 4201 loquitur
1343 4152 1359 4185 n
1374 4139 1397 4187 ei
1415 4140 1472 4201 quie
1489 4138 1530 4188 lrie
1550 4140 1589 4189 lo-

294 4208 425 4270 ‹quererG
492 4206 635 4256 odientes
652 4205 728 4255 cea
746 4205 811 4256 dieis
826 4207 862 4254 ita
877 4207 900 4254 A
918 4206 982 4254 dixit
1002 4207 1077 4255 ital,
1148 4208 1317 4256 terrentianus
1338 4207 1407 4258 BL:
1428 4210 1460 4259 de
1474 4224 1589 4273 pronun·

294 4280 394 4328 titutione
412 4293 426 4325 e
451 4284 476 4328 et
493 4292 508 4327 o
525 4276 646 4327 vocalium
664 4276 732 4325 dixit
753 4276 920 4325 Terentianus
937 4290 959 4325 u·
980 4276 1029 4327 116
1045 4294 1118 4342 sqq,
1138 4292 1283 4343 punrnpuum
1302 4292 1351 4327 non
1367 4292 1476 4340 peomne
1492 4294 1524 4329 en
1543 4283 1589 4330 dc·

294 4350 352 4410 ruit,
372 4363 437 4412 qnae
453 4349 587 4412 Pompeius
603 4348 628 4396 ei
641 4346 726 4396 tribuit
794 4345 827 4397 10
848 4344 962 4411 prolerre
986 4346 1173 4397 Lindenrnnuue
1244 4348 1277 4399 12
1296 4358 1322 4397 ιιι
1340 4363 1385 4397 om.
1405 4348 1517 4401 ABGL

296 4419 329 4469 13
349 4416 392 4485 εἰι]
415 4417 443 4466 nt
465 4418 487 4465 L
558 4417 642 4466 dicere
665 4416 768 4465 breuem
789 4418 887 4475 (breu's
907 4430 975 4465 enm.
997 4432 1048 4465 ·em
1068 4416 1100 4481 G)
1122 4432 1135 4465 e
1153 4417 1304 4481 simpliciter
1319 4426 1392 4467 sonet
1408 4433 1422 4467 o
1441 4418 1470 4483 (c
1487 4434 1534 4471 cm.
1551 4420 1588 4481 B)

297 4490 375 4553 longe
391 4488 424 4535 sit
441 4488 468 4536 B
474 4488 495 4536 0
512 4488 597 4537 dicere
615 4488 716 4536 breuem
739 4486 816 4552 longa
835 4486 869 4535 sit
889 4486 959 4534 AL.-
976 4487 1068 4537 lucerna
1089 4502 1161 4552 quom
1178 4488 1288 4538 indicaui
1304 4487 1367 4539 doec
1382 4488 1440 4551 sere
1460 4488 1590 4540 excidisse

295 4558 419 4617 uidentur,
440 4558 499 4606 item
519 4558 648 4619 quaeritur
666 4571 680 4605 o
698 4557 776 4623 longe
792 4557 825 4606 sit
878 4556 910 4606 15
930 4556 1003 4618 quasi
1023 4559 1087 4607 intre
1103 4556 1175 4607 nea
1189 4558 1290 4620 qnando
1311 4558 1375 4607 intre
1393 4559 1418 4608 A
1488 4560 1522 4610 24
1540 4562 1588 4609 sed

296 4626 346 4676 luae
360 4642 405 4676 sex
419 4629 528 4676 uirtutes
546 4626 739 4691 significationis
754 4627 788 4684 A,
802 4633 830 4675 ut
847 4626 953 4685 uidetur,
974 4627 1018 4676 sed
1034 4626 1097 4677 haec
1111 4627 1142 4677 Ul
1161 4628 1267 4677 uirtutes
1285 4627 1479 4695 significationis
1501 4630 1525 4679 L
1540 4632 1587 4679 sed

298 4698 403 4746 uirtutes
421 4697 615 4763 significationis
631 4695 655 4746 B
673 4696 716 4745 sed
737 4694 784 4745 hae
797 4695 992 4761 significationis
1009 4696 1047 4745 ud
1066 4698 1111 4747 sed
1129 4696 1177 4747 lune
1196 4698 1395 4763 significationes
1414 4698 1435 4747 G
1485 4699 1520 4750 26
1535 4714 1586 4749 ιιοιι

297 4775 356 4814 sunt
370 4780 517 4817 communes
535 4768 600 4817 iotae
617 4776 668 4816 tres
684 4766 736 4815 AL
755 4780 805 4816 non
822 4774 882 4815 eunt
897 4780 1043 4817 communes
1060 4778 1121 4833 pute
1139 4776 1166 4816 ut
1181 4767 1214 4817 sit
1234 4768 1328 4818 uomlis
1346 4776 1373 4817 ut
1391 4770 1425 4820 eit
1443 4770 1588 4821 seminece-

297 4835 329 4886 lis
347 4846 374 4885 ut
391 4837 475 4886 medie
494 4846 545 4886 tres
562 4838 625 4886 istae
640 4837 714 4887 nea
