3350 5442
337 344 397 408 128
905 350 1057 414 POblPEll

359 468 381 509 p.
394 455 505 497 εε-τεε.

334 534 418 606 lieri,
442 535 562 596 ultimus
585 543 615 596 et
636 536 843 616 paenultimus
864 554 867 558 ·
888 538 955 599 viole
982 545 1089 619 quanta
1117 538 1260 601 brevitate
1287 538 1402 618 colligis
1428 540 1507 600 hanc
1532 544 1610 601 ratic·

334 657 412 700 nem.
444 637 521 718 opud
537 637 658 699 Latinos
673 638 775 701 ultima
792 638 904 719 syllaba
924 648 1077 702 accentum
1099 660 1158 702 non
1179 640 1281 708 babet;
1306 660 1366 701 non
1388 641 1467 703 licet
1501 652 1610 722 excepta

333 742 387 801 ista
409 740 510 801 ultima
533 740 657 820 syllaba,
686 761 774 822 quam
803 762 864 803 non
891 740 961 803 licet
987 742 1098 805 habere
1127 750 1297 813 accentum,
1325 743 1396 823 quid
1425 744 1512 807 nobis
1532 744 1609 805 relin-

334 845 453 920 quitur?
473 839 479 925 l
497 850 530 904 ut
551 853 656 907 acutus
678 852 818 906 accentus
841 845 917 924 apud
940 846 1058 905 Latinos
1080 844 1155 906 duos
1170 844 1278 907 habeat
1292 844 1382 916 locos
1405 846 1610 926 paenultimam

334 953 364 1005 et
385 944 682 1025 antepaenultimum,
706 947 915 1009 circumflexus
937 955 1076 1010 accentus
1098 966 1190 1008 unum
1214 946 1322 1009 babeat
1344 947 1453 1018 locum,
1476 948 1629 1029 paenulis

334 1066 424 1107 mum.
468 1047 549 1108 vides
571 1067 657 1127 ergo,
681 1056 788 1129 quanta
812 1050 954 1111 brevitate
976 1050 1032 1109 hoc
1055 1050 1091 1111 sit
1113 1050 1232 1111 iactum.
1273 1058 1334 1111 tres
1357 1060 1443 1113 erant
1465 1049 1522 1111 loci
1543 1053 1610 1110 acuti

334 1158 473 1210 accentus
495 1150 572 1229 apud
595 1150 737 1222 Graecos,
760 1153 895 1223 ultimus,
919 1152 1131 1232 paenultimus‚
1150 1153 1426 1233 antepaenultimus,
1453 1161 1483 1213 et
1498 1154 1611 1213 circum-

333 1252 402 1313 fleri
424 1259 564 1312 accentus
586 1252 644 1313 duo
667 1261 752 1314 erant
773 1254 845 1326 loci,
870 1254 988 1316 ultimus
1012 1262 1040 1315 ct
1061 1254 1269 1335 paenultimus.
1307 1274 1426 1315 remove
1456 1258 1543 1317 istum
1571 1257 1612 1333 qui

334 1356 409 1435 apud
433 1354 553 1415 latinos
575 1336 729 1417 accentum
752 1376 812 1417 non
842 1355 931 1419 babet
952 1358 1082 1435 penitus,
1113 1357 1143 1417 id
1173 1366 1216 1417 est
1245 1356 1389 1418 ultimum.
1427 1356 1486 1419 boc
1509 1365 1611 1418 remoto

334 1458 391 1519 hoc
413 1465 564 1536 superest,
588 1468 621 1518 ut
642 1458 692 1519 ille
713 1457 935 1531 circumflexus,
964 1461 1015 1537 qui
1038 1458 1140 1520 babuit
1168 1459 1242 1521 duos
1264 1458 1359 1529 locos,
1389 1459 1499 1521 babeat
1521 1475 1639 1527 unumu

335 1567 364 1620 et
386 1569 500 1630 acutus,
523 1561 575 1637 qui
596 1557 698 1621 habuit
720 1569 781 1621 tres
804 1560 898 1631 locoS,
923 1560 1030 1621 babeat
1052 1561 1133 1622 duos.
1171 1563 1256 1622 tertia
1280 1580 1350 1639 ergo
1373 1580 1389 1621 a
1412 1562 1474 1622 fine
1497 1580 1553 1621 non
1567 1580 1611 1640 po·

335 1671 391 1724 test
412 1662 522 1724 habere
542 1664 599 1723 nisi
621 1669 777 1724 accentum
799 1669 932 1732 acutum,
956 1663 1093 1742 quoniam
1110 1662 1237 1725 diximus
1252 1672 1368 1724 acutum
1385 1682 1447 1723 non
1463 1663 1612 1723 ascendere

334 1767 390 1826 nisi
412 1784 504 1845 usque
531 1764 566 1824 ad
595 1768 717 1825 tertium
744 1764 855 1826 locum.
899 1782 969 1843 ergo
993 1766 1077 1825 tertia
1103 1764 1213 1844 syllaba
1242 1772 1313 1827 tuno
1341 1764 1433 1825 babet
1456 1773 1610 1833 accentum,

334 1867 453 1947 quando
474 1864 655 1946 paenultima
678 1866 776 1927 brevis
799 1875 850 1928 est.
896 1866 962 1928 iueo
985 1868 1072 1927 tertia
1092 1865 1182 1928 babet
1204 1874 1321 1928 acutum
1349 1867 1465 1937 solum,
1496 1867 1612 1928 secunda
1646 1864 1647 1877 ¹

334 1988 350 2029 a
373 1971 430 2030 line
459 1976 632 2047 utrumque,
661 1978 691 2030 et
717 1977 834 2030 acutum
863 1977 892 2029 et
919 1968 1148 2030 circumflexum.
1195 1969 1240 2031 his
1268 1968 1382 2048 legibus
1411 1968 1507 2031 semel
1529 1972 1639 2048 captisu

333 2073 392 2132 ia'm
414 2072 502 2132 modo
524 2071 676 2132 videamus
698 2072 735 2132 de
758 2069 880 2150 singulis
903 2071 1035 2150 partibus
1057 2072 1212 2142 orationis,
1244 2078 1273 2132 ct
1294 2074 1423 2151 primum
1447 2074 1612 2151 incipiemus

333 2182 460 2237 tractare
483 2173 519 2234 de
542 2172 761 2253 monosyllabis.
805 2182 960 2253 praeterea
982 2182 1137 2254 antequam
1160 2182 1329 2247 tractemus,
1353 2174 1410 2235 boo
1434 2176 1531 2254 ipsum
1546 2174 1612 2233 scire

334 2276 439 2346 debes,
463 2278 531 2356 quia
554 2277 660 2356 positio
682 2277 714 2335 in
735 2276 905 2336 accentibus
921 2294 980 2336 non
996 2282 1172 2355 conputatur
1187 2278 1218 2336 in
1234 2275 1456 2357 monosyllabis.
1488 2274 1552 2335 talis
1566 2282 1610 2345 est,

334 2381 358 2439 si
380 2382 419 2440 sit
438 2380 584 2459 positione
605 2376 702 2455 longa,
725 2396 760 2437 ac
782 2379 806 2437 si
829 2380 867 2438 sit
889 2378 1062 2439 naturaliter
1085 2377 1196 2439 brevis:
1221 2396 1280 2438 non
1295 2377 1365 2439 licet
1380 2387 1412 2439 ut
1427 2377 1539 2459 aliquid
1555 2376 1612 2456 plus

333 2480 453 2551 habeat,
483 2488 624 2562 quantum
652 2479 690 2541 ad
711 2486 850 2540 accentus
877 2481 1019 2559 pertinet;
1052 2482 1198 2561 positione
1225 2480 1313 2558 longa
1341 2478 1453 2560 syllaba
1476 2482 1502 2540 si
1523 2480 1640 2547 intritus·

334 2583 400 2644 talis
422 2593 479 2653 est,
503 2586 585 2644 acsi
607 2600 667 2643 non
689 2584 727 2643 sit
748 2584 895 2661 positione
917 2581 1013 2660 longa,
1036 2582 1087 2642 sed
1110 2584 1148 2643 sit
1171 2581 1341 2644 naturaiiter
1363 2582 1473 2643 brevis.
1493 2577 1499 2664 Ι

417 2684 616 2766 blonosyllaba
638 2704 706 2764 pars
729 2686 872 2745 orationis
894 2686 919 2745 si
943 2683 1116 2746 naturaliter
1143 2683 1316 2763 productam
1345 2684 1477 2745 vocalem
1506 2682 1608 2751 habeat

334 2787 556 2850 circumflexum
578 2786 667 2848 habet
688 2795 851 2847 accentum.
898 2795 929 2846 ut
949 2795 1019 2866 puta
1043 2786 1109 2855 dos,
1140 2785 1311 2847 naturaliter
1338 2785 1426 2864 longa
1456 2793 1515 2855 est;
1542 2788 1609 2865 spes,

334 2890 506 2952 naturaliter
534 2889 622 2968 longa
650 2897 707 2958 est;
730 2892 794 2958 aes,
823 2888 997 2950 naturaliter
1024 2888 1111 2965 longa
1140 2896 1185 2949 est
1212 2886 1305 2968 [unde
1333 2888 1404 2948 iacit
1431 2886 1526 2969 aera],
1549 2888 1608 2965 quia

333 2993 533 3073 diphthongus
555 2999 607 3051 est.
652 2989 854 3069 monosyllaba
878 3008 948 3068 crgo
976 2992 1221 3070 persuationis,
1251 2992 1276 3049 si
1298 2989 1473 3051 naturaliter
1495 2988 1647 3069 produc-²⁵¹

333 3104 393 3155 tam
417 3091 548 3155 vocalem
570 3092 719 3162 habuerit,
743 3091 963 3154 circumflexum
987 3091 1108 3153 babebit
1125 3098 1286 3153 accentum.
1332 3092 1404 3172 qnid
1431 3095 1457 3153 si
1481 3088 1610 3151 naturali·

334 3205 380 3257 ter
403 3202 570 3275 correptam
593 3195 749 3256 babuerit?
779 3202 880 3256 acutus
909 3196 978 3265 erit,
1008 3202 1039 3255 ut
1066 3202 1136 3274 puta
1159 3202 1188 3255 et
1209 3212 1265 3255 neo
1287 3212 1358 3274 qne:
1388 3195 1609 3273 ‘primusque

333 3298 536 3367 blachaon’,
561 3305 594 3357 ut
615 3299 652 3357 sit
675 3298 852 3358 coniunctio.
885 3296 956 3376 quid
980 3298 1005 3357 si
1027 3298 1173 3376 positione
1195 3294 1280 3374 longa
1304 3297 1360 3357 sit?
1383 3296 1457 3356 illud
1474 3294 1549 3374 quod
1565 3294 1609 3353 tibi

334 3401 408 3470 dixi,
432 3401 474 3461 sic
497 3400 654 3478 accipitur,
678 3402 762 3480 quasi
784 3398 957 3461 naturaliter
980 3398 1086 3459 brevis.
1118 3416 1188 3477 ergo
1210 3397 1276 3459 talis
1298 3405 1343 3458 est
1357 3400 1508 3479 positione
1522 3397 1607 3473 longa.

334 3503 427 3584 qualis
450 3511 494 3564 est
515 3501 689 3563 naturaliter
712 3501 819 3563 brcris.
866 3510 896 3563 et
917 3502 1044 3562 diximus
1066 3503 1097 3562 in
1120 3500 1204 3562 brevi
1225 3507 1343 3561 acutum
1367 3508 1522 3561 accentum
1544 3504 1637 3558 esse.3⁰

333 3608 358 3667 si
382 3623 452 3684 ergo
474 3605 572 3666 brevis
593 3612 711 3666 acutum
734 3613 889 3667 accentum
912 3604 1016 3674 babet,
1040 3612 1176 3683 superest
1190 3609 1223 3664 ut
1237 3604 1383 3681 positione
1398 3601 1489 3682 longa
1504 3610 1608 3663 acutum

333 3708 441 3769 habeat
462 3716 629 3769 accentum.
672 3715 797 3785 utputa
819 3709 869 3786 pir
891 3709 1037 3786 positione
1060 3713 1106 3767 est
1126 3704 1228 3784 longa;
1258 3704 1310 3767 sed
1338 3707 1481 3784 quoniam
1503 3712 1607 3765 natura·

333 3811 401 3872 liter
424 3829 483 3871 non
507 3818 550 3871 est
573 3809 670 3887 longa,
693 3818 810 3886 acutum
832 3808 923 3869 babet
944 3816 1108 3870 accentum.
1138 3808 1196 3869 hoc
1219 3815 1276 3878 est,
1301 3802 1379 3887 ciuod
1401 3814 1558 3869 tractatum
1573 3810 1610 3864 est

334 3914 371 3975 tle
399 3923 484 3975 acuto
513 3920 637 3973 accentu
666 3920 696 3973 et
723 3885 923 3973 circumflexo.
975 3913 1072 3972 omnia
1102 3928 1172 3989 ergo
1200 3913 1230 3971 in
1259 3908 1430 3971 accentibus
1459 3906 1608 3971 seeundum

335 4025 471 4077 naturam
494 4014 681 4093 colliguntur.
712 4016 737 4074 si
759 4014 850 4075 luerit
871 4011 930 4074 illic
952 4011 1061 4076 vocalis
1083 4012 1255 4074 naturaliter
1270 4012 1370 4091 longa,
1394 4011 1636 4073 circumllerumt'¹

335 4120 426 4180 babet
446 4126 615 4185 accentum;
638 4118 662 4177 si
684 4117 775 4177 luerit
796 4116 895 4178 brevis
917 4115 1103 4187 naturaliter,
1134 4117 1221 4176 etiam
1250 4118 1275 4175 si
1297 4118 1334 4177 sit
1356 4116 1504 4194 positione
1525 4114 1608 4187 longa,

337 4230 457 4282 neutum
478 4219 577 4280 habet.
608 4237 677 4279 ecce
699 4218 791 4279 babes
813 4219 850 4280 de
873 4217 1094 4299 monosyllabis;
1119 4217 1269 4278 videamus
1291 4216 1378 4278 modo
1402 4216 1439 4276 de
1462 4212 1607 4294 disyllabis.

219 4336 279 4399 426,
293 4337 323 4385 31
421 4322 567 4403 Disyllaba
590 4340 659 4399 pars
682 4322 821 4382 orationis
843 4340 902 4381 uno
925 4321 1013 4381 modo
1035 4322 1140 4400 recipit
1163 4320 1383 4380 circumflexum
1405 4326 1529 4383 tontum.
1550 4316 1571 4375 si
1585 4318 1609 4371 et

335 4428 418 4505 prior
439 4424 612 4486 naturaliter
634 4422 724 4503 longa
746 4426 785 4485 sit
807 4432 836 4484 et
859 4423 960 4485 ultima
982 4422 1155 4483 naturaliter
1178 4420 1290 4500 brevis,
1314 4429 1346 4483 ut
1368 4424 1463 4482 mtto:
1499 4437 1544 4481 me
1565 4434 1606 4475 no-

405 4649 421 4697 5
440 4664 517 4697 urium
533 4648 616 4696 locum
631 4646 708 4697 babet
725 4647 750 4696 A
800 4645 816 4697 8
835 4644 938 4695 ultimus
958 4654 981 4695 et
1002 4645 1214 4711 antepenultimus
1229 4644 1311 4695 ABG
1368 4643 1427 4706 quia
1446 4642 1514 4708 apud
1528 4640 1608 4690 latinos

337 4727 466 4766 accentum
487 4733 536 4767 non
555 4718 648 4766 babent
660 4716 684 4765 Α
756 4718 789 4767 14
806 4716 945 4781 penultimo
961 4716 1046 4765 breuis
1065 4724 1103 4765 est
1120 4716 1145 4765 Α
1162 4716 1300 4781 penultima
1319 4713 1465 4763 naturaliter
1481 4712 1560 4761 breuis
1577 4718 1609 4755 cst-

336 4787 422 4837 nea*
475 4790 508 4836 ⁴22
527 4788 639 4836 vocalem
657 4803 702 4839 om.
723 4788 774 4837 Au
825 4788 858 4836 ⁴27
878 4800 925 4847 quc
946 4787 1179 4852 utprimusquein
1199 4788 1322 4835 liturae:
1348 4784 1506 4848 Verp,Aen.
1527 4782 1545 4829 ll
1564 4776 1607 4829 iii-l

407 4857 440 4906 28
458 4859 502 4907 tibi
521 4858 574 4906 dixi
592 4858 647 4909 Ca:
667 4860 711 4907 tibi
728 4873 773 4907 one
789 4856 841 4905 AB
911 4856 942 4907 31
961 4864 988 4905 ut
1006 4858 1131 4921 positione
1150 4857 1173 4904 A
1193 4864 1219 4904 ut
1238 4858 1262 4903 in
1283 4857 1406 4919 positione
1426 4854 1496 4904 nea
