3350 5442
309 354 370 418 140
876 354 1028 418 ΡΟΜΡΕΙΙ

333 478 354 518 p.
367 464 480 507 stt—eat„

306 563 463 625 possumus
485 562 549 604 rem
572 546 657 605 istam
679 546 781 622 sequi,
806 562 865 604 non
890 543 972 614 dico,
1003 542 1073 605 illud
1097 542 1184 622 longe
1208 550 1237 605 et
1258 542 1463 605 rationabilius
1486 550 1517 604 et
1538 545 1598 605 lor·

307 649 365 708 tius
388 654 418 707 et
440 649 535 707 verius
558 654 616 718 est,
646 645 725 724 quod
748 645 798 707 ille
826 648 961 707 tractavit
982 646 1012 706 in
1035 643 1094 705 illis
1115 644 1281 724 speciebus.
1326 645 1415 707 modo
1438 645 1599 717 videamus,

306 767 395 827 quem
418 750 454 809 ad
477 748 597 809 modum
613 748 685 809 dicit
700 749 829 809 bonatus
852 752 959 809 ‘omne
982 766 1091 809 nomen
1114 754 1164 809 ant
1180 750 1335 828 proprium
1359 754 1404 809 est
1426 755 1477 808 aut
1498 748 1600 827 appel·

306 849 454 911 lativum'.
486 852 511 911 si
533 853 687 931 proprium
710 870 770 912 non
793 851 896 921 inerit,
919 852 1017 911 statim
1039 849 1245 930 appellativum
1262 858 1319 920 est;
1342 852 1367 912 si
1390 849 1599 930 appellativum

306 972 365 1013 non
389 953 491 1025 luerit,
515 955 612 1015 statim
635 956 788 1034 proprium
813 961 857 1014 est
878 952 955 1033 apud
978 953 1108 1013 Latinos.
1153 952 1205 1013 sed
1228 956 1349 1033 propria
1372 955 1493 1015 nomina
1517 962 1626 1033 quat-5

306 1065 373 1117 tuor
401 1056 512 1117 habent
539 1056 669 1136 species,
699 1074 881 1136 praenomen
910 1075 1018 1118 nomen
1047 1074 1210 1135 cognomen
1234 1074 1396 1133 agnomen;
1425 1054 1601 1135 appellativa

306 1160 425 1219 nomina
452 1160 554 1237 viginti
581 1169 611 1220 et
639 1166 752 1238 septem
780 1160 897 1239 species
923 1157 1043 1219 babent.
1089 1158 1202 1219 videtur
1231 1160 1315 1236 quasi
1343 1158 1452 1219 durum
1482 1176 1548 1219 esse
1574 1166 1604 1217 et

307 1260 426 1322 dillicile
448 1260 563 1322 discere
587 1262 689 1339 viginti
713 1268 742 1321 et
763 1268 877 1342 septem
900 1262 1023 1340 species
1067 1277 1139 1339 ergo
1162 1278 1286 1339 sequere
1309 1258 1529 1329 rem'lacilem‚
1555 1279 1603 1320 se·

306 1382 399 1442 quere
425 1363 480 1423 bas
507 1382 557 1424 res
580 1370 717 1443 quattuor
744 1365 937 1443 propriorum
966 1363 1127 1423 nominum.
1166 1380 1232 1423 cum
1256 1362 1352 1423 disces
1374 1361 1427 1422 bas
1450 1370 1602 1440 quattuor,

307 1484 366 1525 non
389 1464 484 1526 solum
507 1465 560 1525 bas
583 1472 719 1544 quattuor
741 1464 846 1536 disces,
871 1464 923 1526 sed
947 1466 1034 1527 etiam
1056 1466 1133 1526 scies
1156 1466 1293 1544 quoniam
1316 1464 1455 1544 quicquid
1480 1473 1638 1544 praeterio

307 1567 360 1627 bas
383 1575 522 1644 quattuor
543 1568 633 1629 luerit
655 1570 686 1628 in
707 1566 765 1628 illis
780 1567 963 1647 appellativis
986 1576 1037 1628 est.
1068 1586 1140 1645 ergo
1156 1586 1216 1629 uno
1231 1584 1322 1647 opere
1343 1574 1502 1646 utrumque
1518 1565 1603 1635 lacis,

209 1729 211 1734 ,
307 1676 337 1729 et
358 1668 449 1730 discis
477 1672 590 1749 proprii
619 1670 746 1730 nominis
774 1672 962 1739 divisionem,
992 1678 1020 1729 et
1048 1668 1187 1749 quicquid
1213 1670 1245 1730 in
1273 1670 1336 1730 istis
1363 1677 1503 1749 quattuor
1531 1686 1603 1749 par-

307 1772 385 1833 tibus
406 1789 466 1832 non
488 1772 579 1833 luerit
601 1779 809 1852 conputatum,
833 1774 863 1832 in
887 1770 944 1833 illis
966 1772 1023 1831 iam
1047 1774 1123 1832 scies
1146 1789 1220 1831 esse.

205 1875 294 1936 ΗΜ
390 1875 535 1947 Quattuor
568 1884 637 1935 sunt
668 1882 767 1955 partes
798 1876 913 1954 proprii
946 1875 1084 1935 nominis.
1129 1875 1201 1934 istae
1230 1881 1298 1934 sunt
1325 1878 1463 1953 quattuor
1486 1879 1599 1950 partes,

306 1996 486 2058 praenomen
516 1996 624 2038 nomen
654 1995 818 2056 cognomen
848 1994 1005 2055 agnomen.
1048 1993 1231 2055 praenomen
1260 1974 1367 2037 dicitnr
1389 1974 1469 2055 quod
1492 1975 1523 2034 in
1547 1972 1601 2055 ¹⁰l·
1618 2000 1639 2037 n

305 2080 422 2160 quando
445 2081 647 2159 praeponitur.
692 2086 724 2140 ut
746 2086 816 2159 puta
837 2078 959 2140 Publius
981 2078 1098 2158 quando
1121 2077 1260 2153 dicimus,
1285 2096 1467 2157 praenomen
1492 2082 1552 2145 est,
1579 2078 1605 2135 si

305 2182 386 2242 dicas
408 2179 530 2242 Publius
553 2180 707 2260 Vergilius.
738 2180 882 2261 numquid
906 2183 985 2241 enim
1008 2189 1092 2261 potes
1114 2180 1214 2240 dicere
1237 2179 1384 2257 Vergilius
1406 2178 1547 2240 Publius?
1579 2181 1605 2239 si

305 2284 386 2345 dicas
408 2284 516 2344 Lucius
539 2282 703 2344 Sallustius
735 2283 876 2363 numquid
899 2282 973 2343 dicis
996 2282 1150 2343 Sallustius
1171 2281 1280 2343 Lucius
1303 2280 1386 2342 verbi
1407 2280 1517 2341 causa?
1540 2298 1604 2341 non

304 2405 461 2466 possumus
483 2386 584 2446 dicere
606 2387 655 2446 ita.
688 2404 759 2464 ergo
782 2374 850 2446 ideo
874 2385 1011 2446 dicuntur
1033 2386 1241 2465 praenomina,
1266 2386 1403 2463 qnoniam
1427 2382 1605 2444 nominibus

304 2489 524 2569 praeferuntur.
569 2487 641 2548 dicit
667 2507 731 2549 rem
760 2488 958 2567 superfluam:
992 2487 1182 2567 praenomina
1206 2492 1303 2547 autem
1327 2492 1467 2547 notantur
1489 2493 1540 2545 aut
1566 2485 1642 2551 dem

304 2589 428 2669 singulis
456 2590 577 2660 litteris,
608 2596 678 2669 puta
707 2590 754 2650 lac
783 2589 821 2659 P,
853 2596 881 2650 et
909 2590 1054 2668 significat
1080 2587 1219 2657 Publius,
1255 2587 1301 2648 lac
1323 2587 1362 2657 G,
1393 2593 1422 2647 et
1454 2588 1607 2665 significat

304 2694 409 2761 Gaius;
438 2700 489 2753 aut
515 2693 552 2753 de
580 2691 695 2753 duabus
723 2692 842 2760 litteris,
872 2693 918 2752 lac
947 2692 1024 2752 Get
1046 2690 1085 2761 N,
1109 2698 1139 2752 et
1160 2691 1304 2769 significat
1326 2690 1459 2758 Gnaeus;
1490 2698 1541 2750 aut
1567 2690 1606 2750 de

304 2795 400 2856 tribus
427 2794 551 2865 litteris,
578 2794 625 2855 lac
653 2795 738 2864 SEX,
769 2801 799 2853 et
825 2795 970 2871 significat
998 2793 1113 2854 Sextus.
1159 2794 1277 2854 interim
1306 2794 1384 2853 scire
1412 2792 1505 2852 debes
1533 2795 1605 2872 quia

304 2898 497 2977 praenomina
525 2904 595 2957 sunt
623 2914 697 2975 quae
727 2895 898 2957 nominibus
930 2904 1163 2975 praeponuntur.
1207 2896 1326 2955 nomina
1355 2894 1494 2955 dicuntur
1523 2912 1606 2973 qnam

304 3006 372 3059 sunt
394 3000 562 3059 communia
583 2997 716 3058 lamiliis:
740 2997 975 3083 nonhbominuvn
999 3016 1106 3058 nomen
1130 2995 1180 3058 sed
1206 2996 1348 3065 familiae,
1379 3002 1503 3075 utputa
1527 2997 1603 3055 Cor·
1618 3022 1642 3060 aa

305 3099 382 3161 nelia
409 3100 528 3161 iamilia.
574 3106 717 3180 quotquot
745 3102 822 3161 enim
852 3100 972 3161 luerunt
999 3099 1036 3159 de
1064 3098 1112 3159 illa
1141 3099 1265 3170 iamilia,
1294 3100 1336 3158 sic
1364 3096 1604 3178 appellabantur,

305 3202 443 3264 Cornelii.
488 3220 559 3281 ergo
587 3202 741 3263 Cornelius
769 3201 935 3282 appellatur
958 3220 1081 3271 nomeu,
1111 3200 1189 3280 qnod
1214 3207 1259 3262 est
1280 3220 1438 3263 commune
1460 3200 1604 3271 familiae,

305 3307 382 3366 sicut
403 3304 546 3365 Lentulus
568 3305 653 3366 Sura.
699 3304 787 3365 modo
810 3288 840 3364 ib
864 3324 920 3366 usn
943 3303 1027 3365 aliter
1050 3311 1202 3382 putamus:
1227 3321 1336 3364 nomen
1360 3312 1498 3383 putamus
1522 3304 1605 3383 quod

305 3416 349 3468 est
371 3409 534 3487 proprium.
566 3426 676 3468 nomen
700 3414 744 3467 est
766 3414 863 3468 autem
887 3407 964 3487 quod
989 3413 1035 3466 est
1056 3423 1212 3466 commune
1230 3407 1235 3482 Ι
1255 3404 1400 3474 familiae;
1429 3406 1508 3486 quod
1531 3424 1605 3485 pro-

304 3511 401 3589 prium
425 3518 470 3570 est
492 3510 580 3570 utrius
601 3511 744 3589 cuiusque
760 3528 924 3588 cognomen
948 3507 1122 3589 appellatur.
1153 3507 1232 3587 quod
1255 3514 1352 3568 autem
1375 3516 1421 3569 est
1442 3526 1605 3569 commune
1619 3534 1643 3567 :n

305 3610 434 3673 familiae
461 3629 521 3672 non
549 3612 715 3691 appellatur
738 3629 919 3690 cognomen,
950 3611 1000 3671 sed
1025 3608 1190 3689 appellatur
1213 3628 1330 3670 nomen.
1375 3609 1454 3670 unde
1476 3618 1607 3689 apparet

304 3713 360 3774 boc
393 3715 510 3794 ipsum?
543 3733 579 3774 ex
614 3713 713 3775 verbis
742 3713 875 3792 Vergilii:
911 3712 1057 3791 Vergilius
1084 3712 1141 3773 boo
1170 3710 1260 3772 verbo
1292 3713 1398 3782 utitur,
1432 3712 1605 3773 ‘nomine

303 3834 406 3876 avum
435 3817 634 3877 relerens'.
681 3835 753 3895 ergo
776 3818 889 3895 etipse
912 3822 941 3876 et
964 3834 1034 3876 avus
1056 3817 1149 3893 ipsius
1178 3832 1237 3875 nno
1267 3815 1386 3875 nomine
1409 3812 1606 3875 vocabantur.

305 3936 374 3978 ecce
397 3938 446 3978 res
468 3924 512 3979 est
539 3920 705 3979 communis
732 3917 870 3979 iamiliae.
915 3918 1103 3979 econtrario
1126 3916 1177 3979 ubi
1201 3915 1289 3977 voluit
1311 3918 1465 3996 proprium
1489 3936 1604 3978 nomen

305 4020 479 4091 ostendere,
509 4022 549 4081 ait
576 4022 654 4082 ‘cui
676 4016 830 4081 Re'rnulo
860 4014 1065 4099 cognomen
1089 4024 1195 4080 erat’.
1242 4037 1313 4098 ergo
1336 4019 1455 4097 quando
1477 4018 1517 4079 de
1541 4039 1644 4088 unone

303 4122 467 4202 loquimur,
497 4141 661 4203 cognomen
692 4122 831 4189 dicimus;
861 4121 979 4202 quando
1007 4120 1043 4181 de
1074 4120 1181 4182 lamilia
1205 4121 1369 4201 lbquimur,
1394 4140 1503 4183 nomen
1528 4122 1605 4181 dici-

304 4243 379 4285 mus.
417 4233 447 4284 et
469 4224 526 4283 boo
548 4226 672 4285 recessit
693 4223 730 4284 ab
754 4242 808 4284 usu
831 4226 957 4303 penitus.
1003 4242 1062 4284 non
1085 4243 1243 4303 possumus
1265 4223 1365 4285 dicere
1388 4222 1477 4283 bodie
1500 4221 1605 4301 ‘qnod

376 4446 409 4498 10
424 4444 735 4496 scieanscisAscias
753 4445 792 4495 Cb
848 4446 879 4495 12
891 4446 1018 4511 propriam
1031 4446 1105 4497 Ano
1159 4444 1190 4496 13
1204 4452 1318 4509 putatum
1333 4444 1407 4495 Aac
1457 4445 1607 4496 sciesBCa

304 4517 397 4568 scissi
452 4518 485 4567 18
503 4531 553 4566 non
566 4532 671 4581 possum
685 4516 737 4566 Bc
783 4516 817 4564 22
833 4524 859 4564 et
874 4516 906 4565 de
925 4516 1005 4564 tribue
1021 4518 1102 4567 ABG
1152 4518 1185 4566 25
1206 4530 1254 4565 non
1270 4514 1401 4567 hominurn
1415 4528 1506 4564 nomen
1521 4516 1607 4567 sedG

304 4596 328 4638 et
345 4588 427 4639 deleto
444 4604 468 4642 o.
488 4602 580 4637 nomen
597 4588 622 4635 Α
638 4601 688 4635 non
708 4586 822 4645 (nomina
836 4586 896 4638 add.
913 4601 968 4649 sup.
982 4588 1038 4646 tin.)
1056 4587 1188 4637 bominum
1206 4588 1252 4635 sed
1266 4587 1291 4636 B
1345 4585 1379 4636 Pb
1395 4593 1519 4649 quotquot
1534 4587 1604 4635 enim

304 4655 385 4721 (enim
401 4657 493 4721 om,a)
515 4655 666 4706 lueruntde
685 4654 1044 4718 illaiamilieBGa,om.A
1107 4657 1231 4707 esserra
1250 4657 1275 4706 B
1332 4655 1453 4720 ‘lllqnod
1473 4664 1512 4705 est
1531 4672 1605 4705 corn·

306 4742 381 4777 mnne
402 4726 487 4777 aaa:
507 4728 574 4790 quod
593 4735 632 4775 est
647 4725 734 4776 omri
804 4724 838 4775 32
856 4722 967 4793 nomine]
995 4729 1074 4791 Verp.
1093 4728 1159 4779 Aen.
1178 4726 1223 4775 llll
1243 4726 1295 4778 348
1347 4725 1605 4789 33ipsiusom.A,

305 4798 366 4846 add.
386 4812 402 4845 a
457 4796 646 4846 34commnnis
660 4796 847 4845 Lindemannus
866 4808 998 4846 commune
1019 4798 1099 4848 ABG
1148 4797 1183 4848 35
1204 4794 1254 4862 cui]
1275 4798 1354 4863 Verp,
1375 4795 1440 4847 Aen.
1461 4797 1531 4847 llllll
1551 4796 1607 4848 593

374 4865 408 4917 36
427 4866 527 4930 quando
545 4866 575 4915 de
594 4865 689 4914 inmitia
709 4866 780 4920 BCn
794 4866 896 4928 qnando
916 4866 1029 4917 lumiline
1045 4866 1070 4917 Α
1129 4868 1162 4920 37
1182 4866 1259 4919 bodie
1277 4882 1323 4921 om,
1344 4866 1378 4927 A,
1396 4866 1456 4916 add.
1475 4883 1493 4915 a
1548 4891 1551 4896 ·
