3350 5442
298 333 339 397 86
866 331 1017 393 ΡΟΜΡΕΙΙ

298 520 473 608 posthunc
488 519 655 605 adscripta
670 529 746 584 sunt
762 517 940 603 significari
956 515 1056 583 volui.
1087 516 1122 580 in
1145 516 1258 580 eodem
1281 517 1392 581 codiee
1415 520 1443 582 si
1461 522 1580 606 quando
1662 510 1663 581 l

297 631 392 688 vetus
420 621 583 707 scriptura
609 643 674 685 non
701 618 980 708 adparebathel
1008 620 1138 705 punctis
1168 620 1282 705 positis
1309 617 1437 685 litteras
1467 622 1582 689 deletos

296 723 441 789 indicavi
456 721 509 788 vel
525 744 660 809 eaquae
675 720 753 787 olim
773 723 896 807 scripta
912 744 983 785 esse
998 720 1198 789 videbantur
1214 742 1286 785 cum
1302 722 1396 807 signo
1412 723 1582 809 interroga·
1662 718 1663 769 }

298 826 396 891 tionis
419 824 563 891 exhibui.
594 824 749 888 maiorem
764 846 877 889 curam
894 825 964 887 iure
979 820 1190 909 postulabant
1218 844 1256 886 ea
1278 846 1361 910 quac
1384 848 1427 889 cx
1449 826 1584 913 antiquis
1662 822 1663 885 ζ

225 980 229 985 .
298 928 513 1013 scriptoribus
535 928 637 991 citata
663 924 718 990 vel
740 949 782 989 ex
803 927 948 1010 priorum
975 924 1261 1009 grammaticorum
1291 923 1442 990 doctrina
1463 928 1586 1013 prolata

298 1039 385 1094 sunt.
422 1030 457 1093 in
478 1028 528 1091 his
552 1028 664 1111 igitur,
689 1037 722 1091 et
737 1026 851 1113 siquid
873 1036 1042 1113 praeterea
1063 1026 1146 1091 hanc
1170 1024 1371 1111 diligentiam
1395 1029 1585 1115 requirebat,

273 1131 275 1133 ’
300 1133 415 1198 curavi
436 1140 472 1195 ut
493 1127 573 1193 nihil
595 1129 681 1215 qued
703 1129 738 1193 in
759 1128 853 1193 libris
876 1152 973 1193 manu
997 1124 1126 1215 scriptis
1150 1141 1237 1194 esset
1260 1129 1474 1196 emitteretur.

382 1234 519 1297 Praeter
545 1231 603 1296 lros
632 1232 733 1297 libros
762 1231 867 1295 tribus
897 1254 976 1295 usus
1000 1251 1071 1294 sum
1095 1230 1185 1310 aliis,
1209 1231 1384 1315 inquibus
1407 1233 1589 1319 fragmenta

298 1335 351 1402 vel
374 1344 530 1419 excerpta
551 1333 698 1419 Pompeii
721 1335 844 1417 scripta
866 1342 950 1396 sunt.
987 1356 1062 1396 narn
1086 1333 1120 1395 in
1141 1332 1248 1419 prima
1270 1331 1347 1397 libri
1369 1346 1463 1419 parte
1485 1336 1590 1403 adsuit
1662 1334 1663 1391 ἐ

299 1438 405 1503 codex
425 1437 629 1501 Lavantinus
652 1436 725 1520 (L),
753 1434 794 1497 de
817 1457 880 1521 que
904 1434 1027 1499 dictum
1050 1444 1100 1499 est
1122 1433 1187 1497 vol.
1210 1433 1259 1497 IV
1282 1437 1385 1521 praef.
1411 1460 1442 1524 p.
1466 1438 1589 1502 XLIX.
1662 1456 1663 1519 i

298 1543 334 1604 in
355 1541 417 1604 boc
439 1560 516 1625 pars
544 1536 621 1603 libri
647 1537 723 1600 inde
751 1537 793 1601 ab
822 1537 915 1601 initio
939 1559 1042 1623 usque
1066 1536 1109 1599 ad
1131 1558 1203 1600 eam
1225 1546 1350 1623 partem
1374 1562 1458 1624 quae
1481 1552 1531 1605 est
1553 1541 1591 1605 de
1662 1524 1663 1603 l

298 1642 400 1706 verbe
424 1642 547 1725 scripta
569 1649 620 1703 est
642 1648 760 1704 octavo
781 1636 929 1719 saeculo,
953 1638 977 1701 f.
996 1641 1012 1701 1
1037 1643 1142 1701 Partes
1163 1646 1305 1703 orationis
1328 1645 1455 1717 derectus
1477 1648 1591 1721 quiden

302 1783 336 1792 —
363 1743 386 1806 s.
410 1742 453 1806 20
481 1747 602 1821 deponit
628 1752 725 1805 antem
753 1745 830 1804 illud
855 1744 935 1819 quod
961 1747 991 1803 in
1019 1746 1075 1804 rius
1101 1746 1172 1804 exit.
1218 1740 1276 1805 sed
1303 1742 1382 1806 haec
1412 1745 1523 1808 omnia
1548 1745 1593 1808 ita
1662 1774 1663 1785 ¹

300 1853 428 1909 mutata
455 1854 488 1909 et
513 1844 548 1906 in
576 1852 740 1929 postrema
767 1842 909 1905 maxime
937 1854 1030 1927 parte
1058 1842 1092 1904 in
1114 1843 1331 1928 conpendium
1353 1844 1487 1909 redacta
1508 1857 1591 1927 sunt,
1662 1904 1663 1925 ,

299 1957 337 2011 ut
359 1968 424 2010 non
446 1956 513 2010 tam
535 1966 594 2032 pro
616 1946 743 2029 integro
767 1942 915 2030 exemplo
938 1942 1014 2008 libri
1030 1944 1219 2031 Pompeiani
1235 1966 1332 2031 quam
1355 1967 1414 2030 pro
1430 1951 1592 2034 excerptis
1662 1938 1663 2007 J

299 2047 452 2113 habenda
474 2047 549 2111 sint.
580 2045 685 2112 codex
707 2056 815 2110 autem
837 2068 901 2131 quo
925 2047 952 2109 is
976 2048 1030 2131 qui
1052 2045 1133 2111 hacc
1156 2055 1312 2133 excerpta
1327 2049 1501 2133 conposuit
1516 2073 1592 2113 usus
1654 2078 1663 2113 ·;

300 2160 351 2215 est
371 2159 408 2213 ut
429 2149 472 2213 ad
487 2146 786 2214 Wolfenbuttelani
801 2146 923 2211 codicis
947 2148 1144 2233 scripturam
1166 2149 1314 2234 proxime
1337 2147 1524 2233 accedebat,
1549 2152 1596 2216 ita
1662 2158 1663 2163 ’

302 2263 334 2317 et
355 2253 417 2317 hoe
438 2261 471 2315 et
503 2249 637 2337 reliquis
664 2250 815 2314 omnibus
838 2248 964 2334 plenior
986 2260 1065 2313 erat.
1110 2272 1187 2313 nam
1208 2272 1272 2314 non
1296 2248 1399 2315 solum
1420 2252 1456 2315 in
1477 2254 1596 2338 princi·
1662 2308 1663 2321 ,

304 2353 358 2441 pie
381 2351 606 2439 praefationis,
629 2373 712 2438 quae
734 2373 777 2415 ex
797 2350 859 2413 hoc
881 2351 992 2415 codiee
1015 2350 1105 2415 edita
1127 2362 1177 2416 est
1198 2350 1282 2417 anal.
1299 2374 1434 2436 pgr-anim.
1451 2353 1595 2419 Vindob.

302 2479 335 2542 p.
350 2454 422 2536 510,
445 2453 642 2540 reliquorum
656 2452 815 2518 librorum
830 2452 995 2517 delectum
1010 2454 1215 2540 reparavit*)
1224 2505 1233 2536 ,
1253 2453 1311 2519 sed
1331 2455 1429 2519 etiam
1445 2454 1479 2518 in
1494 2456 1598 2535 prima
1662 2496 1663 2499 =

302 2566 396 2645 parte
423 2554 515 2639 libri,
545 2579 627 2642 quae
654 2556 840 2619 accuratius
870 2577 966 2640 quam
989 2553 1114 2641 reliqua
1136 2555 1258 2641 scripta
1280 2564 1346 2637 est,
1370 2555 1599 2643 supplementa

266 2648 270 2661 ’
303 2658 463 2746 quaedam
479 2658 659 2743 scripturae
674 2654 799 2721 lacunis
815 2669 987 2743 corruptae
1002 2657 1163 2743 praebuit.
1193 2657 1228 2720 in
1243 2666 1388 2721 extrema
1409 2655 1486 2723 libri
1502 2669 1597 2743 parte

303 2761 449 2826 devitiis
472 2771 504 2825 et
519 2760 698 2825 virtutibus
722 2759 880 2825 orationis
901 2780 960 2845 pro
976 2757 1087 2823 codiee
1102 2757 1406 2825 Wolfenbuttelano
1429 2781 1507 2824 usus
1523 2784 1599 2824 sum

302 2861 506 2927 Berolincnsi
528 2861 606 2925 olim
628 2860 827 2925 Santoniano
851 2871 883 2925 et
905 2859 1052 2925 Parisino
1075 2859 1168 2940 7530,
1193 2860 1233 2925 de
1256 2861 1373 2947 quibus
1398 2862 1524 2927 dietum
1547 2872 1599 2925 est

302 2964 368 3027 vol.
391 2964 439 3027 IV
461 2963 565 3048 praefi
589 2986 621 3049 p.
644 2962 785 3027 XXXII
807 2972 840 3026 et
862 2961 954 3026 XLI.
977 2962 1012 3024 in
1034 2960 1233 3026 Santoniane
1256 2961 1368 3028 codice
1392 2962 1442 3049 (S)
1460 2948 1600 3049 'praeter

305 3064 370 3129 alia
392 3064 553 3150 quaedam
576 3086 618 3128 ex
639 3064 803 3150 prioribus
827 3064 903 3128 libri
925 3063 1075 3149 partibus
1099 3072 1254 3151 excerpta
1274 3064 1355 3129 haec
1376 3088 1452 3151 pars
1476 3064 1600 3149 legitur

304 3191 336 3252 p.
356 3167 415 3230 171
439 3171 476 3228 dc
497 3170 683 3229 barbarismo
704 3172 987 3262 irrataqpornpeinrn.
1012 3168 1227 3230 coronamus
1248 3180 1292 3231 cst
1314 3206 1351 3215 -
1367 3190 1400 3253 p.
1416 3167 1478 3231 216
1500 3188 1521 3229 n
1544 3190 1599 3231 rr-

305 3274 357 3332 ors
376 3272 502 3347 poribus
528 3274 662 3346 explicit.
707 3270 776 3332 eius
805 3269 999 3354 scripturam
1028 3267 1131 3333 debeo
1153 3268 1370 3333 Lindemanni
1397 3268 1534 3333 editioni
1559 3293 1601 3334 ex

305 3370 367 3435 hec
389 3369 501 3433 codice
524 3392 710 3455 expressae.
741 3368 968 3456 sedquoniam
984 3378 1076 3433 erant
1098 3370 1137 3433 de
1160 3372 1277 3455 quibus
1301 3371 1495 3455 dubitarem,
1520 3394 1601 3436 num
1660 3442 1663 3457 ,

306 3482 393 3536 reete
415 3492 435 3533 a
456 3470 680 3535 Lindemanno
703 3470 807 3536 relata
830 3481 946 3542 essent,
970 3492 1044 3535 cum
1066 3492 1183 3557 operae
1205 3475 1345 3558 pretIum
1369 3494 1434 3536 non
1455 3494 1529 3537 csse
1553 3475 1601 3537 iu-

307 3574 449 3639 dicarem
472 3573 617 3637 codicem
640 3573 758 3638 iterum
780 3574 941 3655 conferre,
963 3573 1126 3657 integram
1149 3576 1327 3660 scripturae
1343 3573 1603 3660 discrepantiam

307 3674 453 3740 indicare
476 3672 581 3757 nolui,
606 3674 664 3739 sed
686 3676 719 3738 in
741 3676 802 3739 hac
824 3686 917 3762 parte
941 3675 1237 3759 Sangermanenses
1265 3674 1365 3741 libros
1393 3676 1602 3763 potissimum

240 3896 243 3902 ’
307 3915 432 3962 mannus,
452 3916 514 3949 cum
531 3915 593 3949 rare
612 3898 727 3965 reliquis
745 3900 825 3951 libris
844 3899 1006 3965 firmaretur,
1026 3901 1140 3951 correxi.
1178 3902 1355 3951 accusativus
1379 3916 1461 3951 casus
1484 3916 1534 3967 pro
1554 3904 1602 3953 ab·

306 3986 393 4036 lativo
412 4000 473 4035 eum
490 3984 582 4035 verbis
596 3985 671 4049 scapi
688 3983 732 4035 vel
751 3987 788 4035 nti
804 3986 833 4035 in
851 4002 905 4035 uno
924 3990 952 4035 ct
970 3985 1057 4035 altero
1076 3984 1170 4036 codIce
1190 3987 1300 4051 saepius
1319 3987 1483 4037 coniunctus
1501 3990 1605 4051 paucis

307 4071 376 4120 locis
400 4086 459 4119 eam
482 4069 563 4118 tidem
586 4070 696 4133 habuit,
714 4074 745 4119 ut
763 4070 940 4136 reeipiendus
959 4086 1020 4119 esse
1039 4070 1190 4131 VIderotur‚
1210 4076 1241 4120 ut
1258 4088 1283 4135 p.
1302 4072 1335 4121 88
1356 4072 1496 4136 furrpaniur
1515 4075 1605 4127 vicera.

308 4155 356 4206 sed
374 4170 408 4205 ne
426 4157 455 4204 in
473 4154 525 4204 hee
544 4155 653 4220 quidem
671 4171 772 4220 genere
792 4170 859 4220 opus
879 4170 939 4205 csse
959 4155 1088 4219 indicavi,
1102 4155 1167 4219 quid
1181 4157 1277 4219 quovis
1295 4154 1356 4205 loco
1374 4155 1480 4206 librarii
1498 4172 1604 4221 pccca-
1662 4168 1663 4179 ¹

306 4242 399 4290 verint
415 4240 549 4293 indicare.

393 4322 419 4388 *)
438 4326 480 4374 Ex
498 4327 671 4390 praefatione
689 4326 827 4391 Pompeii,
851 4326 880 4373 in
899 4340 953 4389 qua
971 4326 1050 4389 plura
1069 4340 1150 4388 quam
1169 4328 1197 4375 in
1217 4326 1330 4391 reliquis
1349 4327 1474 4390 partibus
1491 4326 1608 4380 librarii

310 4412 498 4472 mutaverunt,
521 4410 611 4476 petite
629 4426 689 4460 esse
708 4410 837 4461 videntur
856 4412 939 4460 etiam
957 4410 1039 4472 haee,
1060 4426 1130 4475 quae
1150 4426 1184 4460 ex
1203 4412 1298 4461 eodem
1316 4412 1473 4461 Larentiae
1491 4413 1607 4477 codiee,

310 4494 359 4545 sed
381 4510 416 4544 ex
438 4493 494 4545 alio
518 4496 712 4545 commentario
739 4498 769 4545 ln
786 4497 924 4545 Donatum
946 4494 1020 4544 edita
1043 4500 1106 4545 sunt
1130 4496 1203 4549 anal.
1227 4512 1337 4561 gramm.
1356 4495 1475 4546 Vindob.
1495 4512 1524 4561 p.
1544 4502 1608 4561 514,

309 4580 357 4629 sed
378 4581 405 4627 in
426 4578 524 4628 artibus
544 4580 679 4629 raineridae
702 4583 776 4645 quusi
796 4583 890 4630 docere
911 4584 997 4631 uolens
1018 4583 1160 4646 interrepere
1179 4584 1314 4644 Donatus:
1331 4586 1399 4631 cuius
1424 4584 1608 4633 arretoritateur

310 4664 423 4713 ostendit
440 4664 574 4727 Pompeius
592 4665 714 4714 dicendo:
739 4667 808 4713 ‘aiii’
826 4666 909 4730 inquit
926 4667 1097 4729 ‘simpsemrnt
1114 4673 1207 4728 artem,
1230 4668 1277 4716 sed
1293 4668 1349 4717 iilos
1368 4682 1418 4716 non
1435 4674 1510 4729 pates
1528 4670 1609 4717 intel·

311 4751 409 4811 irpere,
432 4749 482 4797 nisi
501 4764 518 4797 a
535 4748 637 4798 Donate
659 4753 811 4814 sumpserint
831 4752 995 4815 principium,
1019 4758 1045 4801 ut
1063 4758 1102 4802 est
1121 4751 1219 4802 Probas
1241 4760 1266 4800 ei
1285 4751 1381 4800 Caesar
1399 4758 1426 4800 et
1443 4754 1500 4815 olii,
1521 4756 1573 4804 sed
1593 4772 1610 4804 n

313 4833 414 4882 Donate
432 4840 591 4897 sumpserunt
606 4835 778 4899 principinnr'.
