3350 5442
328 1288 360 1378 ¹·
446 1264 518 1347 un
549 1261 728 1349 ouans
759 1260 1050 1347 ueniamus

672 1501 822 1510 ——-

187 1651 349 1718 Libellum
377 1652 417 1717 de
447 1650 557 1716 dubiis
583 1650 769 1715 nominibus
798 1672 815 1712 e
843 1648 955 1714 codice
976 1647 1227 1713 vindobonensi
1254 1647 1295 1711 89
1316 1645 1393 1711 olim

101 1754 345 1840 Salisburgcnsi
368 1752 497 1818 saeculo
519 1774 605 1817 nono
629 1752 750 1837 scripto
773 1753 895 1836 primus
918 1751 1021 1815 edidit
1033 1750 1211 1815 Mauricius
1226 1747 1392 1834 Hauptius

100 1879 169 1921 una
192 1879 264 1920 cum
281 1853 393 1920 Ovidii
408 1852 591 1918 halieuticis
615 1864 647 1917 et
666 1852 773 1917 Gratii
796 1863 829 1916 et
844 1851 1030 1916 Nemesiani
1048 1851 1245 1938 cynegeticis
1260 1850 1393 1936 Lipsiae

100 1980 132 2021 a.
158 1957 249 2022 1838.
278 1959 312 2020 in
341 1955 425 2020 libro
452 1964 561 2019 autem
583 1976 646 2040 quo
668 1976 748 2019 usus
771 1963 843 2016 erat
864 1955 976 2034 unius,
1005 1963 1042 2016 ut
1063 1952 1209 2032 videtur,
1231 1951 1393 2016 membra-

100 2081 165 2122 nae
187 2061 312 2123 iactura
332 2059 423 2121 facta
438 2079 476 2120 ea
490 2079 573 2143 quae
589 2055 630 2120 ab
653 2056 746 2121 initio
769 2055 891 2141 scripta
912 2065 1005 2120 erant
1023 2076 1127 2140 usque
1149 2053 1193 2118 ad
1215 2076 1245 2139 p.
1262 2053 1335 2134 575,
1354 2054 1391 2134 17

98 2167 267 2241 pluraliter
293 2171 392 2225 catam
419 2169 615 2224 cancromata
643 2163 773 2222 dicenda
793 2168 864 2221 sant
883 2157 1066 2242 perierunt;
1096 2154 1222 2242 reliqua
1242 2154 1394 2240 legrmtur

101 2261 125 2324 f.
151 2261 330 2327 170-175
353 2265 530 2340 Canacen.
554 2263 629 2336 fam.
656 2297 691 2305 -
716 2265 872 2338 discrepat
893 2271 1001 2322 atrox:
1030 2258 1073 2321 cf.
1096 2255 1275 2321 Endlicher
1297 2253 1392 2323 catal.

100 2364 173 2427 cod.
201 2362 312 2449 philol.
341 2362 432 2428 latin.
461 2360 541 2428 bibl.
570 2359 674 2424 Palat.
704 2359 848 2424 Vindob.
878 2383 911 2446 p.
941 2359 1000 2423 197
1029 2382 1098 2446 sqq.
1130 2358 1220 2423 aliud
1248 2357 1393 2423 eiusdem

100 2463 206 2538 libelli
227 2464 411 2551 exemplum
432 2485 531 2528 manu
553 2464 711 2550 scriptum
733 2462 884 2526 Lauduni
906 2459 1076 2526 Gallorum
1097 2463 1267 2526 inventum
1288 2461 1394 2523 estin

100 2567 212 2631 codice
239 2565 458 2632 bibliothecae
485 2563 636 2651 publicae
662 2564 891 2628 Lauduncnsis
918 2563 997 2642 463,
1027 2586 1124 2650 quem
1151 2563 1396 2647 descripserunt

99 2669 125 2731 ii
149 2668 204 2754 qui
227 2669 411 2752 catalogum
432 2667 703 2732 bibliothecarum
723 2663 917 2750 gallicarum
939 2665 1187 2751 provincialium
1209 2648 1393 2744 ediderunt,

100 2769 270 2853 catalogue
292 2767 424 2854 general
446 2770 502 2834 des
526 2767 722 2832 manuscrits
743 2767 800 2831 des
822 2765 1061 2853 bibliotheques
1084 2765 1141 2832 des
1165 2765 1393 2853 departamens

101 2869 119 2932 I
142 2893 175 2957 p.
198 2871 269 2935 246.
299 2872 335 2934 in
362 2892 399 2936 eo
423 2871 523 2956 igitur
545 2870 657 2935 codiee
680 2868 808 2934 saeculo
832 2869 1041 2951 duodecimo,
1070 2879 1107 2933 ut
1128 2868 1235 2934 visum
1258 2877 1307 2932 est
1327 2866 1393 2931 illis

100 2972 158 3058 qui
174 2971 359 3057 catalogum
373 2975 536 3056 fecerunt,
560 2973 681 3058 scripto
696 2980 856 3064 traptatus
879 2970 920 3035 de
935 2971 1121 3036 nominibus
1137 2971 1260 3056 legitur
1273 2970 1394 3034 omissa

99 3072 328 3160 inscriptione,
356 3079 485 3156 Emptas
508 3095 577 3154 aen.
603 3078 679 3150 sem.
706 3086 739 3138 at
767 3079 866 3138 dauid
889 3079 984 3138 letata
1012 3085 1055 3138 est
1080 3080 1197 3154 emptus
1217 3110 1261 3122 —
1286 3091 1395 3154 ymnus

98 3196 170 3254 cea.
187 3196 278 3240 masc.
291 3183 369 3252 finit.
394 3175 452 3242 sed
466 3187 543 3263 post
558 3200 590 3241 v.
608 3197 640 3240 os
655 3182 693 3240 dc
707 3197 804 3240 ossam
816 3197 887 3254 cca.
903 3183 1012 3254 neutri,
1028 3187 1063 3241 at
1078 3181 1224 3254 Virgilius
1231 3186 1393 3254 postquam

96 3299 199 3358 pavor
213 3300 244 3364 p.
261 3278 302 3342 90
316 3277 349 3342 H
371 3277 526 3344 librarius
549 3278 677 3342 omissis
693 3275 851 3363 exemplis
866 3279 1061 3365 scriptorum
1075 3277 1208 3342 nomina
1229 3275 1298 3342 sola
1320 3297 1394 3339 cum

101 3380 189 3444 notis
209 3401 363 3465 generum
378 3381 502 3467 posuit,
524 3401 595 3460 opes
606 3401 675 3460 qen.
692 3383 767 3456 fem.
790 3385 951 3444 oleastrum
963 3401 1033 3460 aaa.
1050 3390 1132 3444 aaa.
1148 3387 1211 3443 etc.
1226 3377 1287 3442 hoc
1308 3378 1393 3442 libro

100 3504 181 3546 usus
203 3481 317 3548 Victor
345 3482 392 3546 Le
419 3479 513 3547 Olerc
536 3483 571 3546 in
604 3482 785 3570 appendice
813 3481 955 3566 catalogi
976 3504 1072 3568 quem
1094 3479 1164 3545 dixi
1186 3503 1218 3566 p.
1240 3480 1303 3543 649
1323 3501 1392 3565 sqq.

100 3593 278 3650 tractatum
296 3585 337 3649 de
358 3584 545 3650 nominibus
561 3584 609 3648 ita
623 3583 740 3666 edidit,
764 3593 801 3648 ut
822 3584 857 3646 in
879 3586 985 3670 priore
1008 3593 1101 3669 parte
1123 3582 1287 3666 integram
1307 3580 1393 3645 Lau-

102 3687 260 3751 dunensis
287 3686 409 3752 codicis
432 3686 627 3772 scripturam
649 3685 837 3767 exhiberet,
865 3686 899 3749 in
920 3685 1099 3770 posteriore
1127 3682 1205 3748 inde
1226 3705 1247 3747 a
1267 3706 1300 3747 v.
1323 3703 1395 3763 opes

101 3792 180 3853 item
201 3787 491 3854 Vindobonensem
520 3786 664 3854 codicem
691 3809 757 3852 non
783 3788 918 3852 mutatis
945 3785 1072 3852 librarii
1099 3786 1263 3851 erroribus
1286 3785 1392 3870 expri-

101 3902 214 3955 meret.
257 3900 372 3977 postea
399 3889 584 3955 Fhidem'cus
613 3887 794 3955 Guilelmus
823 3890 900 3954 Otto
922 3889 1093 3973 utriusque
1114 3886 1267 3952 editionis
1291 3886 1393 3972 copiis

101 3992 259 4058 adhibitis
280 3991 401 4056 librum
423 3989 624 4079 amplissimo
646 3993 890 4073 commentario,
918 3990 953 4053 in
980 4012 1043 4077 quo
1070 3989 1173 4054 multa
1194 3989 1234 4053 de
1255 3987 1392 4054 nomini-

100 4095 163 4159 bus
186 4117 206 4158 a
232 4095 443 4178 grammatico
471 4095 621 4159 tractatis
649 4095 844 4182 disputavit,
876 4095 1070 4157 instructum
1092 4091 1267 4178 separatim
1290 4087 1394 4154 edidit

101 4197 222 4262 Gissae
245 4217 273 4259 a.
300 4195 391 4261 1850.
420 4195 548 4260 duobus
576 4205 685 4261 autem
711 4195 897 4278 codicibus,
926 4196 981 4282 qui
1009 4192 1115 4259 adhuc
1135 4191 1285 4279 usurpati
1308 4200 1393 4275 sunt,

100 4302 167 4363 iam
195 4298 322 4363 accedit
348 4299 464 4363 tertius
493 4298 700 4363 Monacensis
730 4297 832 4362 14252
859 4296 937 4361 olim
964 4295 1189 4361 Emmerainus
1216 4293 1279 4359 252
1307 4314 1392 4358 nono

100 4400 230 4466 saeculo
254 4401 407 4487 scriptus,
430 4399 453 4464 f.
479 4399 643 4464 181-191
667 4407 772 4481 incepit
792 4399 907 4465 staats
929 4404 967 4462 dc
989 4398 1177 4463 laomiar'bas
1197 4404 1283 4461 cuias
1302 4417 1392 4475 aare·

99 4511 144 4568 ris
165 4510 234 4567 siat.
280 4509 433 4585 Aegyptus
455 4540 489 4553 -
516 4507 671 4583 discrepat
691 4502 835 4588 atrox.*)

185 4691 211 4761 *)
236 4693 360 4744 Iudicem
381 4692 503 4742 universi
526 4691 630 4743 codicis
656 4691 803 4755 subiciam,
827 4694 904 4741 utin
922 4691 1031 4755 reliqua
1050 4705 1156 4755 quoque
1175 4692 1255 4753 parte
1273 4688 1392 4752 plurima

101 4781 259 4832 consentire
274 4794 334 4828 cum
347 4777 555 4830 vindobonensi
573 4782 601 4827 et
612 4776 788 4828 Laudunensi
806 4777 900 4828 codice
919 4774 1106 4842 intellegatur.
1130 4773 1198 4828 cod.
1211 4774 1329 4826 Emmer.
1342 4775 1392 4823 252

100 4866 198 4917 memb.
218 4881 291 4916 saec.
311 4865 350 4914 IX
370 4864 474 4914 formae
493 4862 644 4927 quadratae
670 4862 689 4912 l.
712 4865 785 4913 1-3
812 4863 921 4913 Ter-cate
938 4861 1037 4913 Scauro
1059 4861 1244 4926 orthapraplcia
1260 4861 1337 4924 igitur
1354 4866 1394 4909 est
1433 4851 1436 4855 ’
