3350 5442
317 382 378 446 166
883 376 1036 441 POMPEll

356 522 362 534 .
376 494 465 535 1so-eo
478 491 501 531 1.

315 508 428 636 dltivus
449 568 572 651 pluralis
593 571 624 629 in
646 570 673 629 is
696 569 769 628 exit:
793 568 871 629 sicut
892 573 968 627 lecta
992 574 1138 627 tectorum
1161 569 1260 636 tectis,
1283 569 1327 628 sic
1349 573 1379 627 et
1400 564 1459 627 duo
1481 566 1598 629 duorum

314 673 388 737 duis‘.
434 674 485 734 sed
515 673 566 750 qui
594 670 651 731 hoc
679 669 776 730 dictati
804 669 911 730 deinde
939 670 964 728 si
994 668 1104 731 dixeris
1125 670 1296 744 doctorum,
1321 668 1375 729 hos
1398 668 1501 730 doctos
1522 670 1597 732 iac-it:

315 796 386 857 ergo
410 775 502 837 debes
525 774 624 835 dicere
647 771 774 832 duorum
796 772 851 832 hos
873 770 961 841 duos;
997 770 1048 831 sed
1072 771 1130 832 duo
1152 779 1251 832 tamen
1275 770 1451 852 aliquotiens
1473 770 1598 849 legimus,

314 879 366 942 sed
394 879 451 939 hoc
480 875 642 939 secundum
670 873 803 953 regulam
831 891 893 934 uou
920 892 1076 953 possumus
1110 874 1220 935 dicere.
1265 881 1397 934 ceterum
1425 872 1535 935 lectum
1562 883 1602 935 est

315 980 450 1044 similiter
477 977 579 1049 ambo,
609 986 639 1038 et
662 975 766 1038 ambos
788 974 880 1037 debes
908 976 1017 1037 dicere.
1063 976 1114 1037 sed
1136 982 1251 1037 remota
1274 984 1343 1037 sunt
1365 977 1434 1047 ista,
1459 994 1519 1037 non
1541 990 1623 1056 pos-⁵

315 1102 418 1146 sumus
441 1082 542 1147 dicere
564 1078 728 1141 secuudum
751 1077 894 1158 regulam.
940 1080 1018 1158 siqui
1041 1077 1120 1138 dicat
1141 1078 1195 1139 tibi
1217 1077 1327 1155 ‘quare
1350 1077 1477 1139 dicimus
1500 1078 1556 1139 duo
1578 1090 1603 1141 et

316 1186 391 1247 duos
414 1194 444 1246 et
465 1183 553 1247 ambo
577 1190 606 1242 et
628 1179 776 1251 ambos‘l’,
801 1179 876 1241 haec
891 1199 979 1241 causa
997 1188 1056 1249 est,
1081 1198 1136 1242 nec
1158 1179 1231 1240 illud
1255 1198 1355 1241 verum
1379 1188 1435 1251 est,
1460 1198 1517 1241 nco
1538 1180 1604 1241 illud

315 1306 419 1349 verum
447 1293 506 1356 est;
535 1292 565 1346 et
591 1284 731 1365 quoniam
758 1300 815 1343 nec
843 1280 916 1342 illud
945 1300 1046 1343 verum
1075 1289 1197 1342 estnec
1224 1281 1310 1352 illud,
1341 1290 1497 1362 utrumque
1519 1291 1603 1343 recte.

317 1398 347 1451 et
366 1391 398 1449 in
420 1390 487 1449 iure
508 1388 551 1448 sic
574 1394 635 1447 est:
658 1385 924 1465 quotienscumque
947 1390 1071 1465 utraque
1094 1384 1195 1463 regula
1218 1386 1392 1455 infirmatur,
1416 1395 1543 1465 utraque
1563 1404 1605 1445 re·

317 1494 434 1572 cipitur.
480 1508 571 1569 quare
594 1488 650 1550 hos
672 1489 747 1550 duos
768 1490 853 1562 lacit,
879 1505 945 1547 curn
969 1485 1035 1549 duis
1057 1505 1118 1547 nou
1139 1506 1298 1567 possumus
1322 1486 1325 1566 l
1350 1486 1468 1547 dicere?
1491 1504 1636 1549 recessero

316 1593 408 1657 habet
429 1595 508 1654 enim
529 1593 614 1653 utin
636 1594 663 1652 is
685 1594 791 1653 mittat.
821 1591 919 1651 omnia
944 1593 1023 1651 enim
1046 1591 1176 1659 nomina,
1201 1608 1276 1669 quae
1299 1590 1330 1649 in
1352 1590 1520 1651 accusativo
1541 1594 1607 1666 plu-

316 1698 379 1757 rali
399 1697 430 1757 in
452 1714 486 1755 os
509 1700 632 1763 exeunt,
657 1693 789 1755 dativum
811 1691 956 1771 pluralem
979 1693 1010 1751 in
1033 1693 1058 1752 is
1080 1694 1215 1754 mittunt:
1239 1678 1324 1771 puta,
1348 1690 1403 1752 hos
1426 1690 1524 1752 claros
1545 1694 1609 1753 lacit

317 1798 364 1859 his
391 1796 493 1864 claris,
523 1795 577 1857 hos
605 1796 710 1856 doctos
737 1796 809 1856 lacit
837 1795 883 1855 his
911 1793 1015 1855 doctis.
1060 1812 1119 1854 non
1149 1792 1222 1855 nulli
1246 1793 1348 1853 dicunt
1369 1793 1448 1872 quod
1471 1793 1608 1855 debemus

317 1901 418 1961 dicere
441 1898 515 1969 duo,
537 1897 567 1958 id
591 1906 635 1959 est
656 1898 711 1958 lros
733 1896 801 1957 duo.
846 1896 956 1975 quare?
994 1898 1108 1957 namsi
1132 1895 1295 1957 dixerimus
1317 1895 1372 1956 hos
1393 1896 1468 1966 duo,
1494 1915 1610 1959 necesse

318 2001 408 2063 habet
430 2000 544 2060 dativus
565 2001 597 2060 in
619 2018 637 2059 o
661 2001 757 2069 exire,
781 1998 828 2058 lris
851 1998 918 2058 duo.
963 2000 1060 2059 omnia
1085 1999 1163 2058 onim
1187 1999 1322 2067 nomina,
1352 2016 1426 2077 quae
1449 2001 1641 2061 accusativos

318 2101 427 2185 plurali
450 2104 611 2163 exeuntia
633 2120 666 2171 o,
689 2103 720 2161 in
744 2100 841 2163 dativo
864 2097 971 2179 plurali
994 2119 1053 2160 non
1076 2099 1276 2170 dominantur,
1305 2106 1338 2160 ut
1364 2108 1435 2180 puta
1464 2101 1521 2163 hos
1549 2110 1610 2163 octo

319 2206 465 2267 hisacio.
503 2197 648 2282 numquid
671 2203 719 2264 his
742 2202 864 2263 ustibus.
879 2204 966 2262 lacit?
990 2202 1126 2263 similiter
1149 2210 1179 2262 et
1200 2201 1286 2262 ambo
1309 2201 1364 2262 hac
1387 2204 1504 2264 ratione
1527 2203 1610 2265 decli·

318 2318 420 2377 natur;
448 2314 606 2387 utrumque
635 2312 789 2385 receptum
819 2312 864 2365 est
890 2322 945 2383 per
967 2303 1142 2382 analogiam.
1188 2321 1259 2382 ergo
1282 2312 1352 2365 sunt
1374 2306 1493 2365 numeri
1516 2306 1611 2383 singu·

318 2410 407 2481 laris,
429 2416 463 2470 ut
483 2409 533 2469 hic
556 2408 674 2474 doctus,
697 2408 816 2468 numeri
837 2406 975 2486 pluralis,
1004 2413 1036 2467 ut
1057 2405 1088 2466 lrl
1110 2405 1204 2478 docti,
1228 2408 1344 2467 numeri
1367 2405 1475 2476 dualis,
1507 2407 1565 2468 duo
1586 2418 1612 2468 et

319 2512 421 2583 ambo,
452 2512 569 2572 numeri
598 2512 778 2581 communis,
806 2516 840 2570 ut
867 2528 915 2569 res
936 2508 1031 2570 nubes
1053 2508 1126 2569 dies.
1170 2509 1268 2569 omnia
1292 2510 1427 2580 uomina,
1451 2528 1527 2589 quae
1549 2517 1644 2571 sunta

319 2621 370 2676 aut
391 2621 515 2695 quartae
543 2620 595 2673 aut
616 2614 737 2693 quintae
759 2610 978 2681 declinationis,
1006 2609 1160 2699 aequalem
1187 2609 1296 2671 habent
1319 2612 1533 2673 nominativum
1556 2615 1612 2673 sin·

319 2716 454 2797 gularem
486 2723 515 2777 et
537 2717 750 2776 nominativum
772 2712 927 2794 pluralem.
974 2708 1105 2791 quartae
1119 2730 1189 2791 ergo
1213 2720 1242 2774 et
1264 2714 1385 2793 quintae
1409 2712 1613 2775 declinationis

320 2821 440 2881 nomina
463 2836 556 2897 aequa
579 2818 695 2879 ratione
717 2817 890 2877 decurrunt.

404 2922 530 3000 Semper
559 2928 588 2981 et
615 2938 749 2999 semper,
779 2920 833 2988 ait,
863 2918 982 2979 nomina
1011 2918 1201 2991 inveniuntur
1227 2919 1256 2978 in
1285 2925 1412 2998 utroque
1441 2936 1567 2981 numero
1596 2942 1611 2973 s

320 3023 453 3086 eiusdem
482 3022 601 3101 generis
628 3021 700 3081 dicit
726 3039 796 3081 uon.
842 3038 909 3081 uam
935 3014 938 3100 l
962 3020 1151 3081 inveniuntur
1178 3019 1275 3100 aliqua
1303 3022 1423 3081 nomina
1446 3021 1612 3083 deficientia
1623 3042 1644 3081 as

319 3128 499 3187 innumero
522 3120 675 3201 singulari.
711 3140 778 3183 nam
801 3140 871 3183 ecce
893 3123 1059 3183 invenimus
1082 3122 1249 3184 deficientia
1270 3124 1301 3183 in
1325 3140 1449 3183 numero
1472 3124 1613 3202 singulari

201 3230 442 3309 432,1eetitem
472 3226 694 3287 deficientiam
723 3244 850 3285 numero
872 3224 988 3304 plurali.
1035 3233 1064 3284 et
1086 3242 1139 3285 eur
1161 3226 1219 3286 ital
1241 3223 1337 3306 pulvis
1359 3244 1479 3306 semper
1502 3228 1534 3288 in
1557 3228 1613 3289 sin·

319 3328 416 3409 gulari
439 3334 497 3397 est;
520 3327 644 3405 legimus
666 3335 764 3388 tamen
786 3326 864 3407 apud
887 3327 1040 3389 Horatium

473 3428 716 3491 novendiales
738 3428 925 3509 dissipare
948 3428 1129 3510 pulveres.

321 3553 393 3613 ergo
415 3532 510 3611 pulvis
531 3533 667 3610 sanguis,
691 3531 764 3593 haec
786 3534 906 3594 nomina
936 3532 1076 3593 deliciunt
1097 3533 1127 3591 in
1151 3550 1275 3593 numero
1297 3531 1414 3612 plurali.
1445 3539 1517 3595 sunt
1542 3554 1648 3614 quaero

320 3636 462 3697 deliciunt
493 3636 524 3695 in
557 3652 684 3695 numero
711 3628 929 3713 singulariae
957 3653 1058 3695 manes
1087 3634 1225 3706 Quirites.
1271 3642 1341 3695 sunt
1370 3652 1446 3715 quae
1476 3636 1616 3697 deliciunt

322 3756 446 3799 numero
474 3734 583 3816 plurali
610 3737 729 3815 generis
756 3738 892 3798 lemiuini
919 3754 938 3790 a
960 3734 1085 3815 legimus
1107 3743 1206 3797 tamen
1230 3746 1259 3798 et
1281 3740 1380 3799 neutri
1402 3737 1460 3799 hoc
1484 3758 1566 3800 esse:
1590 3746 1617 3799 ct

300 3914 307 3925 ¹
389 3907 557 3958 Muciorum
577 3908 603 3957 in
622 3906 670 3957 hos
690 3908 778 3957 doctos
796 3916 821 3957 Α
892 3906 1078 3975 3ergopotee
1098 3907 1181 3958 dicere
1197 3907 1281 3958 ABG
1332 3908 1382 3959 duo
1400 3917 1499 3959 tantum
1520 3910 1617 3975 aliquo·

319 3972 454 4029 tiensB'G
527 3978 944 4043 dpossumusBGupossumA
1024 3978 1276 4044 5etambospotes
1296 3979 1418 4029 dicereG
1489 3980 1617 4045 10quore

319 4047 533 4100 inhosduosA
605 4048 636 4100 11
657 4047 813 4113 pluralium.
835 4048 920 4099 ABG
991 4048 1136 4099 larameri
1154 4048 1260 4115 pluralis
1278 4050 1325 4103 u*:
1352 4050 1450 4099 numeri
1469 4064 1516 4104 om.
1537 4051 1619 4101 ΑΒΕ

389 4118 424 4171 23
443 4118 581 4168 decurrunt
604 4119 654 4169 ΒΟ
677 4118 822 4169 discurrunt
847 4119 898 4172 Ac.
925 4134 990 4183 quae
1012 4126 1150 4185 sequuntur
1173 4135 1273 4185 semper
1299 4128 1323 4169 et
1343 4134 1447 4185 semper
1465 4130 1514 4171 etc.
1533 4124 1570 4173 ud
1589 4138 1618 4171 ea

320 4204 386 4254 quae
406 4190 476 4253 apud
492 4190 616 4239 Donatum
631 4205 659 4253 p.
679 4187 740 4248 376,
759 4191 792 4239 25
809 4206 866 4255 sqq.
887 4189 919 4239 de
935 4190 1071 4240 nominibus
1088 4205 1187 4255 seraper
1203 4189 1373 4255 siupularibus
1390 4194 1430 4241 uel
1444 4206 1547 4255 semper
1562 4194 1618 4255 plu-

320 4258 417 4309 ralibus
434 4260 532 4323 scriptu
549 4266 607 4308 sual
626 4261 762 4320 pertinent.
782 4262 874 4311 Mcunu
889 4267 985 4322 aretem,
1003 4274 1075 4325 quum
1093 4262 1216 4325 indicaui,
1236 4261 1358 4325 quaedum
1375 4260 1406 4312 de
1423 4262 1564 4315 norrviuidue
1576 4278 1618 4328 pe·

319 4330 390 4380 neria
402 4330 533 4379 masculini
552 4331 577 4379 iu
589 4343 689 4379 numero
704 4332 801 4391 plurali
816 4329 987 4393 defluentibus
1001 4331 1160 4385 exciderunt.
1181 4346 1260 4397 quaro
1278 4332 1376 4397 reliqua
1395 4332 1469 4382 elium
1486 4340 1617 4395 compta,

320 4402 358 4451 aie
372 4405 399 4448 ul
412 4402 439 4449 in
456 4398 584 4449 codicibus
600 4401 700 4464 scriptu
716 4406 782 4464 aunt,
800 4402 893 4465 reliqui
962 4400 995 4452 26
1015 4416 1071 4450 narn
1088 4418 1146 4451 ecoe
1165 4402 1308 4452 invenimus
1324 4402 1348 4449 iu
1369 4416 1474 4451 numero
1492 4403 1619 4469 singulari

321 4486 367 4521 om.
383 4468 416 4532 A,
435 4469 496 4518 add.
515 4484 533 4519 a
583 4470 616 4519 28
634 4469 703 4535 apud
723 4469 865 4537 Horatium]
884 4470 959 4535 epod.
977 4470 1020 4531 17,
1035 4470 1068 4521 48
1128 4471 1161 4523 29
1179 4470 1339 4521 nouendialis
1358 4471 1486 4536 dissipare
1504 4472 1619 4539 pulueris

320 4540 345 4589 A
416 4538 450 4590 30
468 4538 533 4588 lreec
551 4541 654 4591 nomina
670 4541 718 4589 ista
732 4540 852 4590 deliciunt
872 4540 927 4591 AB
979 4539 1013 4591 32
1030 4541 1146 4591 leminiui
1159 4542 1269 4607 legimus
1287 4540 1504 4592 Auersamini
1523 4551 1550 4592 ut
1569 4558 1619 4608 pax

321 4610 366 4659 lux
385 4610 540 4675 legimus-u,
557 4610 605 4660 aed
619 4621 711 4673 postea
728 4612 817 4661 deletis
840 4612 872 4660 iis
895 4626 960 4677 prae
978 4612 1067 4662 addita
1086 4620 1160 4662 mont
1178 4621 1204 4661 ut
1223 4628 1274 4679 pux
1292 4612 1345 4661 lux.
1366 4620 1489 4676 corrupta
1506 4614 1621 4664 codicum

320 4682 461 4742 scriptura,
487 4696 559 4745 quam
582 4683 684 4745 reliqui,
707 4682 745 4731 eie
767 4683 866 4732 affletur
888 4684 1041 4745 corripendu
1063 4698 1134 4745 esse,
1158 4690 1216 4733 sunt
1241 4697 1305 4746 quae
1330 4682 1449 4734 deliciunt
1468 4684 1493 4732 in
1512 4698 1619 4733 numero

321 4749 415 4816 plurali
436 4751 539 4814 generis
557 4749 689 4811 seminini,
709 4760 737 4799 ut
755 4766 807 4817 pax
827 4752 885 4811 lux;
905 4752 1016 4819 legimus
1034 4762 1117 4802 tamen
1138 4762 1162 4803 et
1181 4753 1279 4802 numeri
1297 4752 1402 4819 pluralis
1420 4752 1484 4803 haec
1503 4769 1577 4805 esse:
1598 4765 1620 4803 et

321 4819 386 4869 illud
403 4827 429 4868 et
447 4818 509 4869 illud
535 4820 602 4884 apud
620 4820 767 4871 Sallustium
791 4821 911 4887 legimus.
936 4825 996 4873 item
1017 4824 1119 4890 generis
1144 4824 1227 4873 neutri
1250 4836 1343 4873 nomen
1365 4824 1449 4874 delicit
1467 4824 1493 4873 in
1513 4838 1620 4875 numero

322 4889 424 4956 plurali.
443 4890 477 4952 cs.
495 4889 566 4951 infru
582 4905 610 4953 p.
631 4890 680 4941 182
695 4891 736 4943 ed.
755 4891 831 4943 niort
