3350 5442
559 361 794 439 commarca
1262 356 1323 422 113

1169 495 1174 508 .
1188 470 1263 510 sa-ao
1275 468 1300 509 c.

71 550 134 613 labet
157 568 172 611 a
192 548 300 618 cocali,
330 557 359 609 et
385 566 479 609 unum
507 549 595 610 babet
621 568 638 609 a
666 548 781 611 duabus
809 547 1050 611 consonantibus.
1093 480 1205 611 idcidco
1232 551 1265 610 lit
1292 557 1324 609 ut

69 672 110 715 oon
129 658 302 730 quaerantur
323 670 339 711 a
362 652 507 731 positione
530 652 588 711 nisi
610 650 685 712 duae
707 659 915 722 consonantes,
939 653 1007 732 quia
1030 650 1104 712 duae
1127 658 1324 713 consonantes

70 754 194 815 tinidium
216 760 245 815 et
266 753 420 813 dimidium
443 752 554 814 habent
582 760 700 833 tempus
733 761 762 814 et
786 754 898 815 iaciunt
924 752 1042 831 longam
1071 752 1211 832 syllabam
1238 773 1324 835 prae·

69 858 202 919 cedentem.
247 854 285 916 ob
301 855 377 918 hanc
392 872 510 917 causam
530 854 657 916 diximus
673 856 730 917 duo
746 875 811 918 esse
827 862 961 936 tempora
983 863 1012 917 et
1031 856 1205 918 naturaliter
1220 856 1324 935 longae

53 970 88 1019 set
102 959 235 1039 positione
257 957 372 1037 longae.
416 956 490 1018 illud
514 959 601 1018 etiam
624 960 769 1039 sequitur,
800 977 864 1020 esse
893 956 1005 1037 aliquas
1027 955 1151 1035 syllabas
1173 958 1322 1038 plurimas,

68 1080 122 1142 quae
141 1068 167 1121 et
186 1058 270 1140 plura
292 1059 404 1120 babent
425 1067 575 1140 tempora,
604 1080 693 1140 quarn
715 1068 846 1140 oportet,
875 1064 908 1121 ut
932 1066 976 1119 est
997 1058 1053 1119 lex.
1100 1079 1169 1121 ecce
1192 1081 1208 1121 e
1229 1063 1325 1140 ipsum

68 1162 212 1225 naturaliter
240 1161 298 1222 duo
327 1169 460 1241 tempora
488 1160 593 1230 habet;
616 1181 648 1233 x,
682 1180 757 1242 quae
785 1162 910 1223 duarum
939 1164 1166 1222 consonantium
1193 1162 1326 1241 iungitur

68 1268 121 1333 loco,
140 1283 227 1325 unum
249 1263 339 1325 babet
360 1272 490 1343 tempus:
515 1282 585 1325 ecce
608 1265 756 1325 invenitur
777 1265 833 1324 ista
855 1261 964 1343 syllaba
980 1262 1091 1325 habere
1110 1264 1166 1324 tria
1183 1271 1325 1343 tempora.

67 1386 136 1447 qnare
154 1365 210 1427 boe
232 1365 315 1425 dixit
338 1373 382 1426 est
402 1366 522 1445 quidem
538 1373 690 1436 tractatus,
713 1365 767 1425 sed
790 1368 878 1425 etiam
901 1364 972 1425 utile
995 1366 1091 1426 estin
1113 1366 1169 1425 boc
1182 1354 1325 1434 tractatu,

44 1471 177 1549 nquouiam
205 1470 278 1530 istae
305 1467 448 1547 syllabae,
479 1486 556 1547 quae
577 1468 672 1529 tribus
695 1468 879 1547 temporibus
900 1468 986 1537 fiunt,
1016 1469 1041 1528 si
1068 1466 1180 1528 babent
1206 1476 1274 1548 post
1296 1486 1328 1528 so

67 1573 120 1633 alas
141 1576 348 1639 consonantes,
372 1571 552 1649 asperrimos
574 1571 686 1632 iaciunt
706 1588 822 1640 versus,
846 1588 907 1630 non
928 1569 1076 1631 terendos.
1122 1571 1230 1649 qnare?
1254 1580 1328 1631 tem·

68 1692 121 1753 pora
144 1675 218 1734 euim
247 1673 411 1733 crescentia
441 1670 517 1732 ultra
542 1670 546 1754 l
571 1672 691 1733 modum
719 1673 865 1752 incipiunt
892 1688 1014 1749 gravare
1044 1678 1159 1732 nostras
1187 1690 1273 1732 aures
1302 1679 1330 1731 et

67 1775 178 1835 obruere.
222 1783 293 1854 puta
324 1775 401 1854 siqui
434 1771 522 1834 talem
553 1792 670 1835 rersurn
703 1775 803 1844 laciat,
839 1774 902 1834 ‘lex
933 1776 1028 1853 prima
1057 1779 1102 1835 est
1123 1773 1329 1854 quodcumque

67 1879 166 1956 potest’,
194 1882 335 1957 quattuor
361 1883 431 1936 sunt
457 1882 602 1955 tempora.
651 1875 714 1947 lex,
738 1895 755 1937 e
782 1876 841 1937 duo
868 1875 959 1937 babet
980 1884 1128 1955 tempora;
1157 1873 1330 1937 naturaliter

42 1981 129 2039 neuim
146 1977 229 2056 longa
253 1987 312 2039 est:
336 1979 471 2057 sequitur
492 1997 525 2049 x,
549 1997 641 2039 uuum
665 1986 780 2058 tempus
802 1977 906 2048 babet,
930 1979 996 2057 quia
1020 1976 1143 2037 duarum
1167 1996 1329 2039 consonan-

67 2083 123 2140 tium
142 2080 269 2158 iungitur
290 2080 371 2141 loco:
394 2081 529 2158 sequitur
550 2099 569 2160 p
593 2088 622 2140 et
643 2100 667 2147 r,
690 2098 760 2141 ecce
782 2081 892 2141 iterum
908 2078 986 2140 aliud
1008 2088 1139 2159 tempus:
1163 2099 1232 2142 ecce
1248 2087 1331 2160 quat·

66 2192 119 2242 tuor
137 2190 266 2262 tempora
289 2189 375 2250 suut,
407 2188 436 2242 et
457 2199 538 2241 nunc
559 2200 646 2262 asper
668 2191 721 2243 est.
766 2200 824 2261 qua
847 2185 961 2243 ratione
983 2182 1040 2243 hoc
1063 2182 1144 2243 dixit
1181 2184 1330 2262 quotiens·

67 2303 170 2365 cumque
195 2284 336 2345 inciderit
363 2282 420 2343 tale
448 2282 572 2363 aliquid,
601 2283 743 2345 debemus
769 2284 862 2345 rerba
890 2286 1043 2366 sequentia
1072 2303 1088 2345 a
1116 2283 1265 2346 vocalibus
1287 2284 1332 2343 in·

66 2386 166 2455 rboarc,
188 2394 221 2446 ut
243 2385 385 2466 depereat
406 2384 517 2465 aliquid
540 2387 577 2446 de
598 2385 646 2446 illa
669 2405 792 2456 summa,
821 2393 855 2447 ut
876 2394 947 2466 puta
970 2388 995 2447 si
1017 2386 1097 2447 dicas
1120 2386 1184 2447 ‘lex
1206 2389 1264 2446 ima
1288 2392 1333 2447 est

41 2487 250 2568 aquodcumque
278 2487 382 2549 velis’
412 2487 505 2549 levius
532 2495 631 2559 sonat,
659 2489 684 2549 si
706 2488 787 2549 dicas
808 2487 874 2549 ‘lex
901 2490 960 2549 ima
987 2490 1057 2559 est',
1087 2506 1173 2567 quam
1201 2489 1226 2548 si
1253 2487 1333 2548 dicas
1400 2469 1406 2479 ’

65 2587 117 2648 ‘lex
135 2592 225 2669 prima
248 2592 327 2651 est':
355 2589 414 2651 hoc
435 2592 569 2671 asperius
592 2598 621 2651 et
642 2592 760 2669 gravius
781 2598 875 2651 sonat.
920 2592 1040 2651 omnino
1063 2590 1120 2651 boc
1142 2608 1261 2652 servare
1284 2588 1334 2650 de·

66 2690 124 2751 bont
143 2694 187 2771 qui
208 2692 311 2753 volunt
332 2690 463 2753 lubricos
490 2710 594 2754 versus
622 2701 651 2753 et
677 2699 832 2753 currentes
855 2692 962 2753 lacere.
1007 2710 1075 2754 narn
1097 2692 1209 2753 idcirco
1232 2710 1335 2753 omncs

64 2790 110 2860 ilii,
130 2796 290 2873 participiis
313 2812 381 2855 cum
404 2795 638 2873 coniunguntur,
666 2796 846 2874 asperrimos
869 2813 971 2857 vorsus
994 2795 1112 2856 iaciunt.
1158 2812 1245 2855 omne
1267 2812 1335 2874 par-

66 2895 181 2975 ticipium
202 2895 320 2975 longam
342 2895 431 2957 babet
452 2894 607 2978 syllabam,
632 2904 664 2958 ut
686 2896 796 2958 doceas
817 2895 960 2958 scribens.
1005 2904 1127 2977 utputa
1149 2898 1226 2977 siqui
1246 2896 1335 2957 talcar

39 2996 140 3058 ataciat
159 3016 291 3067 vorsum,
316 2998 526 3078 ‘scribensque
547 3001 700 3079 patriqne'
725 2998 808 3059 verbi
831 3018 927 3070 causa,
951 3001 1133 3079 asperrimus
1155 3016 1259 3060 versus
1281 3005 1334 3059 est.

65 3102 162 3177 quare?
182 3103 248 3181 quia
268 3101 327 3162 boc
349 3102 445 3182 ipsum
468 3119 485 3161 e
505 3100 680 3162 naturaiiter
694 3100 817 3179 longum
841 3109 899 3171 est;
924 3102 1031 3163 deinde
1054 3096 1196 3182 selquitur
1219 3120 1238 3162 n
1262 3110 1334 3171 ets,

66 3204 159 3262 crescit
178 3211 305 3283 tempus.
351 3204 489 3284 quoniam
512 3205 645 3283 sequitur
666 3203 715 3263 illa
739 3206 923 3274 coniunctio,
948 3202 1021 3265 illud
1037 3206 1154 3265 crescit.
1198 3210 1337 3283 quattuor

66 3310 185 3384 tempora
206 3315 292 3376 sunt,
316 3314 347 3365 et
368 3305 548 3385 asperrimus
569 3306 601 3366 lit
623 3324 739 3378 versus,
763 3307 972 3387 scribensque,
998 3314 1027 3369 ot
1047 3306 1119 3367 latet
1141 3324 1229 3367 causa
1253 3324 1337 3386 aspe-

122 3634 138 3680 2
163 3640 315 3694 quaerantur
336 3644 352 3679 a
377 3631 503 3695 positione
520 3630 541 3681 0
565 3637 734 3693 quaeratura
756 3631 883 3697 positione
898 3630 924 3681 B
942 3638 1094 3694 quaerantur
1118 3586 1286 3695 abositionem
1302 3630 1337 3682 A.

66 3700 164 3755 latriam
182 3710 317 3766 quaeretur
339 3716 353 3749 a
371 3701 511 3766 positione,
534 3702 584 3751 nisi
603 3700 668 3750 darae
686 3701 736 3751 siut
759 3710 930 3751 consonantes
1001 3702 1060 3763 quia
1082 3701 1148 3750 (luae
1172 3708 1339 3750 consonantes

68 3787 102 3817 ea.
118 3774 150 3832 A,
164 3772 260 3826 adda
313 3770 614 3831 beom.AO‚add.o
667 3770 1097 3822 illabethOababetaemx
1123 3769 1179 3819 AL
1231 3768 1340 3831 liquere

69 3838 105 3887 loc
119 3842 174 3889 dixi
190 3852 214 3891 et
231 3842 334 3903 quidem
349 3849 468 3890 tractatus
483 3842 530 3890 sed
547 3843 623 3890 etiam
642 3840 704 3891 utile
723 3848 761 3889 est
776 3842 801 3889 in
819 3842 867 3890 lroc
886 3850 993 3891 tractatu
1012 3856 1090 3903 quare
1107 3840 1156 3890 hoo
1171 3840 1227 3889 dixi
1245 3847 1269 3889 et
1285 3842 1340 3903 qni·
1363 3856 1366 3862 ·

68 3912 113 3958 tem
131 3920 251 3961 tractatus
267 3912 315 3960 sed
333 3912 408 3961 etiam
427 3911 488 3960 utile
505 3919 544 3960 est
560 3912 588 3959 in
608 3910 656 3960 hoc
675 3920 783 3960 tractatu
800 3926 878 3975 quare
895 3910 944 3960 hoc
963 3912 1016 3961 dixi
1033 3911 1094 3977 poni
1109 3911 1227 3975 quoniam
1246 3910 1270 3958 A

69 3994 97 4027 est
113 3982 212 4042 quidem
233 3990 368 4030 tractatum
385 3982 411 4030 L
480 3981 510 4030 ll
532 3981 596 4030 elias
615 3981 706 4046 longas
725 3992 892 4033 consonantes
912 3982 967 4031 AL
1038 3980 1070 4031 13
1090 3982 1195 4031 obruere
1214 3980 1342 4044 adscripto

71 4052 86 4097 *a
100 4066 175 4116 scorp.
194 4052 367 4116 obstupiscere
387 4051 410 4098 A
480 4052 513 4101 lo
531 4050 647 4116 iungitur
661 4052 715 4100 loco
733 4055 757 4098 A
777 4051 899 4116 irrogatur
918 4053 972 4102 loco
992 4052 1016 4099 L
1034 4050 1120 4100 ollicio
1137 4051 1253 4116 futigitur
1270 4050 1343 4099 noa

122 4123 152 4172 li
172 4130 196 4169 et
208 4136 275 4171 nunc
292 4136 370 4185 asper
383 4130 421 4171 est
436 4121 511 4171 noa
527 4131 551 4169 et
566 4136 619 4169 uun
636 4136 711 4186 asper
726 4122 751 4168 A
767 4124 821 4170 etri
836 4136 928 4187 aspera
944 4124 969 4173 L
987 4130 1011 4171 et
1025 4136 1092 4169 nunc
1108 4136 1183 4185 asper
1200 4130 1239 4170 est
1253 4134 1342 4168 versus

71 4191 157 4241 arefecit
179 4192 362 4241 Lindemannoo
433 4190 465 4241 19
486 4191 609 4255 deperdat
624 4191 713 4253 aliquit
727 4191 759 4239 de
779 4191 821 4239 illa
838 4194 920 4255 prima
939 4191 1030 4240 sillaba
1047 4199 1109 4255 puts
1127 4192 1149 4239 si
1163 4190 1233 4239 dicos
1248 4189 1342 4238 leuium

72 4276 129 4320 qoem
146 4262 210 4312 siL
292 4263 328 4312 20
350 4260 527 4323 quodcumque
550 4261 614 4309 velis
634 4261 808 4325 Henciapems
832 4264 851 4311 t.
869 4276 891 4310 c.
918 4262 1042 4323 quodcum
1062 4259 1126 4310 uelis
1145 4260 1197 4309 Bc
1217 4260 1342 4324 quodcum

71 4331 130 4379 mltis
147 4332 173 4379 A
243 4329 331 4399 qnam]
350 4332 453 4395 qnodG
520 4331 650 4437 22ompis
667 4332 692 4379 A
762 4330 796 4381 23
811 4331 950 4395 participiis
965 4346 1022 4379 cum
1038 4332 1225 4411 coniunguntur
1242 4330 1268 4379 B
1286 4344 1344 4393 par-

220 4411 260 4441 eon
577 4410 603 4438 cu
1053 4416 1069 4447 u

74 4452 149 4517 riripiis
168 4468 227 4503 curn
251 4454 393 4519 iunguntur
409 4452 434 4500 A
459 4452 600 4518 participiis
623 4452 811 4517 coniunguntur
829 4453 850 4503 G
868 4452 1009 4517 participiis
1036 4451 1225 4516 coniunguntur
1243 4452 1274 4500 L.
1297 4451 1346 4501 nisi

74 4524 130 4582 plara
148 4532 208 4573 ante
228 4541 250 4573 o.
269 4523 308 4572 illi
327 4522 489 4588 exciderunt,
508 4523 665 4573 scribendum
682 4524 780 4573 videtur
799 4538 857 4572 nam
872 4522 966 4571 idcirco
986 4521 1175 4571 coniunctiones
1191 4521 1250 4569 illae
1265 4521 1345 4587 parti-

76 4593 206 4656 cipiiscum
225 4594 415 4659 coniunguntur
468 4608 569 4642 ornnem
588 4609 657 4646 corr,
682 4608 757 4642 omno
776 4594 801 4641 A
872 4594 906 4642 24
925 4600 952 4641 ut
971 4592 1065 4641 docens
1081 4591 1149 4640 AL:
1167 4598 1195 4639 ut
1212 4608 1259 4642 om.
1274 4590 1346 4641 Jrca

126 4664 282 4729 seiungam
305 4672 346 4713 est
362 4663 437 4714 nea
457 4664 533 4729 longa
550 4664 606 4717 AL
676 4664 709 4712 27
723 4664 842 4726 qnoniam
862 4663 975 4727 sequitur
988 4662 1057 4710 illam
1075 4662 1168 4710 iunctio
1188 4660 1212 4709 L
1282 4660 1345 4709 illud

74 4732 157 4798 officit]
178 4736 269 4785 iterum
287 4735 378 4784 crescit
398 4736 503 4785 confecit
519 4733 704 4785 Lindemanaus
772 4734 806 4783 28
825 4742 850 4782 et
868 4733 1034 4799 asperrimum
1052 4731 1080 4780 lit
1099 4731 1202 4781 verbum
1222 4731 1347 4779 scribens-

75 4818 118 4865 que,
131 4804 177 4853 sed
190 4806 251 4854 latet
264 4819 342 4853 causo
357 4805 509 4869 asperitatis,
529 4805 550 4853 si
566 4805 590 4852 in
608 4818 696 4854 versus
715 4805 903 4853 continuatione
918 4802 965 4852 lroc
984 4802 1012 4851 tlt
1027 4802 1156 4852 Medterus
1169 4801 1238 4866 apud
1256 4801 1289 4850 B.
1308 4808 1347 4852 tea

74 4874 241 4924 translatare
260 4875 377 4925 Mauram.
392 4876 487 4940 srapm.
503 4888 530 4937 p.
552 4873 582 4924 13
652 4875 766 4924 scribens
785 4875 853 4937 quod
873 4874 897 4923 L

117 4965 286 5036 caranus-‘ma
302 4966 392 5008 caum
405 4967 433 5008 v.
1126 4956 1146 5020 8
