3350 5442
323 366 362 434 12
877 372 1051 437 clanculi

346 493 368 535 p.
382 482 438 522 1363.
452 479 512 524 341).

471 563 644 640 corniger
667 561 919 643 Hesperidum
942 563 1083 625 fluvius
1105 567 1285 640 regnator
1307 578 1479 640 aquarum

279 719 282 726 ,
321 681 376 744 pro
397 663 492 724 lluvie.
529 665 740 726 nominativum
763 673 792 726 et
812 667 975 727 vocativum
998 664 1144 745 pluralem
1165 664 1285 742 generis
1306 661 1457 723 masculini
1479 669 1508 722 ct
1522 662 1601 723 iomi-

321 765 383 825 nini
397 768 429 824 in
443 766 453 824 i
474 765 555 836 lacit,
579 764 609 825 hi
625 774 654 828 et
668 784 686 827 o
700 769 851 846 magistri,
874 767 930 828 hac
945 778 975 828 ot
989 787 1007 828 o
1022 767 1138 828 fraxini.
1154 800 1196 809 -
1219 764 1331 826 Casus
1353 771 1440 824 suot
1460 781 1538 824 sex:
1561 773 1603 824 est

321 875 349 928 et
376 868 518 947 septimus
544 883 629 928 casus
657 867 775 931 ablativi
802 869 906 930 similis
933 872 998 931 sine
1033 869 1265 949 praepositione,
1296 873 1329 926 ut
1356 864 1486 926 velocior
1513 883 1602 944 equus

320 987 411 1048 equo,
441 987 501 1030 non
528 968 565 1030 ab
591 987 676 1048 equo.
714 980 758 1033 est
786 980 815 1032 ct
844 980 963 1056 optavns
991 971 1080 1032 dativi
1106 968 1226 1040 similis,
1255 970 1306 1048 qul
1339 967 1495 1028 accusativi
1521 985 1625 1028 casuss

319 1078 525 1152 repraesentat
541 1073 670 1150 speciem
687 1085 716 1133 et
730 1074 799 1135 lacit
815 1073 1020 1144 elocutionem,
1036 1080 1069 1133 ut
1088 1074 1135 1131 ‘it
1155 1069 1185 1131 cl
1195 1089 1293 1132 amor
1313 1068 1443 1138 caelo’,
1466 1068 1497 1128 id
1511 1077 1556 1129 est
1569 1069 1602 1129 ad

205 1189 263 1250 356,
278 1189 308 1238 11
322 1171 446 1235 caelum.
467 1206 503 1218 —
520 1173 706 1235 Nominati
716 1176 763 1235 vi:
783 1163 798 1250 ΙΙ
808 1184 914 1239 neutra
935 1177 1054 1239 nomina
1076 1182 1135 1235 mm
1151 1175 1183 1233 in
1196 1169 1337 1250 singulari
1352 1189 1438 1252 quam
1453 1173 1484 1231 in
1500 1169 1603 1248 plurali

320 1293 446 1336 numero
467 1281 528 1335 tres
556 1293 640 1336 casus
666 1276 777 1338 similes
805 1277 929 1350 babent,
954 1278 1164 1339 nominativum
1198 1277 1400 1336 mensorium
1431 1274 1603 1335 acontium.

277 1385 364 1433 27-
383 1377 431 1438 tb
454 1376 520 1437 hoc
548 1383 583 1437 et
605 1375 647 1436 ab
669 1375 734 1439 hac
758 1387 792 1440 et
814 1380 856 1441 ab
879 1380 946 1440 hoc
967 1378 1086 1440 felici:
1119 1377 1262 1438 ablativus
1289 1373 1447 1453 singularis
1473 1376 1603 1435 inomni

320 1495 463 1556 genereo
486 1487 514 1538 et
536 1480 546 1538 i
568 1496 754 1540 communem
784 1479 874 1542 habet
895 1489 1018 1561 propter
1040 1481 1209 1558 genetivum
1230 1476 1390 1558 pluralem,
1418 1477 1470 1556 qni
1492 1478 1524 1536 in
1544 1478 1603 1537 ium
1615 1497 1636 1535 1o

321 1580 414 1641 vadet.
451 1587 481 1640 et
502 1597 573 1642 saue
595 1580 749 1642 sciendum
777 1585 808 1643 in
830 1582 957 1645 ablativo
979 1581 1122 1661 singulari
1144 1581 1298 1660 participia
1318 1580 1399 1640 iuxta
1420 1579 1603 1674 superiorem

320 1681 444 1743 formam
467 1683 498 1742 in
522 1701 538 1742 e
561 1684 656 1754 exire,
680 1685 800 1746 nomina
822 1685 853 1745 in
875 1687 895 1746 i.

344 1811 345 1816 ¹
405 1782 575 1846 Praefectus
591 1784 672 1846 urbis
687 1773 892 1848 rationabilius
906 1785 1014 1848 dicitur
1028 1805 1116 1866 quam
1130 1785 1297 1866 praelectus
1310 1782 1393 1855 urbi,
1417 1785 1485 1864 quia
1499 1785 1603 1845 nomen

322 1891 367 1946 est
393 1885 555 1965 dignitatis
592 1905 651 1948 non
680 1890 880 1969 participium.
926 1888 973 1949 hic
996 1890 1075 1948 enim
1103 1895 1148 1949 est
1174 1887 1357 1966 praelectus,
1391 1904 1480 1966 quem
1503 1887 1604 1946 Graeci

320 1980 472 2068 ὕπαρχον
493 1987 608 2057 dicunt,
633 1997 666 2050 ut
686 1989 821 2051 videatur
843 1993 961 2070 praeire
984 2009 1103 2058 omnes,
1132 2007 1193 2051 non
1216 2008 1252 2050 ex
1275 2007 1311 2051 eo
1339 1987 1418 2068 quod
1440 1989 1637 2067 praeiectnsxx

320 2089 359 2150 sit
380 2090 498 2150 civitati.
536 2089 612 2150 adde
640 2090 717 2170 quod
741 2091 844 2153 Cicero
868 2094 1059 2154 verrinarum
1087 2093 1230 2171 septimo,
1259 2090 1289 2151 id
1318 2099 1363 2150 est
1384 2088 1603 2171 suppliciorum,

321 2190 392 2251 dicit
406 2191 513 2252 totiens
534 2192 718 2272 ‘praelectus
739 2192 858 2255 classis'
879 2202 909 2255 ct
930 2194 1115 2274 ‘praelectus
1129 2192 1268 2255 classium
1283 2191 1478 2254 Cleomenes'.
1502 2191 1604 2252 deinde

323 2289 386 2370 lde
408 2293 508 2353 luturo
535 2293 686 2372 praelecto
714 2294 784 2374 quid
812 2296 912 2356 dices?
940 2296 1006 2356 ‘hic
1034 2296 1202 2375 praelectus
1224 2294 1378 2356 faciendus
1406 2301 1453 2354 est
1479 2295 1605 2354 crastino

321 2393 394 2454 die’.
419 2412 476 2474 quo
491 2394 581 2456 modo
596 2394 653 2455 duo
668 2403 801 2476 tempora
817 2397 874 2457 sibi
889 2399 1036 2458 contraria
1051 2397 1224 2466 conlundes,
1240 2397 1432 2476 praeteritum
1444 2396 1604 2474 perlectum

321 2503 350 2557 et
365 2497 515 2558 loturum?
537 2495 631 2558 tribus
653 2500 731 2558 enim
747 2498 933 2576 temporibus
948 2500 1102 2578 participia
1122 2506 1267 2560 constant.
1291 2498 1460 2578 praelectus
1476 2498 1502 2557 si
1517 2498 1603 2577 parti·
1615 2516 1637 2556 n

319 2599 402 2679 pium
417 2597 526 2660 dixeris
538 2603 735 2676 praeteritum
744 2599 925 2676 perfectura,
948 2607 976 2660 et
997 2601 1129 2662 luturum
1144 2608 1201 2672 ost,
1226 2608 1255 2660 et
1268 2618 1328 2660 non
1343 2606 1437 2679 potes,
1453 2607 1605 2679 antequam

320 2701 379 2769 liat,
396 2699 497 2762 dicere
511 2701 630 2763 lactum.
656 2704 752 2763 eterit
767 2720 885 2773 nornen,
902 2720 965 2787 no·
977 2704 1174 2784 participium,
1191 2721 1249 2783 quo
1263 2701 1445 2780 iungendum
1461 2708 1506 2762 ost
1519 2718 1604 2779 gene·

320 2804 380 2863 tivo
395 2804 490 2872 casui,
514 2821 573 2864 non
589 2803 694 2865 dativo.
740 2823 808 2864 nam
824 2806 850 2866 si
864 2803 993 2865 volueris
1014 2804 1098 2866 verbi
1112 2806 1206 2884 gratia
1221 2803 1294 2864 mihi
1309 2803 1410 2864 dicere
1425 2804 1545 2864 ‘nescio
1560 2821 1605 2863 ur·

322 2903 399 2974 bem,
415 2906 562 2966 civitatem
579 2907 646 2965 novi
662 2904 748 2975 dici’,
765 2914 795 2966 et
810 2907 971 2986 quaesieris
983 2925 1000 2967 a
1010 2925 1059 2966 me
1074 2908 1136 2987 ‘qui
1151 2907 1311 2976 transiitl',
1328 2907 1468 2967 nimirum
1480 2905 1607 2967 dictums

321 3006 375 3067 tibi
390 3024 455 3066 sum
470 3006 636 3086 praelectus
651 3008 785 3069 civitatis.
813 3006 958 3085 numquid
982 3008 1059 3069 bene
1082 3007 1162 3078 dico,
1185 3010 1211 3068 si
1233 3007 1335 3069 dixero
1356 3007 1525 3087 praelectus
1540 3004 1605 3069 civi·
1617 3025 1639 3063 25

321 3109 391 3168 tati?
407 3097 542 3168 similiter
558 3110 646 3168 etiam
661 3108 827 3188 praelectus
843 3112 983 3188 praetorii
998 3109 1058 3170 dici
1074 3108 1177 3180 debet,
1195 3127 1254 3169 non
1269 3110 1436 3189 praelectus
1450 3111 1604 3189 praetorio,

320 3210 359 3270 ita
382 3215 415 3270 ut
435 3210 621 3289 praepositus
643 3209 783 3280 cubiculi,
807 3229 868 3272 non
891 3210 1037 3272 cubiculo.
1067 3211 1118 3272 ille
1140 3230 1209 3272 nam
1227 3207 1232 3293 Ι
1252 3211 1310 3272 dici
1332 3211 1421 3272 debet
1443 3212 1606 3291 praelectus

321 3318 371 3372 aut
392 3313 501 3372 civitati
523 3319 575 3374 aut
595 3313 759 3397 praetorio,
788 3314 838 3392 qui
866 3314 1070 3393 superpositus
1091 3313 1181 3375 luerit
1202 3332 1217 3375 a
1239 3313 1390 3393 praelecto
1412 3312 1458 3374 vel
1479 3313 1606 3374 fabricae

320 3415 461 3494 praetorii
475 3413 520 3475 vel
534 3412 710 3476 victualibus
725 3415 858 3476 civitatis.
888 3433 948 3476 non
965 3416 1044 3476 enim
1058 3416 1170 3495 poteris
1192 3415 1293 3476 dicere
1315 3415 1352 3476 de
1373 3415 1510 3476 iaciendo
1525 3432 1606 3495 prae·

321 3514 398 3576 lecto
421 3515 505 3576 ‘oras
527 3517 582 3576 iste
604 3515 818 3595 praeficiendus
841 3525 887 3578 est
907 3519 1043 3587 civitati’,
1066 3516 1119 3578 sed
1141 3517 1216 3579 dicis
1238 3521 1322 3579 ‘cras
1342 3519 1399 3579 iste
1427 3517 1543 3578 iuturus
1565 3522 1640 3576 ostao

320 3617 498 3697 praelectus’
521 3625 572 3679 aut
594 3617 764 3680 ‘faciendus
786 3627 831 3680 est
852 3620 1047 3699 praelectus'.
1147 3643 1158 3666 ν

404 3718 567 3781 Proconsul
589 3737 606 3779 a
628 3718 746 3782 disertis
768 3721 845 3783 bene
867 3722 984 3793 dicitur,
1008 3741 1067 3783 non
1090 3730 1123 3782 ut
1144 3720 1264 3799 quidam
1286 3728 1391 3800 putant
1411 3721 1461 3781 bic
1483 3738 1607 3801 procon-

320 3820 385 3883 sule
407 3822 495 3892 dici,
511 3823 579 3900 quia
602 3840 711 3882 nomen
738 3829 782 3883 est
809 3822 971 3901 diguitatis,
1003 3843 1061 3885 uon
1089 3821 1144 3884 sub
1167 3821 1280 3883 duabus
1300 3820 1436 3902 partibus
1458 3824 1606 3889 orationis,

320 3923 372 3986 sed
395 3924 451 3986 sub
474 3941 540 3985 nna.
571 3942 639 3984 nam
662 3926 687 3984 si
709 3923 819 4001 dixeris
841 3924 1033 4004 proconsule,
1063 3925 1120 3987 erit
1146 3931 1340 4004 monoptoton
1364 3924 1529 3986 secundum
1553 3925 1606 3984 llo-

321 4034 421 4087 natum
445 4033 474 4087 ct
496 4025 584 4095 alios,
608 4027 659 4106 qui
682 4026 783 4087 dicunt
805 4046 838 4088 ea
861 4035 945 4106 parte
968 4026 1110 4088 declinari
1133 4045 1256 4097 nomen,
1285 4045 1341 4107 qua
1363 4027 1453 4088 luerit
1474 4029 1506 4088 in
1528 4045 1605 4086 com·
1619 4044 1640 4082 os

321 4130 467 4208 positione
494 4135 580 4189 casus
606 4129 810 4190 nominativus.
857 4128 1016 4192 absurdum
1049 4129 1139 4208 igitur
1172 4131 1230 4189 erit
1261 4128 1360 4189 dicere
1393 4132 1426 4188 ‘a
1460 4128 1607 4208 praetorio

324 4333 327 4340 '
391 4333 452 4384 cod.
472 4332 550 4384 Bem.
571 4332 703 4385 ta—o*.
775 4333 960 4398 lesperidum
1035 4335 1117 4398 2pro
1139 4333 1233 4384 fluuios
1303 4331 1368 4384 din
1394 4349 1440 4387 om,
1514 4334 1606 4382 icto

323 4403 437 4468 magistri
453 4403 517 4454 haec
539 4410 563 4452 et
578 4402 627 4453 hoo
647 4404 672 4453 .i.
692 4409 716 4454 et
734 4417 748 4452 ο
766 4404 862 4454 fraxini
931 4410 1011 4452 otest
1080 4403 1243 4454 inhiatione
1261 4405 1353 4454 similis
1423 4403 1515 4468 loquio
1534 4418 1605 4452 aeco-

322 4475 420 4523 satiuus
489 4473 711 4537 deloqnntionem
780 4472 810 4540 it]
826 4473 856 4524 iit
926 4475 953 4523 ld
970 4471 1020 4539 est]
1036 4482 1062 4523 ut
1078 4481 1117 4523 est
1185 4475 1605 4524 Bacousatiunmnocatiuumon.

392 4542 425 4593 10
436 4542 531 4593 habent
601 4545 633 4594 14
654 4541 706 4609 hio]
726 4542 774 4594 ltoo
845 4544 877 4595 17
896 4541 997 4608 classis]
1015 4544 1091 4594 clasis
1162 4544 1324 4599 20contrant
1394 4545 1425 4595 21
1445 4545 1606 4610 praeteritum

323 4611 463 4679 perlectum
481 4629 527 4666 om.
599 4613 632 4664 34
650 4622 823 4679 nronoptotum
847 4629 914 4666 corr.
938 4628 983 4662 -on
1055 4614 1088 4664 36
1105 4613 1254 4664 nominatini
1582 4620 1586 4625 “

391 4783 455 4852 brt]
479 4787 557 4851 Verg.
575 4786 640 4838 Aen.
660 4787 682 4834 V
699 4785 750 4839 451
838 4789 873 4838 2⁶2
891 4786 959 4850 quod
976 4786 1133 4852 iungendum
1150 4793 1189 4837 est
1207 4751 1342 4836 Puts'cttro
1430 4785 1465 4838 23
1482 4785 1605 4836 civitatem

324 4871 373 4907 non
391 4855 460 4921 novi,
476 4855 517 4906 dic
535 4857 638 4908 coniecit
655 4857 777 4934 Hopenus
846 4856 880 4909 34
898 4855 1038 4909 secondum
1053 4853 1191 4922 Donatum]
1209 4871 1236 4920 p.
1250 4855 1311 4917 377,
1331 4855 1361 4908 ll
