3350 5442
663 393 734 456 ms
887 342 923 440 s
1309 383 1350 448 aa

1158 509 1179 549 p.
1193 497 1251 537 1930.
1264 497 1289 535 tt
1302 493 1325 534 Ρ.

84 589 205 650 amantior
226 586 456 648 amantissimus.
486 581 564 662 quod
587 583 613 642 si
634 580 823 662 participium
848 587 960 640 tantum
988 585 1079 647 esset,
1108 576 1350 656 conparationem

83 693 165 770 nique
198 707 257 749 non
293 688 451 766 reciperet.
488 715 530 728 -
566 682 636 746 Setl
664 681 729 743 hos
761 679 947 761 plurimae
978 679 1159 741 lectionis
1190 676 1469 745 revincit388,·ae

83 791 281 853 auctoritas:
317 788 505 849 verissimum
533 793 578 848 est
612 793 643 847 ut
671 783 754 845 nulla'
778 784 935 863 participia
961 784 992 843 in
1019 779 1157 842 adverbia
1190 786 1350 847 transcant,

83 895 126 954 nisi
144 891 187 952 illa
214 909 289 971 quae
317 897 347 950 et
375 888 602 969 comparationes
623 895 747 965 possunt
768 886 917 964 accipere,
941 890 974 943 ut
994 883 1052 944 iam
1074 888 1235 962 potestates
1257 881 1351 941 nomi·

64 1013 138 1055 snum
158 999 288 1064 teneant,
312 999 345 1053 ut
365 989 527 1070 neglegens
548 987 750 1067 neglegenter,
774 987 936 1068 quialacit
956 984 1170 1064 neglegentior.

517 1158 566 1221 itt
589 1155 867 1220 CONlVNC'l'lONE
890 1153 895 1236 l

151 1281 366 1343 coniunctio
402 1288 457 1340 est
488 1298 575 1360 pars
606 1278 788 1338 orationis
820 1274 1038 1336 adnectens:
1078 1273 1248 1335 coniunctio
1284 1271 1397 1334 ivleo‘te

79 1385 185 1452 dicitur,
212 1381 291 1463 qued
318 1380 449 1442 adnectit
477 1378 580 1448 verba;
609 1398 625 1440 a
654 1379 816 1440 conexione
845 1378 903 1437 vim
929 1393 1012 1438 suam
1046 1375 1136 1438 natet
1163 1375 1349 1436 declaratam.

79 1494 194 1565 potestas
215 1483 457 1545 coniunctionum
480 1491 539 1552 est,
571 1488 603 1541 ut
624 1481 766 1549 sciamus,
790 1497 866 1560 quae
888 1477 1069 1558 copulativae
1091 1486 1173 1548 sunt,
1197 1495 1271 1558 quae
1292 1475 1352 1537 ‹lis-

53 1587 207 1648 minnetivae
233 1593 264 1645 et
291 1583 438 1662 reliquam
473 1582 561 1653 ordo,
589 1588 621 1643 ut
648 1583 789 1668 sciamus,
823 1580 941 1661 quaudo
972 1580 1198 1659 subiungamuS,
1233 1576 1352 1656 quando

78 1706 293 1768 praeponamus,
327 1685 445 1766 quanm
479 1683 693 1764 subiungamus
726 1691 755 1744 et
786 1700 1019 1764 praeponamus;
1053 1684 1162 1762 figura,
1191 1682 1259 1762 quia
1280 1699 1352 1742 con·

77 1792 243 1859 lunationes,
267 1790 400 1868 quamvis
422 1794 490 1848 sunt
512 1785 675 1866 simplices,
699 1793 925 1866 conponuntur,
948 1786 1025 1846 sicut
1046 1792 1076 1845 et
1097 1785 1226 1845 numiam.
1272 1784 1353 1862 eqou-

78 1891 133 1951 ‹lem
159 1889 206 1950 alii
234 1889 338 1950 dicunt
368 1888 443 1950 herae
465 1887 577 1950 habere
599 1888 861 1967 significationem,
885 1887 958 1965 ‘ego
981 1886 1138 1966 quidem';
1167 1884 1219 1946 sed
1248 1883 1353 1946 melius

77 1994 144 2052 iuxta
170 1991 340 2054 Sallustium
367 1989 598 2070 intellegendum
626 1989 759 2070 quidem,
789 1996 822 2049 ot
849 1989 1034 2069 conpositum
1062 1989 1101 2048 sit
1136 1987 1283 2068 equidem.
1315 2019 1350 2030 -

52 2090 254 2153 astausales:
277 2092 458 2172 intellegitur
480 2092 569 2153 etiam
591 2091 648 2152 laoc
670 2090 768 2159 moalo,
792 2090 864 2170 quid
885 2091 1004 2152 intersit
1025 2091 1104 2151 inter
1125 2086 1300 2151 rationalem
1324 2095 1355 2150 et
1366 2104 1397 2154 31
1482 2113 1491 2131 ι

77 2195 205 2256 casalem
232 2213 288 2276 per
317 2194 395 2256 hunc
424 2192 564 2254 colorem.
609 2191 691 2252 verbi
718 2193 812 2272 gratia
840 2193 865 2252 si
892 2190 1026 2254 dicamus
1049 2191 1171 2254 ‘occido
1193 2191 1353 2261 hominem,

78 2295 212 2358 attollam
237 2295 280 2356 illi
302 2297 487 2376 pecuniam’,
511 2302 674 2364 causaest,
697 2292 749 2354 sed
764 2294 839 2354 ratio
862 2313 922 2355 non
943 2302 988 2356 est
1014 2312 1069 2374 per
1096 2281 1354 2374 intemperantiam

78 2395 240 2476 {hominem
269 2397 421 2466 occidere;
455 2399 480 2458 si
508 2395 584 2459 addo
612 2400 685 2478 ‘per
713 2403 848 2466 noctem,
877 2414 916 2457 ne
943 2394 1178 2475 deprehendar',
1202 2397 1277 2456 ratio
1300 2403 1353 2456 est.

78 2499 239 2578 copulativae
274 2498 371 2560 dictae
402 2500 641 2570 coniunctiones,
675 2516 750 2578 quae
786 2516 906 2577 semper
939 2495 1077 2578 copulant
1110 2505 1140 2559 et
1171 2498 1355 2575 coniungunt

50 2599 223 2662 elocutiones
253 2597 301 2684 lut
328 2602 562 2681 ‘primusque
590 2599 764 2662 Machaon
793 2598 1068 2662 Et'llenelaus'
1098 2597 1156 2678 tale
1183 2605 1242 2668 est,
1270 2616 1308 2660 oo
1329 2600 1354 2659 si

78 2701 146 2762 vlicas
167 2706 212 2764 ‘et
231 2703 348 2783 primus
370 2700 554 2784 lllachaon’].
586 2722 654 2764 nam
678 2704 702 2763 si
726 2701 791 2763 dico
814 2705 865 2762 ‘tu
884 2700 961 2770 ille’,
984 2709 1064 2761 stare
1085 2719 1146 2761 non
1167 2707 1274 2781 potest,
1298 2701 1354 2762 nisi

78 2803 153 2864 inerit
172 2803 268 2866 media
292 2805 474 2873 coniunctio,
498 2812 530 2866 ut
552 2809 601 2865 ‘tu
625 2812 654 2865 et
675 2803 752 2865 ille'.
789 2821 861 2882 ergo
882 2802 950 2864 ideo
966 2802 1073 2864 dicitur
1088 2801 1262 2883 copulativa,
1286 2804 1354 2884 quia

77 2903 138 2964 alnas
157 2914 254 2985 partes
282 2907 314 2966 in
337 2905 503 2968 elocutione
526 2907 638 2985 optime
660 2907 821 2984 coniungit
850 2906 1024 2968 disiunctiva
1048 2906 1126 2964 enim
1150 2904 1240 2967 verba
1261 2923 1353 2984 enpu-

77 3003 124 3074 lat,
137 3025 233 3068 sensus
249 3007 400 3086 disiungit.
425 3006 492 3068 ideo
515 3009 664 3070 contraria
687 3009 803 3088 species
823 3008 940 3069 videtur
964 3007 1166 3069 coniunctioni
1187 3006 1352 3090 disiunctio,

48 3105 220 3186 conpletivae
240 3117 310 3170 sunt
331 3127 406 3188 quae
429 3108 544 3170 aelelitae
560 3117 667 3172 ornant
689 3127 809 3171 sensum
837 3117 866 3170 et
893 3108 1010 3189 pondus
1037 3109 1182 3178 adiciunt,
1206 3109 1355 3171 detractae

78 3207 140 3269 nihil
163 3211 319 3290 derogant,
352 3219 383 3271 nt
411 3210 487 3272 ‘hoc
513 3211 601 3273 lacito
628 3210 732 3274 saltem
742 3217 761 3281 ’,
792 3228 952 3292 possumus
975 3220 1005 3271 et
1026 3210 1105 3272 ‘hoc
1126 3211 1231 3272 lacito’
1255 3211 1355 3272 (licere

77 3309 176 3374 sanblata
196 3313 414 3374 coniunctione.
443 3348 472 3358 -
495 3312 628 3376 llilticilis
650 3313 788 3376 diseretio
811 3320 858 3374 est
878 3316 956 3375 inter
979 3312 1113 3375 causales
1135 3320 1165 3373 et
1185 3311 1354 3383 rationales,

77 3430 143 3489 qnae
165 3433 210 3475 ras
234 3411 238 3496 Ι
262 3415 359 3492 magis
389 3413 424 3476 ad
455 3413 647 3496 philosophus
675 3418 804 3496 pertinet
832 3423 863 3476 et
890 3422 1034 3477 oratores.
1073 3414 1152 3476 aliud
1180 3416 1259 3476 enim
1287 3424 1357 3476 sunt

77 3513 209 3586 causales,
237 3515 318 3578 aliod
347 3515 516 3578 rationales:
550 3525 649 3598 potest
681 3537 745 3580 esse
780 3519 860 3580 enim
887 3537 990 3592 causa,
1019 3535 1094 3598 quae
1121 3518 1267 3578 rationem
1295 3536 1354 3578 non

52 3613 188 3684 tolalenu
210 3619 285 3680 ratio
308 3620 373 3680 sine
396 3637 482 3680 cansa
505 3638 565 3681 non
588 3627 685 3700 potest
708 3637 781 3680 esse.
819 3617 876 3680 alia
898 3619 1053 3681 diseretio:
1078 3619 1129 3680 ulai
1153 3621 1263 3682 utimur
1285 3639 1354 3682 cau·

77 3715 268 3786 salicosano
293 3721 405 3781 utimur
429 3716 442 3800 ll
466 3720 674 3790 rationalibus;
701 3721 753 3782 ubi
775 3721 968 3783 rationalibus
990 3723 1109 3792 utimur,
1133 3740 1290 3801 possumus
1313 3724 1356 3783 uti
1464 3729 1469 3736 '

78 3825 100 3876 ct
119 3819 288 3881 causalibus.
312 3855 353 3866 -
376 3822 553 3900 Namque,
577 3824 665 3893 nisi,
690 3825 829 3894 nisisi,
854 3825 963 3894 enim,
994 3824 1146 3885 etenim:
1175 3826 1200 3884 si
1222 3832 1252 3885 et
1273 3825 1304 3884 ni
1325 3825 1455 3896 in389,5

76 3923 196 3982 oratione
215 3940 378 4001 numquam
394 3943 451 4004 pro
467 3926 677 3985 coniunctione
699 3933 866 4006 ponuntur,
890 3928 959 4004 quia
981 3925 1131 3987 interdum
1155 3927 1231 3986 vices
1254 3944 1354 3986 earum

77 4025 240 4104 praepositio
262 4034 398 4106 occupat.
420 4059 462 4070 -
484 4026 588 4088 Enim
610 4029 746 4089 etenim
767 4032 969 4090 enimvero:
994 4029 1067 4089 istae
1089 4035 1151 4088 tres
1173 4027 1384 4088 coniunctio-8

135 4263 194 4315 Coti.
211 4264 292 4319 Ber-n.
312 4263 514 4316 xiim—xlta
532 4267 559 4320 2.
613 4267 760 4332 ⁴lpotestus
813 4266 1001 4333 bneeglegens
1020 4267 1200 4332 neeglegenter
1253 4267 1356 4334 oecgle-

79 4333 166 4393 gratior
233 4334 263 4385 ll
287 4335 479 4387 coniunctiones
499 4351 568 4388 corr.
590 4337 784 4402 eoningationea
857 4338 889 4388 ta
908 4335 1067 4403 rationalem]
1090 4337 1188 4386 ratione
1259 4337 1290 4387 17
1311 4352 1357 4403 per

80 4401 254 4468 intemperantia
272 4403 401 4454 hominem
420 4407 535 4456 occidere
555 4421 587 4455 ne
608 4405 801 4472 depraelrendar
821 4409 843 4457 si
863 4407 929 4456 addo
949 4416 1111 4470 pernoctem
1130 4409 1192 4458 ratio
1213 4418 1252 4455 est
1323 4405 1356 4457 te

79 4471 217 4538 coniungant
267 4473 303 4523 ²0
318 4475 439 4524 monetata
457 4477 561 4526 taleest
577 4475 599 4526 ai
669 4476 701 4528 21
723 4474 782 4543 nisi]
805 4478 826 4528 si
879 4477 913 4527 25
931 4485 1003 4524 orent
1021 4479 1141 4529 cornui.
1160 4477 1371 4526 momordinaot'

133 4545 166 4592 28
186 4543 248 4594 aliut
318 4543 353 4594 'lli
374 4546 435 4595 aliut
506 4545 541 4597 30
564 4546 629 4596 ratio
647 4546 784 4608 enimaine
854 4545 888 4596 32
907 4546 932 4594 in
949 4546 1055 4596 orationi
1127 4545 1161 4597 34
1178 4547 1246 4597 enim
1262 4547 1355 4597 etenim

81 4624 127 4660 nero
144 4613 193 4662 iata

84 4731 127 4740 ——.

137 4818 164 4869 tt
183 4820 252 4871 iuxta
270 4817 431 4886 Sallustium]
459 4823 532 4872 Catil.
551 4822 596 4884 51,
616 4821 648 4872 15
662 4822 781 4886 equidem
800 4837 850 4888 ego
867 4822 907 4872 sic
922 4822 1053 4872 existimo:
1077 4822 1112 4885 es.
1132 4821 1325 4875 Proclamat.
1345 4820 1355 4869 l

79 4888 156 4948 pili
171 4889 202 4938 H
264 4889 477 4959 supremusque]
500 4889 773 4957 Verp.Aen.112t53
814 4931 818 4942 .
