3350 5442
309 323 371 386 316
778 326 916 389 {vultur
939 327 1135 390 Excitavit

308 511 513 598 antiquorum
536 512 730 598 scriptorum
751 511 855 594 locos,
873 533 954 598 quos
975 510 1032 576 ille
1053 535 1119 578 non
1141 535 1184 578 ex
1204 512 1285 599 ipsis
1307 514 1439 600 quidem
1462 513 1590 579 auctori·
1648 546 1649 583 r

307 614 384 696 bus,
408 614 466 679 sed
489 637 531 678 ex
553 614 775 698 grammaticis
791 615 910 700 quibus
926 615 1078 681 utebatur
1092 615 1226 698 citavit,
1249 614 1314 680 duo
1330 614 1490 682 Varronis
1514 617 1589 703 frag-
1648 644 1649 699 p

307 726 417 782 menta
449 717 573 804 posuit,
609 738 746 802 quorum
779 716 918 782 alterum
950 717 990 782 de
1022 717 1195 802 generibus
1224 739 1267 782 ex
1292 715 1385 782 libris
1414 717 1455 783 de
1488 717 1590 803 lingua

306 820 409 888 latina
431 820 537 884 minus
561 828 712 884 accurate
739 841 760 882 a
781 819 914 906 reliquis
935 819 1169 905 interpretibus
1192 819 1315 884 Donati
1340 820 1496 902 citatum,
1521 818 1589 884 alte·
1648 832 1649 837 ’

306 943 377 988 rum
400 943 442 986 ex
464 921 585 985 saturis
608 920 790 1008 Menippeis
812 920 855 986 ab
877 921 939 985 boc
959 942 1023 986 uno
1042 921 1235 988 'exhibitum
1256 931 1316 986 est.
1361 921 1482 988 deinde
1505 923 1540 986 in
1558 945 1589 986 oa
1648 912 1649 1005 ᾗ

306 1032 416 1112 parte,
444 1045 542 1109 quam
571 1024 704 1089 uberius
726 1046 823 1110 quarn
851 1021 993 1109 reliquas
1016 1027 1186 1105 tractavit,
1214 1023 1256 1088 de
1276 1022 1416 1110 pedibus
1437 1023 1589 1110 quaedam
1648 1014 1649 1019 ¹

306 1125 451 1212 scripsit,
481 1146 564 1211 quae
593 1124 635 1190 ab
658 1126 730 1190 aliis
753 1124 876 1189 tradita
898 1147 1057 1193 essenon
1084 1128 1210 1208 inveni,
1239 1148 1436 1213 quamquam
1457 1125 1588 1213 plurima
1648 1116 1649 1163 ³

306 1253 348 1295 cx
375 1229 416 1293 iis
445 1228 555 1314 potius
583 1228 685 1293 errori
713 1229 918 1312 grammatici
945 1229 1121 1296 tribuenda
1147 1250 1245 1314 quam
1271 1250 1313 1292 ex
1339 1228 1474 1315 antiquo
1507 1227 1588 1293 fonte
1648 1288 1649 1293 ,

305 1331 482 1417 repetenda
504 1351 575 1394 esse
597 1329 744 1415 adparet.
779 1328 919 1416 denique
940 1331 964 1394 ii
985 1331 1048 1395 loci
1071 1331 1105 1394 in
1127 1331 1247 1417 quibus
1269 1324 1413 1417 priorum
1436 1352 1587 1416 gramma-
1648 1352 1649 1411 ᾗ

306 1436 444 1500 ticorum
470 1433 601 1497 nomina
629 1430 795 1519 adscripta
821 1441 898 1496 sunt
922 1443 1056 1520 propter
1082 1434 1141 1498 hos
1170 1432 1259 1519 ipsos
1282 1430 1420 1497 alicuius
1442 1434 1587 1497 momenti

306 1559 378 1602 esse
399 1535 463 1602 visi
486 1543 571 1599 sunt.
617 1533 696 1597 baec
724 1534 824 1619 igitur
846 1543 879 1599 et
900 1544 1069 1619 praeterea
1089 1556 1196 1621 pauca
1221 1535 1399 1621 quaedam,
1428 1557 1513 1622 quae
1533 1556 1586 1598 me·
1648 1590 1649 1613 ᾖ

305 1639 409 1704 moria
444 1659 510 1702 non
543 1636 678 1721 indigna
710 1646 820 1718 erant,
854 1658 897 1701 ex
929 1637 1083 1701 universo
1115 1658 1215 1723 opere
1250 1645 1407 1723 excerpta
1443 1635 1586 1702 exhibere

305 1741 438 1828 placuit.

389 1843 499 1908 Finita
512 1842 577 1905 iam
588 1862 689 1927 prope
705 1841 846 1906 editione
861 1849 894 1906 et
908 1842 995 1928 typis
1008 1861 1165 1926 expressa
1179 1849 1306 1927 partem
1323 1839 1399 1905 libri
1410 1863 1476 1906 non
1486 1839 1585 1904 addito
1648 1866 1649 1931 r

305 1945 433 2010 nomine
460 1944 603 2009 auctoris
625 1945 778 2029 scriptam
805 1965 876 2008 esse
898 1943 966 2008 vidi
993 1944 1027 2008 in
1055 1942 1167 2008 codice
1188 1944 1346 2032 Bemensi
1370 1942 1431 2008 123
1453 1942 1584 2007 saecli

305 2048 329 2112 f.
348 2048 405 2110 117
428 2051 533 2110 Partes
554 2051 697 2110 orationis
717 2056 787 2125 quot
806 2046 895 2109 sunt?
917 2056 980 2108 octo
997 2083 1032 2093 -
1050 2046 1074 2109 f.
1092 2045 1177 2109 128*
1198 2051 1240 2108 da
1262 2056 1388 2109 accentu
1409 2053 1500 2109 tacte
1519 2066 1585 2110 cou-

305 2156 463 2228 tuaaltom's
488 2160 623 2228 correpte
644 2155 715 2228 quio
737 2155 907 2228 inperatiuo
928 2152 1014 2211 modo
1035 2153 1066 2210 r'n
1087 2168 1105 2211 e
1126 2158 1258 2211 mutatur
1279 2157 1308 2211 et
1325 2150 1407 2223 fucit
1423 2151 1586 2224 serucscere
1648 2150 1649 2219 t

305 2258 375 2317 inde
402 2272 533 2330 aquaem
560 2257 631 2330 quia
659 2257 752 2315 tercia
778 2260 919 2330 correpta
946 2260 990 2312 est
1015 2261 1045 2312 et
1070 2255 1217 2327 infinitivo
1243 2259 1385 2313 meante
1408 2270 1450 2328 pe
1480 2249 1495 2336 Ι.
1535 2249 1584 2312 sed
1648 2248 1649 2341 J

305 2356 498 2440 scripturam
520 2353 656 2433 codicis,
679 2373 777 2440 quam
798 2353 833 2416 in
854 2352 896 2416 iis
910 2374 995 2438 quae
1016 2374 1059 2416 ex
1080 2350 1141 2416 bac
1163 2360 1257 2438 parte
1279 2352 1366 2417 edidi
1388 2374 1440 2416 me
1462 2360 1584 2436 rogante
1648 2358 1649 2413 ἐ

304 2480 430 2522 meeum
452 2455 705 2520 communicavit
726 2454 935 2520 Hermannus
958 2453 1131 2539 Hagenus,
1160 2464 1226 2520 tam
1249 2462 1436 2539 corruptam
1459 2477 1527 2518 esse
1547 2453 1585 2514 in·
1648 2494 1649 2507 r

304 2559 431 2639 tellexi,
464 2566 500 2621 ut
526 2579 632 2642 pauca
659 2579 742 2643 quae
763 2557 839 2621 inde
861 2555 1084 2643 expromenda
1104 2577 1174 2621 esse
1195 2555 1385 2622 viderentur
1405 2557 1583 2633 invenirem,
1648 2540 1649 2563 ¹

304 2682 387 2746 quae
410 2663 439 2722 B
461 2659 570 2724 littera
592 2659 785 2744 significavi.

388 2761 564 2847 Excerptis
592 2760 713 2826 Iuliani
740 2782 862 2846 pauca,
891 2783 973 2848 quae
1001 2781 1043 2825 ex
1065 2760 1139 2825 aliis
1163 2760 1406 2825 commentariis
1429 2761 1464 2825 in
1485 2761 1583 2826 Dona·

304 2873 372 2929 turn
396 2863 561 2949 descripta
581 2863 756 2946 habebam,
779 2863 916 2945 subieci,
939 2861 980 2926 de
1002 2862 1121 2949 quibus
1144 2884 1204 2927 suo
1226 2861 1297 2928 loco
1320 2862 1511 2928 adnotatum
1530 2871 1582 2926 est.

307 2987 504 3053 quamquam
528 2976 637 3030 autem
659 2963 757 3030 facile
779 2965 895 3050 augeri
916 2965 1032 3030 borum
1054 2974 1282 3050 excerptorum
1303 2987 1459 3030 numerus
1481 2963 1584 3051 potuit,

304 3076 411 3130 tamen
441 3066 536 3153 plura
563 3066 702 3133 existis
729 3067 972 3132 commentariis
1001 3066 1114 3130 infima
1146 3076 1252 3132 aetate
1284 3067 1417 3154 scriptis
1446 3065 1584 3132 exhibere
1648 3054 1649 3059 ἵ

304 3191 422 3256 parum
445 3167 597 3233 utilitatis
620 3169 742 3234 habero
764 3170 873 3234 visum
896 3182 957 3236 cst.
1000 3191 1077 3233 nam
1099 3168 1208 3254 siquid
1230 3167 1352 3233 inillis
1374 3180 1503 3255 praeter
1521 3166 1583 3232 vul·

305 3293 415 3355 garem
452 3271 689 3357 expositionem
723 3271 910 3356 regularum
942 3271 1067 3337 Donati
1094 3271 1152 3336 vol
1188 3271 1367 3336 recentium
1403 3273 1583 3358 scriptomm
1648 3298 1649 3301 ¹

212 3453 214 3460 X
304 3370 454 3458 exempla
476 3395 518 3437 ex
540 3373 757 3462 antiquiorum
780 3375 1067 3458 grammaticorum
1084 3373 1232 3439 doctriua
1246 3383 1413 3460 receptum
1435 3381 1494 3454 est,
1515 3372 1582 3434 baec

305 3475 412 3540 omnia
439 3474 508 3538 fere
536 3499 579 3540 ex
605 3476 645 3539 iis
674 3475 766 3540 libris
789 3476 845 3561 qui
876 3498 963 3540 nune
990 3476 1090 3540 etiam
1118 3485 1246 3556 extant,
1275 3475 1419 3540 maxime
1446 3497 1488 3540 ex
1506 3495 1582 3538 com-

303 3584 410 3640 mento
438 3575 584 3664 Pompeii
613 3577 788 3663 diligenter
817 3578 859 3644 ab
889 3578 930 3642 iis
959 3578 1014 3664 qui
1041 3586 1116 3664 post
1136 3600 1211 3642 eum
1239 3579 1274 3643 in
1296 3578 1420 3644 Donati
1442 3585 1508 3641 arte
1532 3595 1581 3638 ex·

304 3678 455 3764 ponenda
477 3679 600 3744 versati
623 3689 700 3744 sunt
722 3687 876 3761 tractato,
898 3681 1001 3766 petita
1023 3702 1096 3744 esse
1117 3679 1239 3747 inveni.
