3350 5442
649 352 833 440 3333313
1319 371 1382 437 433

1178 499 1200 539 p.
1214 485 1316 526 1313-311
1332 483 1356 527 P.

88 567 169 627 rium
193 566 328 645 imperii,
359 565 502 625 scrinium
532 566 652 633 scrinii,
682 563 859 645 Capitolium
882 565 1037 646 Capitolii,
1060 569 1220 629 tentorium
1249 567 1381 635 tentorii,

90 643 255 712 armarium
278 653 400 711 armarii
424 649 580 730 [solarium
602 649 719 719 solarii,
743 654 955 712 armentarium
979 654 1151 712 armentarii
1175 652 1225 713 ubi
1249 659 1382 712 armenta

91 733 270 815 ponuntur],
294 737 421 815 spatium
444 737 548 815 spatii,
572 737 734 795 sacrarium
757 738 882 797 sacrarii
907 735 1005 815 [locus
1026 740 1057 797 in
1080 757 1138 816 quo
1161 756 1245 798 sacra
1267 754 1381 814 ponun-

90 820 173 901 tur];
197 823 240 882 sic
255 821 407 882 horarium
421 820 551 890 horarii,
574 819 715 881 solarium
738 821 855 890 solarii,
879 824 1038 882 tectorium
1060 825 1180 883 tectorii
1205 821 1381 902 [tentorium

61 908 229 976 5133133ὶί,
258 906 288 966 13
312 914 357 966 331
378 905 604 972 tabernaculum
631 904 792 985 militum],
826 906 1003 967 viridarium
1030 907 1181 976 viridarii,
1215 909 1381 987 pomerium

91 993 219 1071 pomerii
244 989 340 1071 [locus
362 989 578 1071 post·muros],
602 991 783 1052 sacrificium
806 992 955 1061 sacrificii,
978 992 1084 1053 lolium
1105 992 1179 1062 13111,
1203 992 1310 1053 solium
1333 1009 1380 1053 so·

90 1077 143 1147 lii,
165 1079 368 1138 testimonium
391 1078 572 1146 testimonii;
597 1078 639 1136 sic
661 1078 809 1137 rosarium
831 1079 954 1146 rosarii,
984 1079 1129 1138 aviarium
1151 1079 1256 1137 3313311
1286 1075 1383 1156 [13333

91 1161 138 1222 331
161 1159 400 1241 sedesavium]‚
425 1164 582 1238 augurium
604 1163 737 1239 augurii,
761 1163 926 1240 auspicium
949 1164 1085 1241 auspicii,
1109 1165 1233 1223 exitium
1258 1161 1261 1242 1
1286 1163 1380 1231 exitii,

91 1247 215 1308 exilium
238 1247 337 1318 exilii,
360 1247 529 1326 prodigium
552 1247 697 1325 prodigii,
722 1245 865 1307 auxilium
887 1247 1006 1316 auxilii,
1030 1247 1213 1326 praesidium
1228 1247 1380 1326 praesidii,

50 1349 77 1386 ¹0
91 1336 201 1394 atrium
224 1334 308 1401 atrii,
332 1335 491 1413 aucupium
514 1333 648 1411 aucupii,
677 1330 859 1392 adiutorium
881 1332 1036 1401 adiutorii,
1066 1335 1247 1411 mancipium
1269 1333 1381 1392 manci-

92 1421 152 1498 pii,
181 1418 292 1479 dolium
320 1417 401 1478 dolii.
447 1425 493 1478 est
520 1423 550 1477 et
577 1417 633 1478 alia
662 1418 756 1478 torma
784 1419 904 1495 generis
930 1419 1044 1486 neutri,
1073 1435 1149 1497 quae
1178 1435 1232 1496 per
1254 1436 1289 1477 us
1311 1418 1381 1486 exit,

92 1511 126 1564 ut
147 1504 203 1564 1333
225 1521 317 1582 pecus
338 1502 428 1565 buius
449 1504 567 1583 pecoris
588 1503 659 1563 bnic
682 1503 783 1582 pecori
805 1503 862 1562 boc
884 1520 1008 1582 pecuso
1029 1520 1121 1581 pecus
1138 1500 1175 1562 ab
1197 1502 1252 1561 boc
1273 1519 1381 1581 pecore

91 1589 167 1649 baec
189 1606 296 1668 pecora
318 1587 424 1649 bormn
447 1606 589 1668 pecorum
614 1587 662 1648 bis
690 1586 852 1667 pecoribus
879 1587 953 1648 baec
976 1605 1084 1667 peoora
1106 1608 1123 1648 3
1145 1605 1253 1666 peoora
1276 1586 1312 1646 ab
1334 1586 1383 1647 bis

91 1673 262 1754 pecoribus.
308 1673 344 1734 ad
372 1673 447 1734 banc
473 1672 630 1733 lormulam
657 1673 874 1734 declinabimus
907 1672 991 1734 ulcus
1019 1672 1134 1742 ulcera,
1164 1672 1281 1733 lacinus
1308 1672 1381 1732 1331·

52 1775 77 1814 33
92 1778 181 1828 nora,
204 1758 298 1819 vellus
325 1759 451 1829 vellera,
480 1761 578 1819 viscus
604 1760 733 1827 viscera,
764 1777 815 1819 rus
837 1777 922 1828 rura,
952 1761 999 1819 ius
1019 1761 1099 1828 iura,
1123 1775 1228 1818 3333333
1249 1775 1381 1825 nemora,

91 1853 197 1922 tergus
223 1850 358 1921 tergora,
388 1851 492 1923 pectus
519 1850 656 1922 pectora,
685 1861 779 1921 genus
805 1861 930 1921 genera,
960 1842 1076 1923 pondus
1103 1843 1251 1922 pondera,
1275 1861 1382 1922 corpus

92 1947 233 2009 corpora,
258 1928 349 1989 decus
364 1929 486 1997 decora,
502 1930 593 1990 sunus
607 1929 726 1998 lunera,
750 1929 973 1997 sanccionem,
998 1928 1062 1989 olus
1077 1929 1175 1996 olera,
1198 1929 1270 1988 litus
1284 1927 1380 1997 litora,

91 2033 168 2095 opus
183 2033 287 2093 opera,
310 2014 403 2074 rudus
418 2014 541 2084 rudera,
566 2022 710 2083 lustum,
735 2021 852 2095 tempus
866 2022 1008 2094 tempora,
1032 2013 1137 2074 133333
1151 2014 1281 2082 foedera,
1305 2020 1381 2074 ster·

91 2119 147 2160 cus
168 2107 315 2168 stercora,
344 2117 419 2160 onus
446 2117 551 2169 onera,
579 2099 657 2160 latus
686 2099 788 2160 latera.
833 2108 879 2160 est
907 2099 963 2159 3113
990 2102 1108 2177 species
1129 2100 1251 2176 generis
1271 2100 1380 2166 neutri,

50 2203 76 2242 33
91 2203 169 2265 quae
197 2185 331 2245 continet
359 2185 478 2245 nomina
507 2187 537 2244 in
564 2203 601 2244 ur
629 2187 782 2255 exeuntia,
812 2192 846 2244 ut
872 2184 928 2244 boc
955 2200 1090 2244 murmur
1112 2185 1200 2245 buius
1221 2185 1382 2244 marmoris

89 2271 163 2332 huic
190 2272 334 2331 murmori
362 2269 418 2330 boc
447 2287 582 2330 murmur
608 2288 626 2329 o
654 2287 789 2329 murmur
812 2269 849 2330 ab
871 2270 928 2329 boc
950 2288 1100 2330 marmore
1128 2269 1202 2329 baec
1230 2287 1381 2329 murmora

88 2357 199 2416 horum
226 2373 410 2416 murinorum
437 2354 485 2415 bis
515 2354 717 2415 murmoribus
748 2355 821 2414 13333
854 2372 1005 2414 murmora
1040 2375 1057 2414 o
1085 2371 1234 2414 murmora
1263 2353 1300 2414 ab
1333 2353 1381 2414 bis

89 2439 304 2502 murmoribus.
335 2441 371 2501 ad
393 2440 469 2500 banc
491 2438 648 2500 formulam
672 2439 779 2500 similia
803 2437 983 2510 declinabis,
1006 2447 1040 2500 ut
1061 2438 1137 2500 ebur
1159 2437 1259 2512 ebora,
1282 2440 1381 2499 lemur

89 2529 221 2594 lemora,
244 2525 369 2605 sulphur
390 2525 543 2604 sulpbora,
569 2524 668 2602 lulgur
689 2524 815 2602 fulgora.
850 2525 902 2584 sed
925 2543 961 2584 ex
984 2525 1040 2584 bac
1061 2523 1186 2585 lormula
1209 2542 1268 2584 non
1290 2524 1381 2585 multa

50 2631 75 2672 33
90 2613 301 2680 inveniuntur,
325 2610 488 2690 quomodo
510 2628 603 2689 pauca
627 2617 695 2670 sunt
717 2613 837 2686 generis
859 2611 969 2677 neutri,
993 2629 1068 2690 quae
1091 2612 1122 2670 in
1145 2616 1326 2679 33333331,
1349 2617 1381 2670 ut

88 2714 224 2757 marmor
250 2695 340 2756 buius
365 2697 524 2756 marmoris
551 2695 620 2756 buic
648 2697 788 2755 marmori
817 2695 874 2755 boc
902 2712 1032 2755 marmor
1060 2714 1078 2754 3
1104 2712 1234 2754 manner
1261 2693 1298 2754 ab
1326 2694 1381 2754 boc

89 2801 249 2843 marmore.
295 2783 338 2840 sic
365 2799 476 2860 aequor
503 2799 647 2859 aequora,
677 2799 728 2841 333
755 2780 855 2840 33333.
900 2780 957 2840 3113
985 2782 1101 2858 species
1122 2781 1242 2857 generis
1270 2781 1380 2848 neutri,

89 2886 167 2948 quae
194 2868 327 2926 continet
354 2867 473 2926 nomina
501 2868 533 2924 in
561 2883 594 2925 ar
621 2865 762 2944 syllabam
786 2865 940 2934 exeuntia,
968 2871 1002 2924 ut
1022 2866 1069 2926 lar
1091 2865 1180 2926 buius
1201 2866 1293 2926 larris
1313 2863 1381 2924 buic

89 2954 167 3014 larri
190 2953 246 3012 boc
268 2952 317 3011 lar
339 2971 357 3010 o
378 2951 426 3010 lar
448 2949 485 3011 ab
507 2951 564 3010 boc
586 2951 681 3021 larre;
705 2953 735 3012 in
759 2950 866 3029 plurali
889 2958 1052 3010 trescasas
1073 2949 1163 3010 babet
1185 2949 1263 3010 solos
1285 2951 1380 3010 norni-

51 3052 76 3091 30
90 3039 225 3099 nativum
248 3037 321 3098 baec
343 3037 438 3106 lurra,
463 3036 662 3096 accusativum
685 3035 824 3097 similiter
846 3036 921 3095 baec
943 3036 1040 3105 13333,
1063 3037 1229 3095 vocativum
1251 3054 1269 3094 o
1291 3035 1380 3095 sarra.

90 3142 151 3184 non
175 3120 266 3183 babet
289 3139 361 3197 ergo
383 3123 546 3198 genitivum
569 3121 699 3181 dativum
722 3129 751 3181 et
774 3120 944 3181 ablativum.
969 3116 974 3202 Ι
998 3120 1075 3180 3333
1099 3121 1219 3199 triptota
1242 3121 1382 3180 dicuntur

90 3210 122 3269 in
145 3207 270 3286 plurali,
293 3206 324 3266 id
347 3217 393 3266 est
414 3209 505 3267 trium
528 3223 664 3276 casuum,
688 3214 721 3266 ut
742 3213 812 3266 sunt
832 3209 915 3268 iura:
938 3224 997 3266 non
1019 3206 1146 3266 dicimus
1160 3205 1267 3266 borum
1282 3208 1381 3266 iurum

90 3294 138 3354 bis
162 3290 294 3361 iuribus,
323 3309 379 3351 nec
406 3309 507 3352 aerum
531 3291 667 3361 aeribus,
697 3310 752 3352 nec
780 3291 937 3352 meliorum
958 3290 1112 3359 mollibus,
1141 3298 1171 3350 et
1193 3291 1250 3351 alia
1271 3309 1380 3370 pauca:

91 3397 147 3438 nec
177 3378 258 3438 enirn
285 3375 376 3437 multa
403 3382 482 3436 sunt.
526 3376 602 3436 banc
632 3393 703 3453 ergo
732 3378 858 3438 sormam
880 3394 1005 3437 numero
1026 3383 1140 3436 tantum
1163 3375 1307 3452 singulari
1330 3376 1380 3436 de·

55 3477 79 3518 33
92 3461 230 3523 3113331313.
268 3469 298 3521 31
320 3461 376 3521 1333
399 3468 502 3522 nectar
524 3464 669 3531 nectaris,
694 3461 772 3522 lasar
793 3462 898 3522 lasaris
920 3469 950 3521 31
972 3463 1081 3531 133133,
1105 3461 1183 3540 quod
1206 3467 1252 3520 est
1274 3461 1381 3521 simili·

91 3549 165 3609 tudo
190 3545 256 3627 [sed
278 3553 342 3606 tres
364 3565 449 3608 casus
470 3545 597 3615 babent,
621 3549 835 3607 nominativum
858 3549 1057 3606 accusativum
1080 3554 1110 3606 et
1132 3543 1328 3625 vocativum],
1352 3553 1382 3604 31

91 3639 163 3694 3331
185 3632 302 3692 numeri
323 3638 438 3692 tantum
460 3631 628 3708 singularis.
660 3632 717 3692 3113
739 3633 856 3711 species
877 3633 997 3708 generis
1019 3633 1128 3699 neutri,
1152 3649 1227 3709 quae
1249 3631 1381 3690 continet

91 3719 212 3778 nomina
241 3719 272 3776 in
300 3735 334 3776 er
362 3718 514 3786 exeuntia,
543 3716 596 3777 sed
623 3717 739 3777 numeri
768 3722 881 3776 tantum
905 3715 1078 3792 singularis,
1107 3716 1163 3775 1333
1185 3717 1273 3794 piper
1293 3715 1382 3775 buius

91 3804 208 3883 piperis
229 3801 300 3862 buic
321 3803 420 3881 piperi
442 3802 497 3861 boc
527 3804 613 3881 piper
641 3820 657 3861 3
687 3803 773 3881 piper
800 3800 837 3860 ab
861 3800 916 3861 boc
939 3803 1054 3880 pipere.
1098 3801 1134 3861 33
1157 3801 1233 3860 banc
1255 3801 1381 3861 sormam

162 4037 179 4086 2
199 4036 321 4086 solarium
338 4036 425 4086 3313311
443 4039 572 4088 1331331333
586 4039 683 4088 tectorii
703 4039 883 4089 armentarium
899 4037 1070 4088 marmentarii
1088 4035 1323 4102 (armamentarium
1342 4052 1381 4087 ur-

93 4107 253 4156 mementerii
265 4106 410 4169 Ρ313311133)
428 4107 573 4174 33331333ς
592 4107 723 4160 Pnacium
785 4107 801 4160 3
820 4108 891 4158 13333
908 4108 997 4172 inquo
1016 4121 1089 4158 sacra
1106 4118 1234 4172 ponuntur
1251 4123 1296 4157 om.
1312 4121 1329 4163 ς

93 4179 108 4226 4
126 4175 257 4225 horarium
275 4176 370 4226 berarii
387 4176 520 4228 rancum
538 4180 648 4228 orarium
663 4179 738 4228 orarii
757 4179 802 4234 113
872 4178 993 4228 solarium
1010 4177 1097 4228 3313311
1116 4176 1321 4226 camelarium
1339 4189 1381 4225 33-

93 4245 150 4296 13311
168 4243 194 4292 F
209 4244 328 4296 salarium
348 4245 471 4303 3313311ς
534 4251 663 4298 tectorium
679 4277 714 4286 —
731 4249 840 4297 militum
858 4261 938 4305 333ς
999 4244 1381 4312 6133333331333333333.ς

163 4316 269 4365 ‘llocus
288 4316 417 4366 33133333
435 4319 521 4378 avium
540 4331 625 4375 3333
677 4317 829 4384 {tugurium
849 4311 933 4383 agurii
950 4318 977 4367 F
1034 4316 1159 4367 1713333
1179 4313 1279 4381 133333]
1300 4331 1381 4367 33333

95 4384 232 4434 33333311
299 4384 331 4435 18
351 4385 496 4436 1333333313
514 4391 684 4453 3313333131Ὶ
750 4387 784 4438 20
802 4387 878 4437 133133
895 4387 1030 4436 murmuris
1047 4388 1159 4436 orricio
1176 4387 1314 4451 3311333333

94 4451 127 4502 28
145 4453 260 4521 3333133]
283 4456 440 4505 3333133ιί33
456 4457 483 4506 F
551 4457 585 4510 33
603 4473 650 4508 333
669 4473 728 4508 aera
743 4471 829 4507 oerum
850 4457 952 4506 ceribus
970 4457 1175 4506 adaeramentum
1195 4472 1242 4505 333
1257 4457 1283 4506 F
1347 4455 1382 4506 31

94 4524 172 4573 muita
186 4534 254 4574 3331.
280 4524 342 4576 13333
357 4527 458 4574 uomina
478 4527 503 4575 in
522 4543 565 4577 333
585 4537 690 4594 ponunt.
714 4536 753 4576 331
770 4527 837 4577 enim
856 4527 1065 4576 33333331333333
1082 4527 1106 4574 13
1123 4527 1237 4591 33311133
1256 4526 1340 4575 dicere
1356 4527 1381 4574 in

95 4593 146 4643 331.
166 4593 329 4644 1313133311333
347 4597 410 4644 3113
430 4595 480 4648 abl,
501 4597 531 4644 ab
549 4597 590 4649 bis
611 4597 728 4652 lenibus,
749 4596 813 4646 lianc
833 4598 858 4647 F
873 4597 1036 4647 3331133331.
1056 4597 1094 4646 313
1112 4595 1264 4645 3331333333
1284 4595 1379 4645 1333333

96 4663 119 4710 13
133 4663 249 4728 genitiuo
270 4679 405 4729 possumus
424 4665 507 4715 dicere
524 4675 567 4718 331
585 4669 611 4717 13
630 4668 715 4718 331133
734 4667 913 4716 1313133311333.
931 4667 996 4716 bane
1012 4681 1029 4723 ς
1088 4664 1122 4717 34
1139 4665 1281 4715 declinabis
1296 4674 1382 4715 333133

95 4745 110 4786 ς
162 4731 197 4784 35
212 4733 292 4783 133333
305 4733 385 4798 (corr.
402 4736 480 4796 13333)
497 4735 601 4787 13333313
610 4737 636 4787 F
651 4737 848 4787 13333313333313
861 4749 879 4792 ς
892 4735 958 4786 13333
972 4736 1222 4788 1333313Ρ313311333
1241 4737 1276 4799 cf.
1286 4736 1380 4801 frcpm.

95 4801 159 4854 Bob.
174 4803 206 4853 de
224 4819 288 4856 3333.
303 4821 331 4869 p.
353 4803 400 4855 131
422 4807 461 4858 ecl.
484 4807 560 4856 Viad.
632 4808 666 4859 36
691 4807 736 4856 333
754 4806 829 4857 babet
847 4815 898 4856 1333
916 4822 992 4856 casus
1009 4816 1105 4857 1331333
1121 4821 1189 4860 nom,
1207 4819 1261 4859 333.
1279 4814 1303 4855 31
1322 4821 1379 4858 uoe.
1443 4852 1445 4855 ,

97 4875 321 4930 31331333331ς
390 4881 477 4924 31333.
498 4877 523 4925 F
