3350 5442
184 1560 243 1623 eos,
258 1563 291 1611 20

185 1630 244 1689 aar,
259 1632 292 1681 34

313 353 373 418 178
880 353 1034 418 POMPEll

336 477 358 518 p.
373 466 460 505 186-88
474 462 497 503 Ι..

394 543 551 604 Praeterea
580 550 648 605 sunt
676 542 772 622 aliqua
801 544 920 605 nomina
943 545 1146 605 enuntiatione
1167 544 1343 622 singularia,
1366 544 1518 607 intellectu
1539 546 1597 627 plu·

309 643 393 715 ralia,
419 651 450 705 ut
473 652 517 705 est
537 644 666 725 populus
689 663 761 724 gens
783 648 883 707 contio
906 646 1073 708 multitudo.
1120 648 1219 707 omnia
1240 648 1297 709 ista
1319 649 1522 713 enuntiatione
1543 650 1599 709 sin·

307 746 421 825 gularia
449 758 533 819 sunt,
562 747 715 809 intellectu
743 746 883 827 pluralia:
914 768 975 810 uon
1004 751 1083 811 enim
1112 756 1250 811 constant
1277 749 1314 811 de
1337 750 1470 829 singulis.
1515 758 1600 811 autc

307 851 457 911 contrario
486 852 688 911 enuntiatione
715 850 855 930 pluralia,
884 850 1036 913 intellectu
1060 851 1234 930 singularia,
1257 860 1290 914 ut
1311 853 1442 915 Athenae
1464 854 1600 934 Mycenae

306 953 415 1013 Cumae
439 951 559 1014 Thebae
582 952 707 1014 Puteoli.
751 953 825 1013 haec
847 956 890 1015 sic
912 954 1064 1025 dicuntur,
1097 956 1181 1034 quasi
1202 951 1327 1034 pluralia
1349 957 1416 1017 siut.
1460 966 1530 1017 sunt
1552 973 1620 1015 aua

306 1063 365 1117 tem
388 1056 507 1116 nomina
531 1056 647 1115 numeri
670 1062 785 1116 tantum
807 1056 897 1119 modo
918 1055 1057 1137 pluralis,
1088 1064 1229 1136 quantum
1258 1058 1293 1118 ad
1315 1057 1435 1119 Latinos
1456 1060 1599 1138 pertinet;
1669 1057 1670 1064 ’

305 1165 438 1219 ceterum
468 1158 543 1237 apud
568 1158 697 1219 Graecos
727 1160 893 1222 invenimus
921 1158 1023 1229 aliter,
1052 1158 1109 1220 hae
1131 1158 1252 1221 Thebae
1280 1169 1309 1222 et
1336 1160 1408 1222 haec
1430 1160 1548 1230 Thehe,
1573 1169 1602 1221 ut

304 1268 350 1321 est
372 1264 426 1323 ‘te
450 1278 611 1341 quoque,
634 1262 806 1341 peritura
830 1261 985 1323 Thehe'.
1009 1262 1124 1323 variant
1145 1261 1196 1322 illi.

785 1506 789 1516 Ι
853 1445 901 1491 nn
923 1444 1055 1493 rrovaa

368 1549 496 1628 ‚Figura
525 1550 556 1610 in
585 1548 756 1612 nominihus
785 1558 836 1612 aut
863 1550 989 1630 simplex
1018 1558 1064 1612 est
1086 1559 1137 1613 aut
1159 1554 1322 1632 conposita.
1368 1553 1495 1632 simplex
1518 1562 1562 1613 est
1583 1569 1633 1612 au

303 1657 423 1722 natura,
453 1650 482 1711 id
510 1660 554 1713 est
583 1671 657 1733 quae
682 1652 685 1733 Ι
710 1652 747 1713 de
773 1671 832 1714 una
855 1672 888 1713 re
911 1659 1041 1724 constat,
1065 1660 1098 1714 nt
1120 1654 1240 1723 doetus;
1274 1657 1441 1735 conposita,
1465 1653 1599 1735 quaetio

302 1752 417 1814 duabus
445 1761 562 1815 constat
588 1753 695 1825 rebus,
726 1773 801 1835 quae
829 1756 938 1834 accipit
966 1762 1119 1827 ornatum,
1147 1762 1180 1817 ut
1206 1757 1352 1818 indoctos.
1398 1754 1525 1836 simplex
1548 1764 1600 1825 est

303 1873 378 1935 qnae
406 1874 493 1917 unam
523 1874 587 1917 rem
615 1855 719 1928 hahet,
754 1856 878 1937 duplex,
907 1876 983 1937 quae
1012 1858 1049 1919 de
1077 1858 1192 1920 duabus
1219 1858 1312 1920 rebus
1339 1867 1467 1929 constat,
1497 1858 1527 1919 id
1557 1868 1601 1919 est

302 1959 464 2038 conposita.
508 1957 599 2019 hahes
626 1960 660 2020 in*
686 1965 749 2020 arte
777 1958 882 2028 Probi,
912 1960 941 2019 id
971 1969 1017 2021 est
1043 1961 1185 2021 institutis
1212 1962 1319 2039 ipsius,
1348 1960 1405 2021 hoc
1427 1968 1599 2021 tractatum:

302 2062 342 2120 ait
364 2062 425 2131 sic,
454 2061 572 2121 nomina
603 2062 701 2122 omnia
729 2080 817 2141 posse
840 2064 969 2141 conponi
992 2062 1038 2123 rel
1065 2081 1100 2123 ex
1123 2082 1183 2125 non
1205 2043 1413 2141 intellegendis
1436 2063 1504 2143 (hoc
1526 2062 1635 2124 stul-1⁵

302 2169 362 2225 turn
394 2165 453 2239 est)
477 2161 522 2223 vel
550 2181 585 2223 ex
613 2164 738 2241 integris
761 2161 807 2223 vel
837 2183 873 2224 ex
896 2166 1046 2243 corruptis
1068 2164 1136 2241 (hoc
1158 2164 1237 2226 hene
1258 2165 1350 2244 dixit),
1397 2170 1450 2225 ‘ex
1472 2184 1533 2225 non
1556 2166 1601 2225 iu-

303 2264 494 2342 tellcgendis'
510 2264 716 2326 stultissimum
732 2272 785 2325 est.
817 2275 889 2345 puta
905 2268 1057 2328 columna:
1081 2267 1149 2329 colu
1164 2274 1263 2347 potest
1277 2266 1389 2329 hahere
1404 2264 1600 2337 intellectum,

302 2366 386 2427 ‘colu
415 2367 542 2428 leminea
571 2366 731 2430 Parcarum
756 2367 902 2447 dirupta',
928 2377 956 2430 et
977 2377 1049 2448 puta
1071 2372 1097 2431 si
1120 2370 1199 2433 dieas
1223 2369 1308 2431 ‘colu
1331 2369 1506 2439 Parcarum,
1531 2388 1601 2449 por-

302 2476 390 2529 eunte
418 2468 520 2538 colu’;
550 2488 619 2529 ecce
648 2468 740 2529 habes
767 2469 953 2531 intellectum
982 2474 1054 2533 eins.
1100 2490 1168 2533 mna
1191 2471 1265 2533 nihil
1287 2472 1441 2550 significat.
1485 2470 1545 2531 hoo
1578 2473 1603 2531 si

254 2636 255 2639 Ἴ
299 2571 428 2632 volueris
451 2572 550 2651 sequi,
575 2573 671 2631 omnia
690 2572 808 2632 nomina
825 2575 980 2652 conposita
1003 2582 1100 2643 erunt,
1123 2590 1326 2654 quaecumque
1349 2575 1472 2633 suntin
1495 2589 1636 2634 rerumao

299 2680 413 2735 natura.
443 2691 605 2753 numquam
630 2674 709 2734 enim
732 2672 802 2733 licet
823 2673 877 2734 tihi
900 2674 1015 2735 relerre
1037 2694 1102 2736 rem
1124 2678 1218 2755 ipsam
1241 2676 1278 2736 ad
1302 2674 1519 2755 etymologiam,
1543 2677 1602 2737 nisi

298 2778 361 2856 ipsa
390 2773 565 2855 etymologia
595 2779 742 2837 consentit
769 2778 814 2837 rei
841 2775 1008 2856 principali.
1054 2778 1121 2839 coln
1152 2778 1231 2839 aliud
1260 2785 1312 2839 ost
1359 2776 1503 2857 numquid
1531 2777 1601 2837 ideo

299 2878 377 2939 (licta
405 2876 541 2939 columna
571 2886 628 2947 est,
659 2877 739 2958 quod
768 2876 859 2939 hahet
889 2880 1035 2957 originem
1063 2898 1079 2940 a
1108 2879 1195 2941 colui
1224 2898 1296 2959 ergo
1325 2898 1393 2940 cum
1421 2878 1495 2939 illud
1518 2878 1602 2940 aliutl

299 2982 458 3058 significet,
490 2978 546 3039 hoo
573 2977 652 3039 aliud
681 2980 839 3058 significet,
872 3000 964 3060 quare
986 2981 1052 3043 dico
1075 2984 1262 3062 conpositum
1284 2989 1330 3042 est
1351 3000 1460 3042 nomen
1484 3000 1522 3041 ex
1545 2979 1601 3064 inl-

299 3090 383 3161 tegro
408 3089 436 3142 et
458 3088 609 3161 corrupto,
634 3100 699 3143 oum
722 3084 821 3162 ipsum
845 3091 973 3163 etymum
998 3100 1059 3143 non
1082 3082 1191 3144 haheat
1212 3102 1370 3145 commune
1392 3102 1461 3144 cum
1483 3086 1637 3163 princi-25

299 3184 377 3263 pali?
406 3191 435 3244 et
462 3183 541 3261 quotl
571 3201 630 3244 non
659 3183 748 3245 hahet
775 3203 934 3246 commune
963 3203 1030 3246 cum
1053 3185 1209 3266 principali
1232 3196 1378 3267 elymum,
1409 3188 1601 3265 conpositum

299 3304 358 3346 non
389 3292 442 3347 est.
487 3304 557 3365 ergo
586 3285 642 3347 hoo
670 3288 838 3364 sequimur,
874 3293 907 3346 ut
933 3284 982 3347 illa
1010 3287 1144 3348 dicamus
1173 3296 1327 3368 corrupta,
1361 3306 1436 3367 quae
1466 3286 1599 3350 resoluta

299 3397 423 3469 possunt
448 3388 513 3449 heri
541 3389 666 3467 integra.
703 3386 804 3469 [aliae]
828 3390 905 3450 fiunt
931 3392 1103 3469 conpositae
1126 3390 1237 3469 tigurae
1260 3409 1296 3451 er
1319 3389 1435 3451 duobus
1457 3390 1598 3468 integris

298 3498 330 3550 ut
352 3490 571 3558 suburbanum:
602 3508 638 3550 cx
660 3490 776 3552 duobus
799 3492 963 3571 corruptis,
987 3500 1020 3552 ut
1043 3492 1161 3560 cilicem
1192 3510 1228 3552 ex
1250 3499 1393 3572 corrupto
1416 3501 1446 3553 et
1467 3493 1599 3571 integro,

298 3600 329 3653 ut
351 3591 560 3672 nugigerulns;
585 3610 618 3653 ex
641 3593 758 3671 integro
782 3600 811 3654 ot
833 3600 990 3675 corrupto,
1014 3602 1047 3654 ut
1067 3592 1208 3655 insulsus.
1254 3602 1338 3655 etro
1360 3612 1430 3654 rora
1452 3592 1503 3654 illa
1525 3613 1598 3673 pos·
1613 3612 1638 3649 ao

298 3702 366 3757 sunt
388 3695 447 3755 dici
470 3700 622 3774 corrupta,
646 3714 721 3774 quac
746 3697 865 3757 luerunt
886 3697 1017 3774 integrm
1047 3696 1077 3755 in
1100 3697 1252 3757 communi
1274 3697 1362 3757 etiam
1384 3714 1524 3756 sermone
1555 3699 1601 3757 sic

296 3796 449 3858 hahemus.
496 3796 638 3874 numquid
665 3816 823 3877 possumus
851 3798 951 3859 dicere
979 3797 1094 3859 birrum
1122 3805 1297 3877 corruptum
1327 3816 1406 3866 esse,
1437 3798 1494 3858 nisi
1525 3801 1600 3876 quia

297 3898 354 3959 luit
373 3898 508 3977 integral
530 3900 573 3959 sic
596 3900 683 3959 etiam
706 3918 766 3961 non
789 3917 948 3980 possumus
971 3900 1070 3962 dicere
1092 3908 1193 3979 partes
1208 3906 1363 3979 corruptas
1386 3901 1504 3959 esseio
1527 3920 1600 3961 ora-

366 4085 509 4152 opturatis
534 4100 603 4140 corr.
624 4086 699 4151 pluro
714 4085 740 4135 A
812 4084 828 4137 6
850 4086 966 4152 pluralis]
987 4087 1126 4154 singularis
1142 4087 1226 4139 ABG
1293 4084 1364 4153 lite]
1382 4088 1449 4140 Stat.
1472 4085 1552 4142 rtet.
1575 4088 1601 4139 Χ

296 4156 347 4208 aut
366 4166 390 4206 te
411 4166 493 4205 taruco
514 4154 618 4215 ruiehx,
639 4166 733 4221 inquit,
753 4157 915 4221 perituraque
935 4157 1022 4207 Thebe
1094 4158 1125 4207 12
1145 4156 1313 4223 accepitAB
1385 4156 1417 4209 13
1431 4158 1525 4211 deora,
1546 4158 1601 4209 BG

369 4228 399 4277 lt
418 4228 512 4275 inerte
530 4223 614 4291 Probi]
635 4228 711 4279 instit.
732 4235 784 4277 art.
801 4242 828 4290 p.
844 4226 888 4290 53,
909 4227 940 4278 18
992 4228 1025 4279 18
1043 4228 1146 4294 dirupta
1161 4226 1244 4278 ABG
1258 4228 1374 4292 disrupta
1392 4244 1410 4277 α
1426 4226 1519 4277 diurna
1538 4230 1601 4280 colu

295 4298 399 4348 coniecit
418 4296 611 4351 Lindemauruo.
642 4298 692 4347 duo
716 4299 830 4360 eccenrpla
854 4297 887 4347 ab
910 4300 967 4360 ipro
983 4300 1145 4363 promuratico
1159 4299 1222 4361 ficta
1242 4298 1358 4347 uidentur
1375 4298 1511 4360 adscripto
1528 4314 1601 4359 esre,

296 4366 351 4416 colu
371 4376 455 4434 potest
475 4365 569 4418 habore
589 4366 758 4430 intellectum,
776 4376 803 4415 ut
820 4375 881 4433 puta
901 4369 924 4418 si
944 4367 1015 4418 dicas
1033 4368 1108 4421 ‘colu
1129 4367 1240 4417 leminea
1257 4368 1392 4417 Parcarum
1400 4372 1418 4430 ’,
1438 4370 1600 4419 ‘Parcarum

294 4446 417 4502 pereunte
432 4437 504 4486 colu’
557 4438 803 4489 22eonsenserit0
871 4438 1038 4489 columaliud
1059 4448 1097 4490 eet
1114 4439 1197 4490 ABG
1254 4440 1287 4489 24
1303 4438 1418 4501 sonorae
1430 4441 1601 4505 conpositum

295 4522 352 4556 esse
371 4522 462 4556 nomen
550 4508 583 4558 25
601 4506 736 4573 principali
752 4522 820 4558 corr.
841 4507 983 4573 principale
998 4509 1023 4557 A
1111 4509 1145 4560 26
1162 4517 1187 4557 et
1205 4509 1273 4572 quod
1291 4522 1342 4557 non
1364 4506 1439 4557 habet
1458 4524 1602 4560 commune

295 4592 351 4625 cum
366 4577 507 4642 principale
524 4593 580 4628 cum
606 4577 722 4627 ethoerno
743 4577 769 4627 B
792 4586 816 4628 et
836 4581 904 4640 quod
925 4593 975 4628 non
994 4578 1069 4629 hahet
1088 4593 1220 4629 commune
1238 4578 1379 4678 principale
1399 4593 1456 4628 curn
1475 4579 1601 4629 aethmun

296 4647 390 4696 Coum
409 4656 507 4697 etoemo
526 4647 551 4695 A
569 4657 593 4699 et
613 4648 681 4711 quod
699 4662 750 4697 non
768 4647 845 4698 habet
861 4663 977 4700 commun
991 4691 997 4702 .
1011 4690 1039 4704 ‚,
1058 4652 1204 4712 (commune
1223 4662 1280 4698 cum
1299 4665 1317 4697 o
1335 4650 1347 4712 )
1366 4649 1511 4715 principale
1529 4652 1607 4722 odd„

294 4732 311 4764 a
381 4716 415 4767 28
430 4716 480 4766 olie
496 4720 522 4767 ln
538 4720 616 4767 litura
633 4719 675 4769 A:
693 4719 764 4767 uarie
785 4720 825 4768 uel
843 4728 870 4767 ut
889 4727 949 4785 puto
967 4722 1022 4769 olim
1038 4722 1157 4782 rerqrtum
1173 4721 1254 4781 fuisse
1268 4719 1367 4769 uidetur
1436 4735 1470 4769 ex
1493 4721 1603 4772 duobus

294 4787 401 4852 integris
420 4784 452 4837 a*
471 4802 504 4836 ex
520 4789 619 4838 duabus
638 4789 743 4854 integris
761 4790 877 4855 portibus
894 4789 979 4839 ΑΒΘ
1048 4789 1083 4841 29
1102 4789 1264 4839 suburbanus
1281 4788 1336 4840 ΒΘ
1402 4786 1437 4838 30
1452 4792 1603 4858 nugigoro·

211 4932 214 4937 Ι
293 4856 333 4907 lus
353 4857 404 4907 ΑΘ
473 4856 505 4907 31
525 4856 637 4924 luerunt]
655 4858 812 4909 suntABO
881 4858 916 4911 32
928 4861 1042 4925 sortasse
1057 4858 1185 4927 myrrham
1205 4867 1350 4925 corruptam
1366 4872 1424 4909 esso
