<?xml version="1.0" encoding="UTF-8"?>
<!DOCTYPE html PUBLIC "-//W3C//DTD XHTML 1.0 Transitional//EN"
    "http://www.w3.org/TR/xhtml1/DTD/xhtml1-transitional.dtd">
<html xmlns="http://www.w3.org/1999/xhtml" xml:lang="en" lang="en">
 <head>
  <title>
</title>
<meta http-equiv="Content-Type" content="text/html;charset=utf-8" />
  <meta name='ocr-system' content='tesseract 3.04.00' />
  <meta name='ocr-capabilities' content='ocr_page ocr_carea ocr_par ocr_line ocrx_word'/>
</head>
<body>
  <div class='ocr_page' id='page_1' title='image "./grammaticilatin02hagagoog_0383.png"; bbox 0 0 3350 5442; ppageno 0'>
   <div class='ocr_carea' id='block_1_1' title="bbox 314 263 1056 366">
    <p class='ocr_par' dir='ltr' id='par_1_1' title="bbox 314 263 1056 366">
     <span class='ocr_line' id='line_1_1' title="bbox 314 263 1056 366; baseline -0.004 0"><span class='ocrx_word' id='word_1_1' title='bbox 314 263 377 366; x_wconf 76' lang='lat'><strong>37&#39;4</strong></span> <span class='ocrx_word' id='word_1_2' title='bbox 854 301 1056 366; x_wconf 84' lang='lat' dir='ltr'><strong>censuum</strong></span> 
     </span>
    </p>
   </div>
   <div class='ocr_carea' id='block_1_2' title="bbox 340 410 1615 570">
    <p class='ocr_par' dir='ltr' id='par_1_2' title="bbox 340 410 1615 570">
     <span class='ocr_line' id='line_1_2' title="bbox 357 410 508 453; baseline 0 -3"><span class='ocrx_word' id='word_1_3' title='bbox 357 413 432 453; x_wconf 59' lang='grc'><strong>,30310-</strong></span> <span class='ocrx_word' id='word_1_4' title='bbox 446 413 470 452; x_wconf 85' lang='grc'><strong>61</strong></span> <span class='ocrx_word' id='word_1_5' title='bbox 486 410 508 450; x_wconf 88' lang='lat' dir='ltr'><strong>P.</strong></span> 
     </span>
     <span class='ocr_line' id='line_1_3' title="bbox 340 423 1615 570; baseline -0.003 -18"><span class='ocrx_word' id='word_1_6' title='bbox 340 423 354 465; x_wconf 61' lang='lat' dir='ltr'>p</span> <span class='ocrx_word' id='word_1_7' title='bbox 398 491 529 561; x_wconf 79' lang='lat' dir='ltr'>Qualitas</span> <span class='ocrx_word' id='word_1_8' title='bbox 557 490 715 552; x_wconf 92' lang='lat' dir='ltr'><strong>verborum</strong></span> <span class='ocrx_word' id='word_1_9' title='bbox 742 497 792 552; x_wconf 91' lang='lat' dir='ltr'><strong>aut</strong></span> <span class='ocrx_word' id='word_1_10' title='bbox 825 493 907 552; x_wconf 78' lang='lat' dir='ltr'><strong>finita</strong></span> <span class='ocrx_word' id='word_1_11' title='bbox 937 498 982 551; x_wconf 86' lang='lat' dir='ltr'><strong>est</strong></span> <span class='ocrx_word' id='word_1_12' title='bbox 1009 498 1059 552; x_wconf 92' lang='lat' dir='ltr'><strong>aut</strong></span> <span class='ocrx_word' id='word_1_13' title='bbox 1079 493 1205 552; x_wconf 89' lang='lat' dir='ltr'><strong>intinita.</strong></span> <span class='ocrx_word' id='word_1_14' title='bbox 1249 491 1333 551; x_wconf 88' lang='lat' dir='ltr'><strong>linita</strong></span> <span class='ocrx_word' id='word_1_15' title='bbox 1354 498 1400 551; x_wconf 90' lang='lat' dir='ltr'><strong>cst</strong></span> <span class='ocrx_word' id='word_1_16' title='bbox 1422 508 1501 570; x_wconf 89' lang='lat' dir='ltr'><strong>quae</strong></span> <span class='ocrx_word' id='word_1_17' title='bbox 1527 498 1615 550; x_wconf 89' lang='lat' dir='ltr'><strong>notat</strong></span> 
     </span>
    </p>
   </div>
   <div class='ocr_carea' id='block_1_3' title="bbox 269 592 1641 2509">
    <p class='ocr_par' dir='ltr' id='par_1_3' title="bbox 269 592 1641 2509">
     <span class='ocr_line' id='line_1_4' title="bbox 314 592 1614 672; baseline -0.002 -20"><span class='ocrx_word' id='word_1_18' title='bbox 314 600 425 652; x_wconf 90' lang='lat' dir='ltr'><strong>certam</strong></span> <span class='ocrx_word' id='word_1_19' title='bbox 449 611 620 672; x_wconf 80' lang='lat' dir='ltr'>personam,</span> <span class='ocrx_word' id='word_1_20' title='bbox 643 601 757 655; x_wconf 91' lang='lat' dir='ltr'><strong>certum</strong></span> <span class='ocrx_word' id='word_1_21' title='bbox 780 610 953 662; x_wconf 87' lang='lat' dir='ltr'><strong>numerum,</strong></span> <span class='ocrx_word' id='word_1_22' title='bbox 977 600 1091 654; x_wconf 90' lang='lat' dir='ltr'><strong>certum</strong></span> <span class='ocrx_word' id='word_1_23' title='bbox 1113 601 1244 672; x_wconf 91' lang='lat' dir='ltr'><strong>tempus,</strong></span> <span class='ocrx_word' id='word_1_24' title='bbox 1269 602 1301 652; x_wconf 94' lang='lat' dir='ltr'><strong>ut</strong></span> <span class='ocrx_word' id='word_1_25' title='bbox 1322 592 1388 670; x_wconf 91' lang='lat' dir='ltr'><strong>lego</strong></span> <span class='ocrx_word' id='word_1_26' title='bbox 1410 592 1529 653; x_wconf 89' lang='lat' dir='ltr'><strong>scribo.</strong></span> <span class='ocrx_word' id='word_1_27' title='bbox 1565 594 1614 650; x_wconf 90' lang='lat' dir='ltr'><strong>in·</strong></span> 
     </span>
     <span class='ocr_line' id='line_1_5' title="bbox 314 695 1613 775; baseline -0.002 -20"><span class='ocrx_word' id='word_1_28' title='bbox 314 695 397 755; x_wconf 85' lang='lat' dir='ltr'><strong>finita</strong></span> <span class='ocrx_word' id='word_1_29' title='bbox 420 696 520 756; x_wconf 90' lang='lat' dir='ltr'><strong>estin</strong></span> <span class='ocrx_word' id='word_1_30' title='bbox 542 715 599 775; x_wconf 82' lang='lat' dir='ltr'><strong>qua</strong></span> <span class='ocrx_word' id='word_1_31' title='bbox 621 696 693 757; x_wconf 90' lang='lat' dir='ltr'><strong>baec</strong></span> <span class='ocrx_word' id='word_1_32' title='bbox 716 698 855 756; x_wconf 88' lang='lat' dir='ltr'><strong>universa</strong></span> <span class='ocrx_word' id='word_1_33' title='bbox 883 696 1005 756; x_wconf 88' lang='lat' dir='ltr'><strong>conlusa</strong></span> <span class='ocrx_word' id='word_1_34' title='bbox 1032 702 1115 764; x_wconf 87' lang='lat' dir='ltr'><strong>sunt,</strong></span> <span class='ocrx_word' id='word_1_35' title='bbox 1138 704 1173 755; x_wconf 87' lang='lat' dir='ltr'><strong>ut</strong></span> <span class='ocrx_word' id='word_1_36' title='bbox 1193 696 1302 773; x_wconf 89' lang='lat' dir='ltr'><strong>legere.</strong></span> <span class='ocrx_word' id='word_1_37' title='bbox 1346 695 1446 772; x_wconf 89' lang='lat' dir='ltr'><strong>legere</strong></span> <span class='ocrx_word' id='word_1_38' title='bbox 1470 697 1561 754; x_wconf 90' lang='lat' dir='ltr'><strong>enim</strong></span> <span class='ocrx_word' id='word_1_39' title='bbox 1584 704 1613 752; x_wconf 82' lang='lat' dir='ltr'><strong>et</strong></span> 
     </span>
     <span class='ocr_line' id='line_1_6' title="bbox 314 797 1614 878; baseline -0.002 -22"><span class='ocrx_word' id='word_1_40' title='bbox 314 815 369 874; x_wconf 91' lang='lat' dir='ltr'><strong>ego</strong></span> <span class='ocrx_word' id='word_1_41' title='bbox 398 805 427 856; x_wconf 95' lang='lat' dir='ltr'><strong>et</strong></span> <span class='ocrx_word' id='word_1_42' title='bbox 455 805 487 857; x_wconf 91' lang='lat' dir='ltr'><strong>tu</strong></span> <span class='ocrx_word' id='word_1_43' title='bbox 517 803 546 857; x_wconf 92' lang='lat' dir='ltr'><strong>et</strong></span> <span class='ocrx_word' id='word_1_44' title='bbox 573 797 623 858; x_wconf 91' lang='lat' dir='ltr'><strong>ille</strong></span> <span class='ocrx_word' id='word_1_45' title='bbox 651 805 765 878; x_wconf 84' lang='lat' dir='ltr'><strong>potest;</strong></span> <span class='ocrx_word' id='word_1_46' title='bbox 793 800 866 859; x_wconf 91' lang='lat' dir='ltr'><strong>item</strong></span> <span class='ocrx_word' id='word_1_47' title='bbox 892 798 992 875; x_wconf 91' lang='lat' dir='ltr'><strong>legere</strong></span> <span class='ocrx_word' id='word_1_48' title='bbox 1020 804 1050 858; x_wconf 88' lang='lat' dir='ltr'><strong>et</strong></span> <span class='ocrx_word' id='word_1_49' title='bbox 1078 815 1154 858; x_wconf 93' lang='lat' dir='ltr'><strong>unus</strong></span> <span class='ocrx_word' id='word_1_50' title='bbox 1176 804 1206 858; x_wconf 90' lang='lat' dir='ltr'><strong>et</strong></span> <span class='ocrx_word' id='word_1_51' title='bbox 1227 797 1328 875; x_wconf 90' lang='lat' dir='ltr'><strong>plures</strong></span> <span class='ocrx_word' id='word_1_52' title='bbox 1350 797 1511 866; x_wconf 90' lang='lat' dir='ltr'><strong>dicnntnr;</strong></span> <span class='ocrx_word' id='word_1_53' title='bbox 1537 798 1614 855; x_wconf 82' lang='lat' dir='ltr'><strong>item</strong></span> 
     </span>
     <span class='ocr_line' id='line_1_7' title="bbox 314 898 1637 979; baseline -0.002 -21"><span class='ocrx_word' id='word_1_54' title='bbox 314 898 414 977; x_wconf 91' lang='lat' dir='ltr'><strong>legere</strong></span> <span class='ocrx_word' id='word_1_55' title='bbox 443 906 472 959; x_wconf 92' lang='lat' dir='ltr'><strong>et</strong></span> <span class='ocrx_word' id='word_1_56' title='bbox 500 899 586 960; x_wconf 90' lang='lat' dir='ltr'><strong>hodie</strong></span> <span class='ocrx_word' id='word_1_57' title='bbox 615 919 750 979; x_wconf 87' lang='lat' dir='ltr'><strong>possum,</strong></span> <span class='ocrx_word' id='word_1_58' title='bbox 782 906 812 960; x_wconf 88' lang='lat' dir='ltr'><strong>el</strong></span> <span class='ocrx_word' id='word_1_59' title='bbox 839 900 906 960; x_wconf 93' lang='lat' dir='ltr'><strong>beri</strong></span> <span class='ocrx_word' id='word_1_60' title='bbox 934 903 1031 979; x_wconf 92' lang='lat' dir='ltr'><strong>potui,</strong></span> <span class='ocrx_word' id='word_1_61' title='bbox 1061 907 1093 959; x_wconf 89' lang='lat' dir='ltr'><strong>et</strong></span> <span class='ocrx_word' id='word_1_62' title='bbox 1120 918 1185 960; x_wconf 89' lang='lat' dir='ltr'><strong>cras</strong></span> <span class='ocrx_word' id='word_1_63' title='bbox 1212 907 1326 979; x_wconf 89' lang='lat' dir='ltr'><strong>potero.</strong></span> <span class='ocrx_word' id='word_1_64' title='bbox 1368 901 1513 979; x_wconf 91' lang='lat' dir='ltr'><strong>quoniam</strong></span> <span class='ocrx_word' id='word_1_65' title='bbox 1537 914 1637 974; x_wconf 53' lang='lat' dir='ltr'><strong>ergon</strong></span> 
     </span>
     <span class='ocr_line' id='line_1_8' title="bbox 269 1001 1610 1082; baseline -0.006 -16"><span class='ocrx_word' id='word_1_66' title='bbox 269 1017 270 1020; x_wconf 75' lang='grc'>’</span> <span class='ocrx_word' id='word_1_67' title='bbox 315 1001 388 1066; x_wconf 90' lang='lat' dir='ltr'><strong>haec</strong></span> <span class='ocrx_word' id='word_1_68' title='bbox 410 1019 506 1081; x_wconf 93' lang='lat' dir='ltr'><strong>neque</strong></span> <span class='ocrx_word' id='word_1_69' title='bbox 530 1020 689 1080; x_wconf 79' lang='lat' dir='ltr'><strong>personam</strong></span> <span class='ocrx_word' id='word_1_70' title='bbox 711 1020 807 1082; x_wconf 87' lang='lat' dir='ltr'><strong>neque</strong></span> <span class='ocrx_word' id='word_1_71' title='bbox 828 1019 987 1062; x_wconf 92' lang='lat' dir='ltr'><strong>numerum</strong></span> <span class='ocrx_word' id='word_1_72' title='bbox 1009 1019 1106 1080; x_wconf 91' lang='lat' dir='ltr'><strong>neque</strong></span> <span class='ocrx_word' id='word_1_73' title='bbox 1128 1008 1246 1081; x_wconf 90' lang='lat' dir='ltr'><strong>tempus</strong></span> <span class='ocrx_word' id='word_1_74' title='bbox 1268 1009 1382 1062; x_wconf 87' lang='lat' dir='ltr'><strong>certum</strong></span> <span class='ocrx_word' id='word_1_75' title='bbox 1404 1001 1561 1061; x_wconf 84' lang='lat' dir='ltr'><strong>deliniunt</strong></span> <span class='ocrx_word' id='word_1_76' title='bbox 1583 1007 1610 1058; x_wconf 88' lang='lat' dir='ltr'><strong>et</strong></span> 
     </span>
     <span class='ocr_line' id='line_1_9' title="bbox 312 1101 1612 1183; baseline -0.002 -21"><span class='ocrx_word' id='word_1_77' title='bbox 312 1101 425 1182; x_wconf 90' lang='lat' dir='ltr'><strong>ubique</strong></span> <span class='ocrx_word' id='word_1_78' title='bbox 448 1112 553 1166; x_wconf 88' lang='lat' dir='ltr'><strong>natura</strong></span> <span class='ocrx_word' id='word_1_79' title='bbox 576 1103 706 1183; x_wconf 85' lang='lat' dir='ltr'><strong>simplici</strong></span> <span class='ocrx_word' id='word_1_80' title='bbox 728 1105 832 1172; x_wconf 83' lang='lat' dir='ltr'><strong>eodem</strong></span> <span class='ocrx_word' id='word_1_81' title='bbox 854 1104 942 1165; x_wconf 92' lang='lat' dir='ltr'><strong>modo</strong></span> <span class='ocrx_word' id='word_1_82' title='bbox 964 1103 1159 1183; x_wconf 89' lang='lat' dir='ltr'><strong>respondent,</strong></span> <span class='ocrx_word' id='word_1_83' title='bbox 1183 1105 1299 1166; x_wconf 84' lang='lat' dir='ltr'><strong>infinita</strong></span> <span class='ocrx_word' id='word_1_84' title='bbox 1321 1103 1473 1164; x_wconf 90' lang='lat' dir='ltr'><strong>dicuntur.</strong></span> <span class='ocrx_word' id='word_1_85' title='bbox 1513 1104 1612 1179; x_wconf 84' lang='lat' dir='ltr'><strong>igitur</strong></span> 
     </span>
     <span class='ocr_line' id='line_1_10' title="bbox 313 1204 1608 1286; baseline -0.001 -22"><span class='ocrx_word' id='word_1_86' title='bbox 313 1207 409 1284; x_wconf 91' lang='lat' dir='ltr'><strong>prima</strong></span> <span class='ocrx_word' id='word_1_87' title='bbox 432 1208 490 1266; x_wconf 93' lang='lat' dir='ltr'><strong>erit</strong></span> <span class='ocrx_word' id='word_1_88' title='bbox 512 1206 728 1267; x_wconf 86' lang='lat' dir='ltr'><strong>animadversio</strong></span> <span class='ocrx_word' id='word_1_89' title='bbox 750 1206 918 1286; x_wconf 76' lang='lat' dir='ltr'><strong>qualitatis,</strong></span> <span class='ocrx_word' id='word_1_90' title='bbox 942 1213 974 1265; x_wconf 91' lang='lat' dir='ltr'><strong>ut</strong></span> <span class='ocrx_word' id='word_1_91' title='bbox 996 1204 1087 1266; x_wconf 86' lang='lat' dir='ltr'><strong>verba</strong></span> <span class='ocrx_word' id='word_1_92' title='bbox 1108 1206 1192 1266; x_wconf 85' lang='lat' dir='ltr'><strong>finita</strong></span> <span class='ocrx_word' id='word_1_93' title='bbox 1211 1208 1273 1265; x_wconf 89' lang='lat' dir='ltr'><strong>sint</strong></span> <span class='ocrx_word' id='word_1_94' title='bbox 1294 1223 1332 1266; x_wconf 90' lang='lat' dir='ltr'><strong>an</strong></span> <span class='ocrx_word' id='word_1_95' title='bbox 1358 1206 1477 1266; x_wconf 84' lang='lat' dir='ltr'><strong>infinita</strong></span> <span class='ocrx_word' id='word_1_96' title='bbox 1499 1223 1608 1266; x_wconf 77' lang='lat' dir='ltr'><strong>nosce-</strong></span> 
     </span>
     <span class='ocr_line' id='line_1_11' title="bbox 313 1307 1607 1387; baseline -0.001 -20"><span class='ocrx_word' id='word_1_97' title='bbox 313 1326 389 1367; x_wconf 86' lang='lat' dir='ltr'><strong>mus.</strong></span> <span class='ocrx_word' id='word_1_98' title='bbox 434 1326 469 1367; x_wconf 85' lang='lat' dir='ltr'><strong>ex</strong></span> <span class='ocrx_word' id='word_1_99' title='bbox 492 1327 550 1387; x_wconf 90' lang='lat' dir='ltr'><strong>quo</strong></span> <span class='ocrx_word' id='word_1_100' title='bbox 574 1309 711 1386; x_wconf 84' lang='lat' dir='ltr'><strong>sequitur</strong></span> <span class='ocrx_word' id='word_1_101' title='bbox 734 1308 790 1368; x_wconf 91' lang='lat' dir='ltr'><strong>alia</strong></span> <span class='ocrx_word' id='word_1_102' title='bbox 813 1307 1044 1377; x_wconf 90' lang='lat' dir='ltr'><strong>animadversio,</strong></span> <span class='ocrx_word' id='word_1_103' title='bbox 1068 1314 1100 1368; x_wconf 91' lang='lat' dir='ltr'><strong>ut</strong></span> <span class='ocrx_word' id='word_1_104' title='bbox 1123 1325 1156 1367; x_wconf 91' lang='lat' dir='ltr'><strong>ea</strong></span> <span class='ocrx_word' id='word_1_105' title='bbox 1179 1325 1296 1387; x_wconf 88' lang='lat' dir='ltr'><strong>quoque</strong></span> <span class='ocrx_word' id='word_1_106' title='bbox 1318 1325 1393 1387; x_wconf 90' lang='lat' dir='ltr'><strong>quae</strong></span> <span class='ocrx_word' id='word_1_107' title='bbox 1415 1308 1502 1367; x_wconf 89' lang='lat' dir='ltr'><strong>linita</strong></span> <span class='ocrx_word' id='word_1_108' title='bbox 1527 1315 1607 1366; x_wconf 90' lang='lat' dir='ltr'><strong>sum.</strong></span> 
     </span>
     <span class='ocr_line' id='line_1_12' title="bbox 313 1410 1641 1489; baseline 0 -21"><span class='ocrx_word' id='word_1_109' title='bbox 313 1411 453 1488; x_wconf 88' lang='lat' dir='ltr'><strong>quoniam</strong></span> <span class='ocrx_word' id='word_1_110' title='bbox 481 1410 601 1488; x_wconf 89' lang='lat' dir='ltr'><strong>quidem</strong></span> <span class='ocrx_word' id='word_1_111' title='bbox 628 1427 681 1488; x_wconf 91' lang='lat' dir='ltr'><strong>per</strong></span> <span class='ocrx_word' id='word_1_112' title='bbox 711 1410 811 1488; x_wconf 91' lang='lat' dir='ltr'><strong>plures</strong></span> <span class='ocrx_word' id='word_1_113' title='bbox 838 1410 941 1470; x_wconf 92' lang='lat' dir='ltr'><strong>modos</strong></span> <span class='ocrx_word' id='word_1_114' title='bbox 970 1417 1055 1478; x_wconf 88' lang='lat' dir='ltr'><strong>eunt,</strong></span> <span class='ocrx_word' id='word_1_115' title='bbox 1091 1417 1214 1470; x_wconf 91' lang='lat' dir='ltr'><strong>eatenus</strong></span> <span class='ocrx_word' id='word_1_116' title='bbox 1241 1411 1450 1489; x_wconf 79' lang='lat' dir='ltr'><strong>inspiciamus,</strong></span> <span class='ocrx_word' id='word_1_117' title='bbox 1481 1417 1517 1468; x_wconf 93' lang='lat' dir='ltr'><strong>ut</strong></span> <span class='ocrx_word' id='word_1_118' title='bbox 1548 1427 1606 1468; x_wconf 91' lang='lat' dir='ltr'><strong>non</strong></span> <span class='ocrx_word' id='word_1_119' title='bbox 1620 1419 1641 1453; x_wconf 80' lang='lat'><strong>¹¹¹</strong></span> 
     </span>
     <span class='ocr_line' id='line_1_13' title="bbox 313 1510 1606 1591; baseline -0.001 -22"><span class='ocrx_word' id='word_1_120' title='bbox 313 1510 408 1570; x_wconf 91' lang='lat' dir='ltr'><strong>solum</strong></span> <span class='ocrx_word' id='word_1_121' title='bbox 432 1512 513 1571; x_wconf 86' lang='lat' dir='ltr'><strong>smila</strong></span> <span class='ocrx_word' id='word_1_122' title='bbox 537 1530 616 1579; x_wconf 90' lang='lat' dir='ltr'><strong>esse,</strong></span> <span class='ocrx_word' id='word_1_123' title='bbox 640 1511 692 1572; x_wconf 91' lang='lat' dir='ltr'><strong>scd</strong></span> <span class='ocrx_word' id='word_1_124' title='bbox 708 1511 827 1572; x_wconf 90' lang='lat' dir='ltr'><strong>modum</strong></span> <span class='ocrx_word' id='word_1_125' title='bbox 842 1514 875 1571; x_wconf 93' lang='lat' dir='ltr'><strong>in</strong></span> <span class='ocrx_word' id='word_1_126' title='bbox 889 1514 963 1591; x_wconf 92' lang='lat' dir='ltr'><strong>ipsis</strong></span> <span class='ocrx_word' id='word_1_127' title='bbox 978 1529 1054 1590; x_wconf 91' lang='lat' dir='ltr'><strong>quae</strong></span> <span class='ocrx_word' id='word_1_128' title='bbox 1069 1512 1151 1571; x_wconf 80' lang='lat' dir='ltr'><strong>linita</strong></span> <span class='ocrx_word' id='word_1_129' title='bbox 1173 1519 1244 1572; x_wconf 93' lang='lat' dir='ltr'><strong>sunt</strong></span> <span class='ocrx_word' id='word_1_130' title='bbox 1264 1513 1412 1591; x_wconf 91' lang='lat' dir='ltr'><strong>possimus</strong></span> <span class='ocrx_word' id='word_1_131' title='bbox 1436 1511 1606 1572; x_wconf 84' lang='lat' dir='ltr'><strong>advertere.</strong></span> 
     </span>
     <span class='ocr_line' id='line_1_14' title="bbox 313 1611 1605 1692; baseline -0.002 -19"><span class='ocrx_word' id='word_1_132' title='bbox 313 1612 417 1673; x_wconf 91' lang='lat' dir='ltr'><strong>modus</strong></span> <span class='ocrx_word' id='word_1_133' title='bbox 440 1619 537 1673; x_wconf 91' lang='lat' dir='ltr'><strong>autem</strong></span> <span class='ocrx_word' id='word_1_134' title='bbox 559 1621 605 1673; x_wconf 86' lang='lat' dir='ltr'><strong>est</strong></span> <span class='ocrx_word' id='word_1_135' title='bbox 619 1632 707 1692; x_wconf 83' lang='lat' dir='ltr'><strong>quem</strong></span> <span class='ocrx_word' id='word_1_136' title='bbox 724 1613 829 1674; x_wconf 90' lang='lat' dir='ltr'><strong>Graeci</strong></span> <span class='ocrx_word' id='word_1_137' title='bbox 853 1611 1003 1691; x_wconf 80' lang='grc' dir='ltr'><strong><em>ἔγκλισιν</em></strong></span> <span class='ocrx_word' id='word_1_138' title='bbox 1019 1613 1136 1682; x_wconf 91' lang='lat' dir='ltr'><strong>dicunt,</strong></span> <span class='ocrx_word' id='word_1_139' title='bbox 1161 1615 1316 1673; x_wconf 86' lang='lat' dir='ltr'><strong>conversio</strong></span> <span class='ocrx_word' id='word_1_140' title='bbox 1330 1613 1446 1674; x_wconf 90' lang='lat' dir='ltr'><strong>scilicet</strong></span> <span class='ocrx_word' id='word_1_141' title='bbox 1460 1622 1493 1674; x_wconf 86' lang='lat' dir='ltr'><strong>et</strong></span> <span class='ocrx_word' id='word_1_142' title='bbox 1508 1621 1605 1673; x_wconf 87' lang='lat' dir='ltr'><strong>trans-</strong></span> 
     </span>
     <span class='ocr_line' id='line_1_15' title="bbox 313 1714 1607 1794; baseline 0 -20"><span class='ocrx_word' id='word_1_143' title='bbox 313 1715 450 1793; x_wconf 80' lang='lat' dir='ltr'><strong>figuratio</strong></span> <span class='ocrx_word' id='word_1_144' title='bbox 473 1717 537 1775; x_wconf 90' lang='lat' dir='ltr'><strong>eius</strong></span> <span class='ocrx_word' id='word_1_145' title='bbox 560 1714 689 1794; x_wconf 77' lang='lat' dir='ltr'><strong>syllabae</strong></span> <span class='ocrx_word' id='word_1_146' title='bbox 713 1733 787 1794; x_wconf 80' lang='lat' dir='ltr'><strong>quae</strong></span> <span class='ocrx_word' id='word_1_147' title='bbox 810 1715 914 1775; x_wconf 92' lang='lat' dir='ltr'><strong>ultima</strong></span> <span class='ocrx_word' id='word_1_148' title='bbox 935 1716 967 1774; x_wconf 92' lang='lat' dir='ltr'><strong>in</strong></span> <span class='ocrx_word' id='word_1_149' title='bbox 990 1715 1081 1774; x_wconf 93' lang='lat' dir='ltr'><strong>verbo</strong></span> <span class='ocrx_word' id='word_1_150' title='bbox 1103 1722 1159 1775; x_wconf 90' lang='lat' dir='ltr'><strong>est.</strong></span> <span class='ocrx_word' id='word_1_151' title='bbox 1203 1715 1251 1775; x_wconf 92' lang='lat' dir='ltr'><strong>bis</strong></span> <span class='ocrx_word' id='word_1_152' title='bbox 1272 1717 1379 1794; x_wconf 89' lang='lat' dir='ltr'><strong>positis</strong></span> <span class='ocrx_word' id='word_1_153' title='bbox 1401 1715 1607 1794; x_wconf 79' lang='lat' dir='ltr'><strong>intellegimus</strong></span> 
     </span>
     <span class='ocr_line' id='line_1_16' title="bbox 283 1816 1605 1897; baseline -0.001 -21"><span class='ocrx_word' id='word_1_154' title='bbox 283 1887 285 1894; x_wconf 21' lang='grc' dir='ltr'>Ι</span> <span class='ocrx_word' id='word_1_155' title='bbox 313 1819 415 1896; x_wconf 91' lang='lat' dir='ltr'><strong>utique</strong></span> <span class='ocrx_word' id='word_1_156' title='bbox 437 1819 469 1876; x_wconf 94' lang='lat' dir='ltr'><strong>in</strong></span> <span class='ocrx_word' id='word_1_157' title='bbox 492 1816 587 1878; x_wconf 90' lang='lat' dir='ltr'><strong>modis</strong></span> <span class='ocrx_word' id='word_1_158' title='bbox 609 1817 734 1897; x_wconf 84' lang='lat' dir='ltr'><strong>positam</strong></span> <span class='ocrx_word' id='word_1_159' title='bbox 758 1817 931 1896; x_wconf 86' lang='lat' dir='ltr'><strong>qualitatem</strong></span> <span class='ocrx_word' id='word_1_160' title='bbox 953 1835 1018 1877; x_wconf 90' lang='lat' dir='ltr'><strong>esse</strong></span> <span class='ocrx_word' id='word_1_161' title='bbox 1042 1817 1209 1878; x_wconf 91' lang='lat' dir='ltr'><strong>verborum.</strong></span> <span class='ocrx_word' id='word_1_162' title='bbox 1248 1817 1279 1878; x_wconf 93' lang='lat' dir='ltr'><strong>hi</strong></span> <span class='ocrx_word' id='word_1_163' title='bbox 1302 1817 1382 1876; x_wconf 92' lang='lat' dir='ltr'><strong>modi</strong></span> <span class='ocrx_word' id='word_1_164' title='bbox 1403 1817 1475 1877; x_wconf 90' lang='lat' dir='ltr'><strong>licet</strong></span> <span class='ocrx_word' id='word_1_165' title='bbox 1498 1837 1515 1877; x_wconf 91' lang='lat' dir='ltr'><strong>a</strong></span> <span class='ocrx_word' id='word_1_166' title='bbox 1538 1818 1605 1896; x_wconf 84' lang='lat' dir='ltr'><strong>qui·</strong></span> 
     </span>
     <span class='ocr_line' id='line_1_17' title="bbox 314 1917 1640 1999; baseline -0.002 -20"><span class='ocrx_word' id='word_1_167' title='bbox 314 1917 438 1979; x_wconf 91' lang='lat' dir='ltr'><strong>busdam</strong></span> <span class='ocrx_word' id='word_1_168' title='bbox 453 1920 535 1979; x_wconf 89' lang='lat' dir='ltr'><strong>varie</strong></span> <span class='ocrx_word' id='word_1_169' title='bbox 551 1927 760 1988; x_wconf 89' lang='lat' dir='ltr'><strong>numerentur,</strong></span> <span class='ocrx_word' id='word_1_170' title='bbox 784 1927 893 1988; x_wconf 91' lang='lat' dir='ltr'><strong>tamen,</strong></span> <span class='ocrx_word' id='word_1_171' title='bbox 909 1918 996 1979; x_wconf 91' lang='lat' dir='ltr'><strong>nobis</strong></span> <span class='ocrx_word' id='word_1_172' title='bbox 1018 1926 1052 1979; x_wconf 91' lang='lat' dir='ltr'><strong>ut</strong></span> <span class='ocrx_word' id='word_1_173' title='bbox 1073 1919 1200 1989; x_wconf 84' lang='lat' dir='ltr'><strong>videtur,</strong></span> <span class='ocrx_word' id='word_1_174' title='bbox 1223 1921 1356 1999; x_wconf 88' lang='lat' dir='ltr'><strong>quinque</strong></span> <span class='ocrx_word' id='word_1_175' title='bbox 1378 1922 1500 1980; x_wconf 92' lang='lat' dir='ltr'><strong>omnino</strong></span> <span class='ocrx_word' id='word_1_176' title='bbox 1524 1925 1640 1986; x_wconf 83' lang='lat' dir='ltr'><strong>sunt,1⁵</strong></span> 
     </span>
     <span class='ocr_line' id='line_1_18' title="bbox 313 2020 1603 2101; baseline 0.002 -21"><span class='ocrx_word' id='word_1_177' title='bbox 313 2021 502 2090; x_wconf 82' lang='lat' dir='ltr'><strong>indicativus,</strong></span> <span class='ocrx_word' id='word_1_178' title='bbox 525 2023 577 2101; x_wconf 90' lang='lat' dir='ltr'><strong>qui</strong></span> <span class='ocrx_word' id='word_1_179' title='bbox 600 2027 629 2080; x_wconf 93' lang='lat' dir='ltr'><strong>et</strong></span> <span class='ocrx_word' id='word_1_180' title='bbox 651 2023 889 2100; x_wconf 82' lang='lat' dir='ltr'><strong>pronuntiativus</strong></span> <span class='ocrx_word' id='word_1_181' title='bbox 918 2020 1043 2088; x_wconf 91' lang='lat' dir='ltr'><strong>dicitur,</strong></span> <span class='ocrx_word' id='word_1_182' title='bbox 1072 2028 1105 2080; x_wconf 90' lang='lat' dir='ltr'><strong>ut</strong></span> <span class='ocrx_word' id='word_1_183' title='bbox 1127 2021 1207 2099; x_wconf 91' lang='lat' dir='ltr'><strong>lego,</strong></span> <span class='ocrx_word' id='word_1_184' title='bbox 1238 2023 1445 2100; x_wconf 79' lang='lat' dir='ltr'><strong>imperativus,</strong></span> <span class='ocrx_word' id='word_1_185' title='bbox 1469 2029 1505 2081; x_wconf 90' lang='lat' dir='ltr'><strong>ut</strong></span> <span class='ocrx_word' id='word_1_186' title='bbox 1527 2021 1603 2098; x_wconf 87' lang='lat' dir='ltr'><strong>lege.</strong></span> 
     </span>
     <span class='ocr_line' id='line_1_19' title="bbox 313 2122 1603 2219; baseline 0.003 -37"><span class='ocrx_word' id='word_1_187' title='bbox 313 2125 475 2203; x_wconf 85' lang='lat' dir='ltr'><strong>optativus,</strong></span> <span class='ocrx_word' id='word_1_188' title='bbox 505 2130 538 2184; x_wconf 87' lang='lat' dir='ltr'><strong>ut</strong></span> <span class='ocrx_word' id='word_1_189' title='bbox 568 2125 681 2184; x_wconf 89' lang='lat' dir='ltr'><strong>utinam</strong></span> <span class='ocrx_word' id='word_1_190' title='bbox 709 2122 856 2200; x_wconf 89' lang='lat' dir='ltr'><strong>legerem,</strong></span> <span class='ocrx_word' id='word_1_191' title='bbox 884 2125 1103 2219; x_wconf 74' lang='lat' dir='ltr'><strong>coniunctivus,</strong></span> <span class='ocrx_word' id='word_1_192' title='bbox 1132 2130 1165 2182; x_wconf 89' lang='lat' dir='ltr'><strong>ut</strong></span> <span class='ocrx_word' id='word_1_193' title='bbox 1192 2141 1260 2183; x_wconf 92' lang='lat' dir='ltr'><strong>cum</strong></span> <span class='ocrx_word' id='word_1_194' title='bbox 1285 2122 1397 2201; x_wconf 88' lang='lat' dir='ltr'><strong>legam,</strong></span> <span class='ocrx_word' id='word_1_195' title='bbox 1426 2125 1603 2186; x_wconf 77' lang='lat' dir='ltr'><strong>infinitivus,</strong></span> 
     </span>
     <span class='ocr_line' id='line_1_20' title="bbox 312 2224 1602 2304; baseline -0.002 -19"><span class='ocrx_word' id='word_1_196' title='bbox 312 2231 345 2285; x_wconf 89' lang='lat' dir='ltr'><strong>ut</strong></span> <span class='ocrx_word' id='word_1_197' title='bbox 366 2225 476 2304; x_wconf 88' lang='lat' dir='ltr'><strong>legere.</strong></span> <span class='ocrx_word' id='word_1_198' title='bbox 520 2225 698 2286; x_wconf 87' lang='lat' dir='ltr'><strong>indicativus</strong></span> <span class='ocrx_word' id='word_1_199' title='bbox 721 2224 825 2285; x_wconf 90' lang='lat' dir='ltr'><strong>modus</strong></span> <span class='ocrx_word' id='word_1_200' title='bbox 854 2232 900 2285; x_wconf 90' lang='lat' dir='ltr'><strong>est</strong></span> <span class='ocrx_word' id='word_1_201' title='bbox 927 2227 1012 2284; x_wconf 92' lang='lat' dir='ltr'><strong>cuius</strong></span> <span class='ocrx_word' id='word_1_202' title='bbox 1034 2243 1070 2284; x_wconf 81' lang='lat' dir='ltr'><strong>ex</strong></span> <span class='ocrx_word' id='word_1_203' title='bbox 1092 2226 1216 2285; x_wconf 91' lang='lat' dir='ltr'><strong>instanti</strong></span> <span class='ocrx_word' id='word_1_204' title='bbox 1238 2233 1372 2304; x_wconf 92' lang='lat' dir='ltr'><strong>tempore</strong></span> <span class='ocrx_word' id='word_1_205' title='bbox 1394 2227 1511 2304; x_wconf 81' lang='lat' dir='ltr'><strong>primae</strong></span> <span class='ocrx_word' id='word_1_206' title='bbox 1535 2243 1602 2304; x_wconf 88' lang='lat' dir='ltr'><strong>per·</strong></span> 
     </span>
     <span class='ocr_line' id='line_1_21' title="bbox 312 2326 1604 2406; baseline 0.004 -20"><span class='ocrx_word' id='word_1_207' title='bbox 312 2345 401 2387; x_wconf 90' lang='lat' dir='ltr'><strong>sonae</strong></span> <span class='ocrx_word' id='word_1_208' title='bbox 424 2330 540 2388; x_wconf 92' lang='lat' dir='ltr'><strong>numeri</strong></span> <span class='ocrx_word' id='word_1_209' title='bbox 563 2327 724 2406; x_wconf 89' lang='lat' dir='ltr'><strong>singularis</strong></span> <span class='ocrx_word' id='word_1_210' title='bbox 747 2327 857 2388; x_wconf 88' lang='lat' dir='ltr'><strong>litteris</strong></span> <span class='ocrx_word' id='word_1_211' title='bbox 877 2326 990 2387; x_wconf 92' lang='lat' dir='ltr'><strong>ultimis</strong></span> <span class='ocrx_word' id='word_1_212' title='bbox 1005 2343 1115 2403; x_wconf 88' lang='lat' dir='ltr'><strong>genera</strong></span> <span class='ocrx_word' id='word_1_213' title='bbox 1131 2326 1358 2405; x_wconf 86' lang='lat' dir='ltr'><strong>intelleguntur,</strong></span> <span class='ocrx_word' id='word_1_214' title='bbox 1382 2334 1415 2388; x_wconf 91' lang='lat' dir='ltr'><strong>nt</strong></span> <span class='ocrx_word' id='word_1_215' title='bbox 1437 2345 1492 2387; x_wconf 88' lang='lat' dir='ltr'><strong>uro</strong></span> <span class='ocrx_word' id='word_1_216' title='bbox 1516 2344 1604 2391; x_wconf 88' lang='lat' dir='ltr'><strong>uror;</strong></span> 
     </span>
     <span class='ocr_line' id='line_1_22' title="bbox 313 2429 1636 2509; baseline -0.002 -21"><span class='ocrx_word' id='word_1_217' title='bbox 313 2447 348 2489; x_wconf 82' lang='lat' dir='ltr'><strong>ex</strong></span> <span class='ocrx_word' id='word_1_218' title='bbox 381 2430 527 2491; x_wconf 89' lang='lat' dir='ltr'><strong>secundae</strong></span> <span class='ocrx_word' id='word_1_219' title='bbox 551 2443 632 2490; x_wconf 88' lang='lat' dir='ltr'><strong>&#39;vero</strong></span> <span class='ocrx_word' id='word_1_220' title='bbox 663 2447 809 2509; x_wconf 84' lang='lat' dir='ltr'><strong>personae</strong></span> <span class='ocrx_word' id='word_1_221' title='bbox 843 2429 952 2489; x_wconf 92' lang='lat' dir='ltr'><strong>litteris</strong></span> <span class='ocrx_word' id='word_1_222' title='bbox 985 2430 1209 2507; x_wconf 88' lang='lat' dir='ltr'><strong>coniugationes</strong></span> <span class='ocrx_word' id='word_1_223' title='bbox 1237 2429 1432 2507; x_wconf 79' lang='lat' dir='ltr'><strong>oolligvmtur,</strong></span> <span class='ocrx_word' id='word_1_224' title='bbox 1461 2429 1544 2508; x_wconf 82' lang='lat' dir='ltr'><strong>quod</strong></span> <span class='ocrx_word' id='word_1_225' title='bbox 1572 2431 1636 2486; x_wconf 69' lang='lat' dir='ltr'><strong>inv·</strong></span> 
     </span>
    </p>
   </div>
   <div class='ocr_carea' id='block_1_4' title="bbox 228 2530 1603 2611">
    <p class='ocr_par' dir='ltr' id='par_1_4' title="bbox 228 2530 1603 2611">
     <span class='ocr_line' id='line_1_23' title="bbox 228 2530 1603 2611; baseline -0.001 -21"><span class='ocrx_word' id='word_1_226' title='bbox 228 2571 231 2580; x_wconf 82' lang='lat'>·</span> <span class='ocrx_word' id='word_1_227' title='bbox 313 2533 386 2610; x_wconf 90' lang='lat' dir='ltr'><strong>ipsis</strong></span> <span class='ocrx_word' id='word_1_228' title='bbox 408 2531 669 2610; x_wconf 83' lang='lat' dir='ltr'><strong>coniugationibus</strong></span> <span class='ocrx_word' id='word_1_229' title='bbox 692 2532 809 2611; x_wconf 90' lang='lat' dir='ltr'><strong>plenius</strong></span> <span class='ocrx_word' id='word_1_230' title='bbox 832 2531 1007 2592; x_wconf 82' lang='lat' dir='ltr'><strong>referemus.</strong></span> <span class='ocrx_word' id='word_1_231' title='bbox 1041 2531 1110 2591; x_wconf 91' lang='lat' dir='ltr'><strong>huic</strong></span> <span class='ocrx_word' id='word_1_232' title='bbox 1132 2530 1219 2591; x_wconf 92' lang='lat' dir='ltr'><strong>modo</strong></span> <span class='ocrx_word' id='word_1_233' title='bbox 1240 2531 1374 2591; x_wconf 85' lang='lat' dir='ltr'><strong>laturum</strong></span> <span class='ocrx_word' id='word_1_234' title='bbox 1396 2538 1515 2609; x_wconf 90' lang='lat' dir='ltr'><strong>tempus</strong></span> <span class='ocrx_word' id='word_1_235' title='bbox 1538 2531 1603 2609; x_wconf 92' lang='lat' dir='ltr'><strong>qui-</strong></span> 
     </span>
    </p>
   </div>
   <div class='ocr_carea' id='block_1_5' title="bbox 310 2633 1633 4039">
    <p class='ocr_par' dir='ltr' id='par_1_5' title="bbox 310 2633 1633 4039">
     <span class='ocr_line' id='line_1_24' title="bbox 313 2633 1601 2713; baseline 0.003 -20"><span class='ocrx_word' id='word_1_236' title='bbox 313 2633 380 2693; x_wconf 90' lang='lat' dir='ltr'><strong>dam</strong></span> <span class='ocrx_word' id='word_1_237' title='bbox 403 2633 614 2696; x_wconf 90' lang='lat' dir='ltr'><strong>abscidendum</strong></span> <span class='ocrx_word' id='word_1_238' title='bbox 644 2641 749 2713; x_wconf 89' lang='lat' dir='ltr'><strong>putant</strong></span> <span class='ocrx_word' id='word_1_239' title='bbox 778 2641 807 2692; x_wconf 85' lang='lat' dir='ltr'><strong>et</strong></span> <span class='ocrx_word' id='word_1_240' title='bbox 834 2634 949 2694; x_wconf 82' lang='lat' dir='ltr'><strong>iaciunt</strong></span> <span class='ocrx_word' id='word_1_241' title='bbox 970 2633 1089 2694; x_wconf 93' lang='lat' dir='ltr'><strong>modum</strong></span> <span class='ocrx_word' id='word_1_242' title='bbox 1105 2651 1193 2712; x_wconf 90' lang='lat' dir='ltr'><strong>quem</strong></span> <span class='ocrx_word' id='word_1_243' title='bbox 1209 2633 1357 2713; x_wconf 90' lang='lat' dir='ltr'><strong>appellant</strong></span> <span class='ocrx_word' id='word_1_244' title='bbox 1378 2635 1601 2712; x_wconf 83' lang='lat' dir='ltr'><strong>promissivum.</strong></span> 
     </span>
     <span class='ocr_line' id='line_1_25' title="bbox 313 2732 1601 2815; baseline -0.002 -19"><span class='ocrx_word' id='word_1_245' title='bbox 313 2736 391 2815; x_wconf 87' lang='lat' dir='ltr'><strong>quod</strong></span> <span class='ocrx_word' id='word_1_246' title='bbox 414 2736 499 2814; x_wconf 89' lang='lat' dir='ltr'><strong>longe</strong></span> <span class='ocrx_word' id='word_1_247' title='bbox 524 2756 539 2796; x_wconf 95' lang='lat' dir='ltr'><strong>a</strong></span> <span class='ocrx_word' id='word_1_248' title='bbox 562 2738 677 2797; x_wconf 93' lang='lat' dir='ltr'><strong>ratione</strong></span> <span class='ocrx_word' id='word_1_249' title='bbox 701 2732 892 2815; x_wconf 74' lang='lat' dir='ltr'><strong>disliunctum</strong></span> <span class='ocrx_word' id='word_1_250' title='bbox 915 2743 969 2796; x_wconf 89' lang='lat' dir='ltr'><strong>est.</strong></span> <span class='ocrx_word' id='word_1_251' title='bbox 1006 2754 1074 2796; x_wconf 93' lang='lat' dir='ltr'><strong>nam</strong></span> <span class='ocrx_word' id='word_1_252' title='bbox 1097 2737 1229 2795; x_wconf 82' lang='lat' dir='ltr'><strong>futurum</strong></span> <span class='ocrx_word' id='word_1_253' title='bbox 1251 2743 1368 2814; x_wconf 86' lang='lat' dir='ltr'><strong>tempus</strong></span> <span class='ocrx_word' id='word_1_254' title='bbox 1390 2753 1427 2795; x_wconf 81' lang='lat' dir='ltr'><strong>ex</strong></span> <span class='ocrx_word' id='word_1_255' title='bbox 1448 2736 1601 2815; x_wconf 82' lang='lat' dir='ltr'><strong>praesenti</strong></span> 
     </span>
     <span class='ocr_line' id='line_1_26' title="bbox 313 2837 1601 2917; baseline -0.002 -21"><span class='ocrx_word' id='word_1_256' title='bbox 313 2845 446 2916; x_wconf 89' lang='lat' dir='ltr'><strong>tempore</strong></span> <span class='ocrx_word' id='word_1_257' title='bbox 475 2839 601 2898; x_wconf 85' lang='lat' dir='ltr'><strong>sormam</strong></span> <span class='ocrx_word' id='word_1_258' title='bbox 630 2856 748 2917; x_wconf 91' lang='lat' dir='ltr'><strong>semper</strong></span> <span class='ocrx_word' id='word_1_259' title='bbox 776 2839 900 2916; x_wconf 88' lang='lat' dir='ltr'><strong>accipit,</strong></span> <span class='ocrx_word' id='word_1_260' title='bbox 935 2855 990 2898; x_wconf 94' lang='lat' dir='ltr'><strong>nec</strong></span> <span class='ocrx_word' id='word_1_261' title='bbox 1017 2845 1115 2917; x_wconf 90' lang='lat' dir='ltr'><strong>potest</strong></span> <span class='ocrx_word' id='word_1_262' title='bbox 1143 2837 1202 2897; x_wconf 92' lang='lat' dir='ltr'><strong>dici</strong></span> <span class='ocrx_word' id='word_1_263' title='bbox 1230 2845 1281 2897; x_wconf 92' lang='lat' dir='ltr'><strong>aut</strong></span> <span class='ocrx_word' id='word_1_264' title='bbox 1312 2855 1455 2917; x_wconf 86' lang='lat' dir='ltr'><strong>praesens</strong></span> <span class='ocrx_word' id='word_1_265' title='bbox 1482 2844 1601 2916; x_wconf 88' lang='lat' dir='ltr'><strong>tempus</strong></span> 
     </span>
     <span class='ocr_line' id='line_1_27' title="bbox 312 2939 1633 3019; baseline 0 -21"><span class='ocrx_word' id='word_1_266' title='bbox 312 2939 413 2999; x_wconf 83' lang='lat' dir='ltr'><strong>futuro</strong></span> <span class='ocrx_word' id='word_1_267' title='bbox 447 2957 549 3000; x_wconf 89' lang='lat' dir='ltr'><strong>carere</strong></span> <span class='ocrx_word' id='word_1_268' title='bbox 582 2948 632 3000; x_wconf 92' lang='lat' dir='ltr'><strong>aut</strong></span> <span class='ocrx_word' id='word_1_269' title='bbox 660 2941 791 3001; x_wconf 87' lang='lat' dir='ltr'><strong>loturum</strong></span> <span class='ocrx_word' id='word_1_270' title='bbox 814 2958 851 3000; x_wconf 82' lang='lat' dir='ltr'><strong>ex</strong></span> <span class='ocrx_word' id='word_1_271' title='bbox 873 2958 905 3000; x_wconf 94' lang='lat' dir='ltr'><strong>se</strong></span> <span class='ocrx_word' id='word_1_272' title='bbox 928 2941 1011 3000; x_wconf 93' lang='lat' dir='ltr'><strong>oriri.</strong></span> <span class='ocrx_word' id='word_1_273' title='bbox 1055 2947 1215 3019; x_wconf 90' lang='lat' dir='ltr'><strong>propterea</strong></span> <span class='ocrx_word' id='word_1_274' title='bbox 1243 2941 1430 3018; x_wconf 90' lang='lat' dir='ltr'><strong>pronuntiari</strong></span> <span class='ocrx_word' id='word_1_275' title='bbox 1453 2940 1499 3000; x_wconf 91' lang='lat' dir='ltr'><strong>vel</strong></span> <span class='ocrx_word' id='word_1_276' title='bbox 1524 2940 1598 2999; x_wconf 87' lang='lat' dir='ltr'><strong>indi·</strong></span> <span class='ocrx_word' id='word_1_277' title='bbox 1611 2944 1633 2984; x_wconf 66' lang='lat'><strong>2³</strong></span> 
     </span>
     <span class='ocr_line' id='line_1_28' title="bbox 312 3034 1598 3120; baseline 0.001 -21"><span class='ocrx_word' id='word_1_278' title='bbox 312 3043 375 3101; x_wconf 91' lang='lat' dir='ltr'><strong>cari</strong></span> <span class='ocrx_word' id='word_1_279' title='bbox 398 3043 488 3101; x_wconf 91' lang='lat' dir='ltr'><strong>etiam</strong></span> <span class='ocrx_word' id='word_1_280' title='bbox 518 3043 548 3101; x_wconf 92' lang='lat' dir='ltr'><strong>in</strong></span> <span class='ocrx_word' id='word_1_281' title='bbox 576 3041 811 3102; x_wconf 88' lang='lat' dir='ltr'><strong>luturumrecte</strong></span> <span class='ocrx_word' id='word_1_282' title='bbox 834 3041 976 3110; x_wconf 91' lang='lat' dir='ltr'><strong>dicimus,</strong></span> <span class='ocrx_word' id='word_1_283' title='bbox 1000 3034 1111 3101; x_wconf 85' lang='lat' dir='ltr'><strong>ettam</strong></span> <span class='ocrx_word' id='word_1_284' title='bbox 1134 3040 1210 3102; x_wconf 92' lang='lat' dir='ltr'><strong>bona</strong></span> <span class='ocrx_word' id='word_1_285' title='bbox 1233 3058 1320 3120; x_wconf 88' lang='lat' dir='ltr'><strong>quarn</strong></span> <span class='ocrx_word' id='word_1_286' title='bbox 1342 3041 1427 3101; x_wconf 89' lang='lat' dir='ltr'><strong>mala.</strong></span> <span class='ocrx_word' id='word_1_287' title='bbox 1472 3044 1598 3120; x_wconf 71' lang='lat' dir='ltr'><strong>peremis·</strong></span> 
     </span>
     <span class='ocr_line' id='line_1_29' title="bbox 312 3143 1598 3225; baseline 0.001 -24"><span class='ocrx_word' id='word_1_288' title='bbox 312 3144 392 3202; x_wconf 83' lang='lat' dir='ltr'><strong>sirus</strong></span> <span class='ocrx_word' id='word_1_289' title='bbox 415 3149 514 3202; x_wconf 89' lang='lat' dir='ltr'><strong>autem</strong></span> <span class='ocrx_word' id='word_1_290' title='bbox 536 3143 655 3213; x_wconf 91' lang='lat' dir='ltr'><strong>modus,</strong></span> <span class='ocrx_word' id='word_1_291' title='bbox 679 3163 767 3224; x_wconf 90' lang='lat' dir='ltr'><strong>quem</strong></span> <span class='ocrx_word' id='word_1_292' title='bbox 790 3145 883 3204; x_wconf 82' lang='lat' dir='ltr'><strong>futuri</strong></span> <span class='ocrx_word' id='word_1_293' title='bbox 912 3162 977 3204; x_wconf 90' lang='lat' dir='ltr'><strong>esse</strong></span> <span class='ocrx_word' id='word_1_294' title='bbox 1004 3150 1119 3211; x_wconf 89' lang='lat' dir='ltr'><strong>tantum</strong></span> <span class='ocrx_word' id='word_1_295' title='bbox 1141 3145 1284 3222; x_wconf 90' lang='lat' dir='ltr'><strong>temporis</strong></span> <span class='ocrx_word' id='word_1_296' title='bbox 1305 3143 1419 3215; x_wconf 86' lang='lat' dir='ltr'><strong>volunt,</strong></span> <span class='ocrx_word' id='word_1_297' title='bbox 1443 3145 1476 3204; x_wconf 93' lang='lat' dir='ltr'><strong>in</strong></span> <span class='ocrx_word' id='word_1_298' title='bbox 1498 3162 1598 3225; x_wconf 75' lang='lat' dir='ltr'><strong>acpro-</strong></span> 
     </span>
     <span class='ocr_line' id='line_1_30' title="bbox 311 3243 1597 3332; baseline 0 -29"><span class='ocrx_word' id='word_1_299' title='bbox 311 3243 407 3322; x_wconf 89' lang='lat' dir='ltr'><strong>logiae</strong></span> <span class='ocrx_word' id='word_1_300' title='bbox 430 3247 534 3306; x_wconf 89' lang='lat' dir='ltr'><strong>vitium</strong></span> <span class='ocrx_word' id='word_1_301' title='bbox 558 3245 670 3307; x_wconf 88' lang='lat' dir='ltr'><strong>incidat</strong></span> <span class='ocrx_word' id='word_1_302' title='bbox 691 3265 813 3306; x_wconf 88' lang='lat' dir='ltr'><strong>necesse</strong></span> <span class='ocrx_word' id='word_1_303' title='bbox 837 3252 892 3306; x_wconf 75' lang='lat' dir='ltr'><strong>est,</strong></span> <span class='ocrx_word' id='word_1_304' title='bbox 922 3247 1054 3325; x_wconf 88' lang='lat' dir='ltr'><strong>promitti</strong></span> <span class='ocrx_word' id='word_1_305' title='bbox 1075 3247 1155 3305; x_wconf 90' lang='lat' dir='ltr'><strong>enim</strong></span> <span class='ocrx_word' id='word_1_306' title='bbox 1177 3244 1254 3306; x_wconf 90' lang='lat' dir='ltr'><strong>bona</strong></span> <span class='ocrx_word' id='word_1_307' title='bbox 1276 3252 1403 3314; x_wconf 73' lang='lat' dir='ltr'><strong>mutum,</strong></span> <span class='ocrx_word' id='word_1_308' title='bbox 1427 3263 1494 3332; x_wconf 37' lang='lat' dir='ltr'><strong>non·</strong></span> <span class='ocrx_word' id='word_1_309' title='bbox 1510 3248 1597 3306; x_wconf 90' lang='lat' dir='ltr'><strong>etiam</strong></span> 
     </span>
     <span class='ocr_line' id='line_1_31' title="bbox 311 3345 1597 3426; baseline -0.002 -20"><span class='ocrx_word' id='word_1_310' title='bbox 311 3346 386 3406; x_wconf 91' lang='lat' dir='ltr'><strong>mala</strong></span> <span class='ocrx_word' id='word_1_311' title='bbox 410 3353 542 3426; x_wconf 91' lang='lat' dir='ltr'><strong>possunt.</strong></span> <span class='ocrx_word' id='word_1_312' title='bbox 587 3365 645 3426; x_wconf 88' lang='lat' dir='ltr'><strong>quo</strong></span> <span class='ocrx_word' id='word_1_313' title='bbox 673 3348 760 3409; x_wconf 93' lang='lat' dir='ltr'><strong>modo</strong></span> <span class='ocrx_word' id='word_1_314' title='bbox 788 3350 868 3408; x_wconf 93' lang='lat' dir='ltr'><strong>enim</strong></span> <span class='ocrx_word' id='word_1_315' title='bbox 893 3350 1071 3426; x_wconf 91' lang='lat' dir='ltr'><strong>promissivo</strong></span> <span class='ocrx_word' id='word_1_316' title='bbox 1100 3345 1186 3407; x_wconf 91' lang='lat' dir='ltr'><strong>modo</strong></span> <span class='ocrx_word' id='word_1_317' title='bbox 1208 3347 1341 3407; x_wconf 91' lang='lat' dir='ltr'><strong>dicemus</strong></span> <span class='ocrx_word' id='word_1_318' title='bbox 1362 3365 1447 3408; x_wconf 88' lang='lat' dir='ltr'><strong>nram</strong></span> <span class='ocrx_word' id='word_1_319' title='bbox 1470 3348 1597 3425; x_wconf 86' lang='lat' dir='ltr'><strong>altligam</strong></span> 
     </span>
     <span class='ocr_line' id='line_1_32' title="bbox 312 3447 1629 3528; baseline -0.001 -21"><span class='ocrx_word' id='word_1_320' title='bbox 312 3447 474 3508; x_wconf 77' lang='lat' dir='ltr'><strong>cruciabo?</strong></span> <span class='ocrx_word' id='word_1_321' title='bbox 507 3456 587 3510; x_wconf 91' lang='lat' dir='ltr'><strong>recte</strong></span> <span class='ocrx_word' id='word_1_322' title='bbox 620 3468 691 3528; x_wconf 90' lang='lat' dir='ltr'><strong>ergo</strong></span> <span class='ocrx_word' id='word_1_323' title='bbox 724 3469 741 3510; x_wconf 93' lang='lat' dir='ltr'><strong>a</strong></span> <span class='ocrx_word' id='word_1_324' title='bbox 773 3448 958 3510; x_wconf 89' lang='lat' dir='ltr'><strong>doctioribus</strong></span> <span class='ocrx_word' id='word_1_325' title='bbox 990 3451 1141 3528; x_wconf 82' lang='lat' dir='ltr'><strong>magistris</strong></span> <span class='ocrx_word' id='word_1_326' title='bbox 1170 3448 1307 3510; x_wconf 82' lang='lat' dir='ltr'><strong>exclusus</strong></span> <span class='ocrx_word' id='word_1_327' title='bbox 1334 3448 1383 3508; x_wconf 92' lang='lat' dir='ltr'><strong>hic</strong></span> <span class='ocrx_word' id='word_1_328' title='bbox 1409 3449 1515 3509; x_wconf 86' lang='lat' dir='ltr'><strong>modus</strong></span> <span class='ocrx_word' id='word_1_329' title='bbox 1545 3455 1629 3511; x_wconf 58' lang='lat' dir='ltr'><strong>estilt</strong></span> 
     </span>
     <span class='ocr_line' id='line_1_33' title="bbox 312 3548 1595 3631; baseline 0.001 -22"><span class='ocrx_word' id='word_1_330' title='bbox 312 3553 438 3610; x_wconf 84' lang='lat' dir='ltr'><strong>maxime</strong></span> <span class='ocrx_word' id='word_1_331' title='bbox 461 3569 619 3612; x_wconf 90' lang='lat' dir='ltr'><strong>cumeum</strong></span> <span class='ocrx_word' id='word_1_332' title='bbox 648 3555 737 3612; x_wconf 87' lang='lat' dir='ltr'><strong>eliam</strong></span> <span class='ocrx_word' id='word_1_333' title='bbox 760 3552 868 3613; x_wconf 87' lang='lat' dir='ltr'><strong>Graeci</strong></span> <span class='ocrx_word' id='word_1_334' title='bbox 890 3570 949 3611; x_wconf 92' lang='lat' dir='ltr'><strong>non</strong></span> <span class='ocrx_word' id='word_1_335' title='bbox 977 3548 1116 3612; x_wconf 90' lang='lat' dir='ltr'><strong>babeant.</strong></span> <span class='ocrx_word' id='word_1_336' title='bbox 1160 3553 1329 3629; x_wconf 91' lang='lat' dir='ltr'><strong>imperativi</strong></span> <span class='ocrx_word' id='word_1_337' title='bbox 1351 3550 1430 3611; x_wconf 90' lang='lat' dir='ltr'><strong>modi</strong></span> <span class='ocrx_word' id='word_1_338' title='bbox 1453 3551 1509 3611; x_wconf 93' lang='lat' dir='ltr'><strong>boc</strong></span> <span class='ocrx_word' id='word_1_339' title='bbox 1531 3569 1595 3631; x_wconf 92' lang='lat' dir='ltr'><strong>pro-</strong></span> 
     </span>
     <span class='ocr_line' id='line_1_34' title="bbox 312 3652 1595 3733; baseline -0.002 -22"><span class='ocrx_word' id='word_1_340' title='bbox 312 3654 411 3730; x_wconf 93' lang='lat' dir='ltr'><strong>prium</strong></span> <span class='ocrx_word' id='word_1_341' title='bbox 433 3659 493 3722; x_wconf 90' lang='lat' dir='ltr'><strong>est,</strong></span> <span class='ocrx_word' id='word_1_342' title='bbox 517 3654 594 3733; x_wconf 91' lang='lat' dir='ltr'><strong>quod</strong></span> <span class='ocrx_word' id='word_1_343' title='bbox 617 3672 712 3733; x_wconf 91' lang='lat' dir='ltr'><strong>neque</strong></span> <span class='ocrx_word' id='word_1_344' title='bbox 736 3655 931 3732; x_wconf 87' lang='lat' dir='ltr'><strong>praeteritum</strong></span> <span class='ocrx_word' id='word_1_345' title='bbox 959 3659 1075 3732; x_wconf 91' lang='lat' dir='ltr'><strong>tempus</strong></span> <span class='ocrx_word' id='word_1_346' title='bbox 1103 3670 1199 3732; x_wconf 90' lang='lat' dir='ltr'><strong>neque</strong></span> <span class='ocrx_word' id='word_1_347' title='bbox 1221 3655 1347 3732; x_wconf 90' lang='lat' dir='ltr'><strong>primam</strong></span> <span class='ocrx_word' id='word_1_348' title='bbox 1369 3660 1467 3732; x_wconf 89' lang='lat' dir='ltr'><strong>potest</strong></span> <span class='ocrx_word' id='word_1_349' title='bbox 1489 3652 1595 3714; x_wconf 87' lang='lat' dir='ltr'><strong>habere</strong></span> 
     </span>
     <span class='ocr_line' id='line_1_35' title="bbox 311 3755 1594 3834; baseline 0 -21"><span class='ocrx_word' id='word_1_350' title='bbox 311 3772 480 3833; x_wconf 90' lang='lat' dir='ltr'><strong>personam.</strong></span> <span class='ocrx_word' id='word_1_351' title='bbox 525 3773 612 3816; x_wconf 90' lang='lat' dir='ltr'><strong>nemo</strong></span> <span class='ocrx_word' id='word_1_352' title='bbox 636 3757 714 3816; x_wconf 92' lang='lat' dir='ltr'><strong>enim</strong></span> <span class='ocrx_word' id='word_1_353' title='bbox 738 3765 789 3816; x_wconf 89' lang='lat' dir='ltr'><strong>eut</strong></span> <span class='ocrx_word' id='word_1_354' title='bbox 810 3755 870 3816; x_wconf 86' lang='lat' dir='ltr'><strong>sibi</strong></span> <span class='ocrx_word' id='word_1_355' title='bbox 898 3757 962 3815; x_wconf 90' lang='lat' dir='ltr'><strong>lere</strong></span> <span class='ocrx_word' id='word_1_356' title='bbox 984 3772 1124 3834; x_wconf 90' lang='lat' dir='ltr'><strong>umquam</strong></span> <span class='ocrx_word' id='word_1_357' title='bbox 1146 3756 1204 3833; x_wconf 91' lang='lat' dir='ltr'><strong>ipsi</strong></span> <span class='ocrx_word' id='word_1_358' title='bbox 1228 3760 1278 3815; x_wconf 90' lang='lat' dir='ltr'><strong>aut</strong></span> <span class='ocrx_word' id='word_1_359' title='bbox 1299 3757 1437 3833; x_wconf 90' lang='lat' dir='ltr'><strong>cuiquam</strong></span> <span class='ocrx_word' id='word_1_360' title='bbox 1459 3758 1492 3814; x_wconf 91' lang='lat' dir='ltr'><strong>in</strong></span> <span class='ocrx_word' id='word_1_361' title='bbox 1514 3774 1594 3834; x_wconf 91' lang='lat' dir='ltr'><strong>prae·</strong></span> 
     </span>
     <span class='ocr_line' id='line_1_36' title="bbox 311 3857 1594 3937; baseline 0.003 -23"><span class='ocrx_word' id='word_1_362' title='bbox 311 3858 433 3916; x_wconf 88' lang='lat' dir='ltr'><strong>teritum</strong></span> <span class='ocrx_word' id='word_1_363' title='bbox 456 3859 598 3936; x_wconf 86' lang='lat' dir='ltr'><strong>imperat,</strong></span> <span class='ocrx_word' id='word_1_364' title='bbox 628 3875 805 3937; x_wconf 90' lang='lat' dir='ltr'><strong>quamquam</strong></span> <span class='ocrx_word' id='word_1_365' title='bbox 833 3857 967 3936; x_wconf 86' lang='lat' dir='ltr'><strong>plerique</strong></span> <span class='ocrx_word' id='word_1_366' title='bbox 995 3858 1089 3917; x_wconf 89' lang='lat' dir='ltr'><strong>luturi</strong></span> <span class='ocrx_word' id='word_1_367' title='bbox 1117 3864 1231 3917; x_wconf 87' lang='lat' dir='ltr'><strong>tanturn</strong></span> <span class='ocrx_word' id='word_1_368' title='bbox 1258 3859 1402 3937; x_wconf 89' lang='lat' dir='ltr'><strong>temporis</strong></span> <span class='ocrx_word' id='word_1_369' title='bbox 1429 3857 1525 3918; x_wconf 85' lang='lat' dir='ltr'><strong>velint</strong></span> <span class='ocrx_word' id='word_1_370' title='bbox 1545 3861 1594 3918; x_wconf 89' lang='lat' dir='ltr'><strong>im·</strong></span> 
     </span>
     <span class='ocr_line' id='line_1_37' title="bbox 310 3942 1625 4039; baseline -0.001 -22"><span class='ocrx_word' id='word_1_371' title='bbox 310 3961 477 4038; x_wconf 76' lang='lat' dir='ltr'><strong>peraticum</strong></span> <span class='ocrx_word' id='word_1_372' title='bbox 500 3976 571 4020; x_wconf 83' lang='lat' dir='ltr'><strong>esse.</strong></span> <span class='ocrx_word' id='word_1_373' title='bbox 616 3978 683 4020; x_wconf 91' lang='lat' dir='ltr'><strong>nam</strong></span> <span class='ocrx_word' id='word_1_374' title='bbox 706 3961 757 4039; x_wconf 91' lang='lat' dir='ltr'><strong>qui</strong></span> <span class='ocrx_word' id='word_1_375' title='bbox 781 3959 856 4019; x_wconf 91' lang='lat' dir='ltr'><strong>dicit</strong></span> <span class='ocrx_word' id='word_1_376' title='bbox 876 3959 938 4028; x_wconf 89' lang='lat' dir='ltr'><strong>lae,</strong></span> <span class='ocrx_word' id='word_1_377' title='bbox 962 3942 1030 4019; x_wconf 88' lang='lat' dir='ltr'><strong>ante</strong></span> <span class='ocrx_word' id='word_1_378' title='bbox 1053 3961 1195 4039; x_wconf 91' lang='lat' dir='ltr'><strong>imperat,</strong></span> <span class='ocrx_word' id='word_1_379' title='bbox 1220 3977 1307 4038; x_wconf 88' lang='lat' dir='ltr'><strong>quam</strong></span> <span class='ocrx_word' id='word_1_380' title='bbox 1329 3959 1361 4019; x_wconf 92' lang='lat' dir='ltr'><strong>id</strong></span> <span class='ocrx_word' id='word_1_381' title='bbox 1383 3961 1447 4030; x_wconf 89' lang='lat' dir='ltr'><strong>tiat;</strong></span> <span class='ocrx_word' id='word_1_382' title='bbox 1476 3961 1530 4020; x_wconf 88' lang='lat' dir='ltr'><strong>sed</strong></span> <span class='ocrx_word' id='word_1_383' title='bbox 1552 3960 1625 4019; x_wconf 67' lang='lat' dir='ltr'><strong>bic1i</strong></span> 
     </span>
    </p>
   </div>
   <div class='ocr_carea' id='block_1_6' title="bbox 311 4161 1593 4299">
    <p class='ocr_par' dir='ltr' id='par_1_6' title="bbox 311 4135 1593 4299">
     <span class='ocr_line' id='line_1_38' title="bbox 311 4161 1593 4229; baseline 0.002 -19"><span class='ocrx_word' id='word_1_384' title='bbox 311 4171 452 4227; x_wconf 84' lang='lat' dir='ltr'><strong>pertessum</strong></span> <span class='ocrx_word' id='word_1_385' title='bbox 468 4163 488 4225; x_wconf 86' lang='lat'><strong>(.</strong></span> <span class='ocrx_word' id='word_1_386' title='bbox 547 4205 552 4216; x_wconf 89' lang='lat'>.</span> <span class='ocrx_word' id='word_1_387' title='bbox 566 4204 572 4216; x_wconf 90' lang='lat'>.</span> <span class='ocrx_word' id='word_1_388' title='bbox 586 4171 681 4213; x_wconf 85' lang='lat' dir='ltr'><strong>tessum</strong></span> <span class='ocrx_word' id='word_1_389' title='bbox 695 4163 731 4224; x_wconf 82' lang='lat' dir='ltr'><strong>L)</strong></span> <span class='ocrx_word' id='word_1_390' title='bbox 746 4171 783 4212; x_wconf 84' lang='lat' dir='ltr'><strong>est</strong></span> <span class='ocrx_word' id='word_1_391' title='bbox 801 4165 937 4229; x_wconf 83' lang='lat' dir='ltr'><strong>praeterito</strong></span> <span class='ocrx_word' id='word_1_392' title='bbox 950 4171 1063 4228; x_wconf 86' lang='lat' dir='ltr'><strong>tempore</strong></span> <span class='ocrx_word' id='word_1_393' title='bbox 1080 4165 1112 4214; x_wconf 86' lang='lat' dir='ltr'><strong>eit</strong></span> <span class='ocrx_word' id='word_1_394' title='bbox 1130 4163 1264 4215; x_wconf 87' lang='lat' dir='ltr'><strong>dicendum</strong></span> <span class='ocrx_word' id='word_1_395' title='bbox 1283 4161 1334 4228; x_wconf 88' lang='lat' dir='ltr'><strong>(sic</strong></span> <span class='ocrx_word' id='word_1_396' title='bbox 1350 4164 1486 4215; x_wconf 84' lang='lat' dir='ltr'><strong>dicendum</strong></span> <span class='ocrx_word' id='word_1_397' title='bbox 1505 4173 1545 4214; x_wconf 85' lang='lat' dir='ltr'><strong>est</strong></span> <span class='ocrx_word' id='word_1_398' title='bbox 1557 4161 1593 4219; x_wconf 82' lang='lat' dir='ltr'><strong>Ml</strong></span> 
     </span>
     <span class='ocr_line' id='line_1_39' title="bbox 311 4231 1591 4299; baseline 0.001 -18"><span class='ocrx_word' id='word_1_399' title='bbox 311 4233 371 4282; x_wconf 88' lang='lat' dir='ltr'><strong>ML</strong></span> <span class='ocrx_word' id='word_1_400' title='bbox 421 4233 524 4282; x_wconf 72' lang='lat' dir='ltr'><strong>{tetiam</strong></span> <span class='ocrx_word' id='word_1_401' title='bbox 538 4233 614 4283; x_wconf 90' lang='lat' dir='ltr'><strong>bodie</strong></span> <span class='ocrx_word' id='word_1_402' title='bbox 625 4249 730 4298; x_wconf 86' lang='lat' dir='ltr'><strong>possum</strong></span> <span class='ocrx_word' id='word_1_403' title='bbox 744 4233 777 4282; x_wconf 95' lang='lat' dir='ltr'><em>M</em></span> <span class='ocrx_word' id='word_1_404' title='bbox 788 4235 863 4282; x_wconf 83' lang='lat' dir='ltr'><strong>etiam</strong></span> <span class='ocrx_word' id='word_1_405' title='bbox 877 4248 982 4297; x_wconf 87' lang='lat' dir='ltr'><strong>possum</strong></span> <span class='ocrx_word' id='word_1_406' title='bbox 993 4233 1070 4283; x_wconf 91' lang='lat' dir='ltr'><strong>hodie</strong></span> <span class='ocrx_word' id='word_1_407' title='bbox 1084 4234 1137 4284; x_wconf 89' lang='lat' dir='ltr'><strong>BL</strong></span> <span class='ocrx_word' id='word_1_408' title='bbox 1186 4231 1219 4285; x_wconf 85' lang='lat'><strong>10</strong></span> <span class='ocrx_word' id='word_1_409' title='bbox 1231 4234 1382 4299; x_wconf 86' lang='lat' dir='ltr'><strong>aspiciamus</strong></span> <span class='ocrx_word' id='word_1_410' title='bbox 1395 4235 1456 4284; x_wconf 92' lang='lat' dir='ltr'><strong>ML</strong></span> <span class='ocrx_word' id='word_1_411' title='bbox 1512 4235 1544 4285; x_wconf 80' lang='lat'><strong>12</strong></span> <span class='ocrx_word' id='word_1_412' title='bbox 1555 4249 1591 4284; x_wconf 88' lang='lat' dir='ltr'><strong>au·</strong></span> 
     </span>
    </p>
   </div>
   <div class='ocr_carea' id='block_1_7' title="bbox 311 4298 1594 4368">
    <p class='ocr_par' dir='ltr' id='par_1_7' title="bbox 311 4298 1594 4368">
     <span class='ocr_line' id='line_1_40' title="bbox 311 4298 1594 4368; baseline -0.002 -17"><span class='ocrx_word' id='word_1_413' title='bbox 311 4301 373 4368; x_wconf 85' lang='lat' dir='ltr'><strong>tem]</strong></span> <span class='ocrx_word' id='word_1_414' title='bbox 395 4302 443 4352; x_wconf 87' lang='lat' dir='ltr'><strong>hoe</strong></span> <span class='ocrx_word' id='word_1_415' title='bbox 460 4302 486 4352; x_wconf 92' lang='lat' dir='ltr'><em>B</em></span> <span class='ocrx_word' id='word_1_416' title='bbox 536 4319 659 4353; x_wconf 83' lang='lat' dir='ltr'><strong>enurevm</strong></span> <span class='ocrx_word' id='word_1_417' title='bbox 676 4304 707 4352; x_wconf 91' lang='lat' dir='ltr'><em>M</em></span> <span class='ocrx_word' id='word_1_418' title='bbox 724 4304 888 4356; x_wconf 82' lang='lat' dir='ltr'><strong>uu.recmL</strong></span> <span class='ocrx_word' id='word_1_419' title='bbox 907 4317 1021 4355; x_wconf 78' lang='lat' dir='ltr'><strong>uxerem</strong></span> <span class='ocrx_word' id='word_1_420' title='bbox 1039 4303 1065 4352; x_wconf 85' lang='lat' dir='ltr'><em>B</em></span> <span class='ocrx_word' id='word_1_421' title='bbox 1081 4298 1196 4355; x_wconf 76' lang='grc' dir='ltr'><strong><em>ἔκτασιν</em></strong></span> <span class='ocrx_word' id='word_1_422' title='bbox 1206 4302 1360 4356; x_wconf 71' lang='lat' dir='ltr'><strong>Siclorum:</strong></span> <span class='ocrx_word' id='word_1_423' title='bbox 1378 4305 1469 4354; x_wconf 89' lang='lat' dir='ltr'><strong>modus</strong></span> <span class='ocrx_word' id='word_1_424' title='bbox 1482 4304 1594 4354; x_wconf 82' lang='lat' dir='ltr'><strong>delinitur</strong></span> 
     </span>
    </p>
   </div>
   <div class='ocr_carea' id='block_1_8' title="bbox 214 4380 1593 4491">
    <p class='ocr_par' dir='ltr' id='par_1_8' title="bbox 214 4380 1593 4491">
     <span class='ocr_line' id='line_1_41' title="bbox 214 4380 1593 4491; baseline -0.002 -15"><span class='ocrx_word' id='word_1_425' title='bbox 214 4457 221 4476; x_wconf 51' lang='lat' dir='ltr'><strong>a</strong></span> <span class='ocrx_word' id='word_1_426' title='bbox 311 4424 451 4473; x_wconf 79' lang='lat' dir='ltr'><strong>secundum</strong></span> <span class='ocrx_word' id='word_1_427' title='bbox 469 4424 631 4474; x_wconf 83' lang='lat' dir='ltr'><strong>Consentium</strong></span> <span class='ocrx_word' id='word_1_428' title='bbox 644 4425 734 4476; x_wconf 79' lang='lat' dir='ltr'><strong>modus</strong></span> <span class='ocrx_word' id='word_1_429' title='bbox 751 4431 789 4473; x_wconf 83' lang='lat' dir='ltr'><strong>est</strong></span> <span class='ocrx_word' id='word_1_430' title='bbox 802 4439 876 4488; x_wconf 92' lang='lat' dir='ltr'><strong>quem</strong></span> <span class='ocrx_word' id='word_1_431' title='bbox 889 4426 960 4491; x_wconf 82' lang='lat' dir='ltr'><strong>greci</strong></span> <span class='ocrx_word' id='word_1_432' title='bbox 972 4380 1092 4476; x_wconf 63' lang='lat' dir='ltr'><strong>metbbsin</strong></span> <span class='ocrx_word' id='word_1_433' title='bbox 1111 4424 1198 4474; x_wconf 89' lang='lat' dir='ltr'><strong>dicunt</strong></span> <span class='ocrx_word' id='word_1_434' title='bbox 1211 4425 1342 4475; x_wconf 83' lang='lat' dir='ltr'><strong>conuersio</strong></span> <span class='ocrx_word' id='word_1_435' title='bbox 1362 4425 1460 4476; x_wconf 85' lang='lat' dir='ltr'><strong>scilicet</strong></span> <span class='ocrx_word' id='word_1_436' title='bbox 1475 4433 1501 4475; x_wconf 83' lang='lat' dir='ltr'><strong>et</strong></span> <span class='ocrx_word' id='word_1_437' title='bbox 1517 4436 1593 4475; x_wconf 80' lang='lat' dir='ltr'><strong>trans·</strong></span> 
     </span>
    </p>
   </div>
   <div class='ocr_carea' id='block_1_9' title="bbox 311 4492 1592 4560">
    <p class='ocr_par' dir='ltr' id='par_1_9' title="bbox 311 4492 1592 4560">
     <span class='ocr_line' id='line_1_42' title="bbox 311 4492 1592 4560; baseline 0.001 -19"><span class='ocrx_word' id='word_1_438' title='bbox 311 4492 428 4559; x_wconf 86' lang='lat' dir='ltr'><strong>figuratio</strong></span> <span class='ocrx_word' id='word_1_439' title='bbox 442 4495 496 4543; x_wconf 87' lang='lat' dir='ltr'><strong>eius</strong></span> <span class='ocrx_word' id='word_1_440' title='bbox 509 4492 622 4560; x_wconf 69' lang='lat' dir='ltr'><strong>syllabae</strong></span> <span class='ocrx_word' id='word_1_441' title='bbox 636 4510 700 4558; x_wconf 86' lang='lat' dir='ltr'><strong>qnae</strong></span> <span class='ocrx_word' id='word_1_442' title='bbox 713 4495 802 4544; x_wconf 85' lang='lat' dir='ltr'><strong>ultima</strong></span> <span class='ocrx_word' id='word_1_443' title='bbox 811 4501 850 4544; x_wconf 86' lang='lat' dir='ltr'><strong>est</strong></span> <span class='ocrx_word' id='word_1_444' title='bbox 865 4495 889 4543; x_wconf 90' lang='lat' dir='ltr'><strong>in</strong></span> <span class='ocrx_word' id='word_1_445' title='bbox 903 4496 981 4546; x_wconf 88' lang='lat' dir='ltr'><strong>uerbo</strong></span> <span class='ocrx_word' id='word_1_446' title='bbox 994 4498 1078 4548; x_wconf 75' lang='lat' dir='ltr'><strong>codex</strong></span> <span class='ocrx_word' id='word_1_447' title='bbox 1087 4497 1220 4545; x_wconf 76' lang='lat' dir='ltr'><strong>Parisinus</strong></span> <span class='ocrx_word' id='word_1_448' title='bbox 1229 4495 1296 4547; x_wconf 78' lang='lat'><strong>7491</strong></span> <span class='ocrx_word' id='word_1_449' title='bbox 1346 4496 1378 4547; x_wconf 82' lang='lat'><strong>15</strong></span> <span class='ocrx_word' id='word_1_450' title='bbox 1390 4504 1475 4545; x_wconf 85' lang='lat' dir='ltr'><strong>tamen</strong></span> <span class='ocrx_word' id='word_1_451' title='bbox 1487 4505 1516 4545; x_wconf 89' lang='lat' dir='ltr'><strong>ut</strong></span> <span class='ocrx_word' id='word_1_452' title='bbox 1528 4496 1592 4545; x_wconf 81' lang='lat' dir='ltr'><strong>nobis</strong></span> 
     </span>
    </p>
   </div>
   <div class='ocr_carea' id='block_1_10' title="bbox 310 4561 1592 4841">
    <p class='ocr_par' dir='ltr' id='par_1_10' title="bbox 310 4561 1592 4841">
     <span class='ocr_line' id='line_1_43' title="bbox 311 4561 1592 4632; baseline 0.002 -21"><span class='ocrx_word' id='word_1_453' title='bbox 311 4563 449 4614; x_wconf 87' lang='lat' dir='ltr'><strong>uideturL</strong></span> <span class='ocrx_word' id='word_1_454' title='bbox 501 4563 533 4614; x_wconf 84' lang='grc'><strong>16</strong></span> <span class='ocrx_word' id='word_1_455' title='bbox 552 4565 595 4627; x_wconf 89' lang='lat' dir='ltr'><strong>qui</strong></span> <span class='ocrx_word' id='word_1_456' title='bbox 613 4561 648 4630; x_wconf 85' lang='lat' dir='ltr'><strong>et]</strong></span> <span class='ocrx_word' id='word_1_457' title='bbox 665 4566 706 4629; x_wconf 89' lang='lat' dir='ltr'><strong>qui</strong></span> <span class='ocrx_word' id='word_1_458' title='bbox 726 4565 828 4627; x_wconf 89' lang='lat' dir='ltr'><strong>quidem</strong></span> <span class='ocrx_word' id='word_1_459' title='bbox 842 4565 876 4614; x_wconf 93' lang='lat' dir='ltr'><em>M</em></span> <span class='ocrx_word' id='word_1_460' title='bbox 889 4565 1027 4629; x_wconf 87' lang='lat' dir='ltr'><strong>quidemL</strong></span> <span class='ocrx_word' id='word_1_461' title='bbox 1078 4565 1111 4616; x_wconf 89' lang='lat'><strong>18</strong></span> <span class='ocrx_word' id='word_1_462' title='bbox 1129 4563 1244 4632; x_wconf 83' lang='lat' dir='ltr'><strong>instanti]</strong></span> <span class='ocrx_word' id='word_1_463' title='bbox 1265 4565 1437 4630; x_wconf 83' lang='lat' dir='ltr'><strong>praesentiM</strong></span> <span class='ocrx_word' id='word_1_464' title='bbox 1486 4566 1523 4617; x_wconf 79' lang='lat'><strong>28</strong></span> <span class='ocrx_word' id='word_1_465' title='bbox 1541 4581 1592 4631; x_wconf 89' lang='lat' dir='ltr'><strong>pro·</strong></span> 
     </span>
     <span class='ocr_line' id='line_1_44' title="bbox 310 4633 1592 4702; baseline 0.004 -22"><span class='ocrx_word' id='word_1_466' title='bbox 310 4633 376 4681; x_wconf 88' lang='lat' dir='ltr'><strong>mitti</strong></span> <span class='ocrx_word' id='word_1_467' title='bbox 388 4642 470 4682; x_wconf 86' lang='lat' dir='ltr'><strong>autem</strong></span> <span class='ocrx_word' id='word_1_468' title='bbox 484 4641 581 4685; x_wconf 88' lang='lat' dir='ltr'><strong>tantum</strong></span> <span class='ocrx_word' id='word_1_469' title='bbox 598 4635 664 4686; x_wconf 88' lang='lat' dir='ltr'><strong>bona</strong></span> <span class='ocrx_word' id='word_1_470' title='bbox 678 4634 709 4683; x_wconf 91' lang='lat' dir='ltr'><em>M</em></span> <span class='ocrx_word' id='word_1_471' title='bbox 761 4634 794 4684; x_wconf 80' lang='lat'><strong>29</strong></span> <span class='ocrx_word' id='word_1_472' title='bbox 808 4635 934 4698; x_wconf 91' lang='lat' dir='ltr'><strong>quomodo</strong></span> <span class='ocrx_word' id='word_1_473' title='bbox 953 4637 1092 4700; x_wconf 84' lang='lat' dir='ltr'><strong>promisiuo</strong></span> <span class='ocrx_word' id='word_1_474' title='bbox 1109 4635 1142 4684; x_wconf 94' lang='lat' dir='ltr'><em>M</em></span> <span class='ocrx_word' id='word_1_475' title='bbox 1174 4633 1209 4686; x_wconf 89' lang='grc'><strong>30</strong></span> <span class='ocrx_word' id='word_1_476' title='bbox 1226 4651 1287 4702; x_wconf 87' lang='lat' dir='ltr'><strong>ergo</strong></span> <span class='ocrx_word' id='word_1_477' title='bbox 1305 4651 1321 4684; x_wconf 88' lang='lat' dir='ltr'><strong>a</strong></span> <span class='ocrx_word' id='word_1_478' title='bbox 1338 4636 1523 4687; x_wconf 84' lang='lat' dir='ltr'><strong>doctoribnsB</strong></span> <span class='ocrx_word' id='word_1_479' title='bbox 1538 4651 1592 4701; x_wconf 80' lang='lat' dir='ltr'><strong>ergo</strong></span> 
     </span>
     <span class='ocr_line' id='line_1_45' title="bbox 311 4703 1592 4771; baseline 0.001 -20"><span class='ocrx_word' id='word_1_480' title='bbox 311 4703 464 4752; x_wconf 86' lang='lat' dir='ltr'><strong>doctioribus</strong></span> <span class='ocrx_word' id='word_1_481' title='bbox 482 4703 513 4752; x_wconf 93' lang='lat' dir='ltr'><em>M</em></span> <span class='ocrx_word' id='word_1_482' title='bbox 581 4705 615 4756; x_wconf 90' lang='grc'><strong>33</strong></span> <span class='ocrx_word' id='word_1_483' title='bbox 632 4719 701 4768; x_wconf 87' lang='lat' dir='ltr'><strong>umq,</strong></span> <span class='ocrx_word' id='word_1_484' title='bbox 721 4707 751 4754; x_wconf 78' lang='lat' dir='ltr'><strong>ui</strong></span> <span class='ocrx_word' id='word_1_485' title='bbox 770 4705 819 4770; x_wconf 85' lang='lat' dir='ltr'><strong>ipsi</strong></span> <span class='ocrx_word' id='word_1_486' title='bbox 843 4707 867 4755; x_wconf 93' lang='lat' dir='ltr'><em>L</em></span> <span class='ocrx_word' id='word_1_487' title='bbox 889 4720 1010 4769; x_wconf 84' lang='lat' dir='ltr'><strong>nmquam</strong></span> <span class='ocrx_word' id='word_1_488' title='bbox 1032 4706 1088 4771; x_wconf 84' lang='lat' dir='ltr'><strong>ipse</strong></span> <span class='ocrx_word' id='word_1_489' title='bbox 1107 4704 1140 4753; x_wconf 93' lang='lat' dir='ltr'><em>M</em></span> <span class='ocrx_word' id='word_1_490' title='bbox 1167 4720 1286 4769; x_wconf 83' lang='lat' dir='ltr'><strong>umquam</strong></span> <span class='ocrx_word' id='word_1_491' title='bbox 1313 4714 1356 4755; x_wconf 85' lang='lat' dir='ltr'><strong>aot</strong></span> <span class='ocrx_word' id='word_1_492' title='bbox 1381 4707 1437 4770; x_wconf 83' lang='lat' dir='ltr'><strong>ipse</strong></span> <span class='ocrx_word' id='word_1_493' title='bbox 1458 4705 1544 4769; x_wconf 77' lang='lat' dir='ltr'><strong>(corr.</strong></span> <span class='ocrx_word' id='word_1_494' title='bbox 1563 4707 1592 4754; x_wconf 86' lang='lat' dir='ltr'><strong>al.</strong></span> 
     </span>
     <span class='ocr_line' id='line_1_46' title="bbox 311 4771 1590 4841; baseline 0 -19"><span class='ocrx_word' id='word_1_495' title='bbox 311 4788 375 4822; x_wconf 81' lang='lat' dir='ltr'><strong>aron.</strong></span> <span class='ocrx_word' id='word_1_496' title='bbox 396 4771 458 4839; x_wconf 87' lang='lat' dir='ltr'><strong>ipsi)</strong></span> <span class='ocrx_word' id='word_1_497' title='bbox 472 4774 498 4824; x_wconf 87' lang='lat' dir='ltr'><em>B</em></span> <span class='ocrx_word' id='word_1_498' title='bbox 560 4772 594 4824; x_wconf 86' lang='lat'><strong>35</strong></span> <span class='ocrx_word' id='word_1_499' title='bbox 611 4789 666 4824; x_wconf 85' lang='lat' dir='ltr'><strong>esse</strong></span> <span class='ocrx_word' id='word_1_500' title='bbox 684 4789 730 4828; x_wconf 83' lang='lat' dir='ltr'><strong>oar.</strong></span> <span class='ocrx_word' id='word_1_501' title='bbox 749 4773 814 4824; x_wconf 90' lang='lat' dir='ltr'><strong>BM</strong></span> <span class='ocrx_word' id='word_1_502' title='bbox 818 4777 843 4825; x_wconf 91' lang='lat' dir='ltr'><em>L</em></span> <span class='ocrx_word' id='word_1_503' title='bbox 905 4775 946 4825; x_wconf 92' lang='lat' dir='ltr'><strong>bic</strong></span> <span class='ocrx_word' id='word_1_504' title='bbox 965 4784 1060 4825; x_wconf 85' lang='lat' dir='ltr'><strong>tentum</strong></span> <span class='ocrx_word' id='word_1_505' title='bbox 1079 4776 1121 4839; x_wconf 88' lang='lat' dir='ltr'><strong>qui</strong></span> <span class='ocrx_word' id='word_1_506' title='bbox 1139 4776 1200 4825; x_wconf 87' lang='lat' dir='ltr'><strong>dicit</strong></span> <span class='ocrx_word' id='word_1_507' title='bbox 1218 4774 1259 4826; x_wconf 83' lang='lat' dir='ltr'><strong>lac</strong></span> <span class='ocrx_word' id='word_1_508' title='bbox 1272 4784 1392 4841; x_wconf 87' lang='lat' dir='ltr'><strong>properat</strong></span> <span class='ocrx_word' id='word_1_509' title='bbox 1409 4776 1434 4826; x_wconf 88' lang='lat' dir='ltr'><em>B</em></span> <span class='ocrx_word' id='word_1_510' title='bbox 1451 4775 1494 4825; x_wconf 87' lang='lat' dir='ltr'><strong>bie</strong></span> <span class='ocrx_word' id='word_1_511' title='bbox 1512 4786 1590 4827; x_wconf 88' lang='lat' dir='ltr'><strong>tamen</strong></span> 
     </span>
    </p>
   </div>
   <div class='ocr_carea' id='block_1_11' title="bbox 0 0 1680 5442">
    <p class='ocr_par' dir='ltr' id='par_1_11' title="bbox 0 0 1680 5442">
     <span class='ocr_line' id='line_1_47' title="bbox 0 0 1680 5442; baseline 0 0"><span class='ocrx_word' id='word_1_512' title='bbox 0 0 1680 5442; x_wconf 95' lang='lat' dir='ltr'><strong> </strong></span> 
     </span>
    </p>
   </div>
  </div>
 </body>
</html>
