3350 5442
636 384 874 449 connunrvlt
1343 387 1408 453 213

671 524 673 531 ›
852 544 856 554 Ι
1224 508 1245 549 p.
1258 498 1348 539 iot-65
1360 496 1383 538 L·

116 576 233 638 modus:
263 577 288 636 si
314 573 421 636 modus
449 581 506 645 est,
537 574 657 635 verbum
681 583 726 635 est
748 575 814 635 sine
836 573 941 645 dubio;
970 594 1040 636 ecce
1069 575 1162 638 habes
1184 575 1262 654 quod
1284 576 1414 651 verbum

116 684 169 739 est'
211 678 264 739 sed
293 676 411 756 quando
440 676 507 738 dico
536 675 591 737 ‘cla
614 675 688 737 milri
710 675 842 747 bibere’,
870 676 929 738 tale
952 685 997 739 cst
1024 696 1058 739 ec
1084 680 1110 739 si
1138 678 1235 740 dicam
1258 678 1314 740 ‘da
1336 680 1408 740 milri

114 782 249 861 pauem’.
292 797 399 860 panem
427 785 526 839 autem
554 780 736 840 accusativus
764 786 816 841 εει.
863 797 934 858 ergo
956 778 1039 841 vides
1070 783 1211 861 quoniam
1233 782 1325 845 verbo
1347 802 1408 844 non

114 890 212 962 potest
238 883 322 960 iungi
349 882 406 943 nisi
429 882 610 943 accusativus
633 900 727 943 casus.
774 875 950 943 naturaliter
972 882 1012 942 ita
1039 901 1072 943 se
1094 881 1184 945 habet
1205 884 1263 945 ista
1283 902 1347 956 res,
1377 893 1409 946 ut

90 985 276 1065 ipraemisso
298 982 389 1045 verbo
417 990 578 1061 sequantur
606 984 742 1055 nomina,
770 982 800 1043 id
823 989 869 1044 est
890 991 1031 1062 sequatur
1053 1001 1146 1046 casus
1192 984 1306 1048 nullum
1329 989 1408 1048 enim

114 1104 222 1147 nomen
245 1087 309 1147 sine
329 1104 399 1148 casu
423 1093 477 1147 est.
509 1102 580 1163 ergo
603 1084 723 1163 quando
746 1084 812 1146 dico
835 1085 891 1145 ‘da
913 1085 987 1146 mihi
1016 1084 1104 1165 [oller
1132 1086 1206 1148 mihi
1232 1088 1302 1168 quio
1325 1088 1406 1171 dico]

113 1188 309 1258 columnam',
339 1186 506 1249 columnam
535 1205 621 1248 casus
648 1195 692 1248 cst
719 1189 917 1257 accusativum
947 1188 1040 1249 ‘oller
1067 1188 1140 1249 milri
1167 1188 1337 1262 arborem',
1360 1210 1408 1252 ar-

112 1291 216 1352 borem
240 1310 324 1351 casus
347 1297 392 1352 est
413 1284 613 1372 accusativus.
658 1307 729 1369 ergo
753 1295 783 1351 et
803 1292 829 1351 si
852 1289 932 1352 dicas
954 1289 1073 1360 hibere,
1088 1289 1201 1353 'bibere
1223 1292 1338 1354 videtur
1360 1313 1407 1356 ac·

112 1372 261 1455 cusativus
289 1411 352 1454 esse
381 1410 481 1463 casus
512 1394 650 1471 quoniam
678 1392 727 1453 illa
758 1394 873 1463 omnia,
904 1409 980 1471 quae
1008 1394 1169 1473 iunguntur
1200 1395 1265 1455 istis
1298 1394 1406 1465 rerlris,

81 1514 199 1557 rocasus
221 1503 297 1556 sunt.
343 1513 415 1574 crgo
444 1496 550 1572 nequis
572 1501 691 1574 putaret
712 1494 795 1557 illum
817 1495 995 1556 infinitivum
1018 1494 1141 1557 modum
1164 1494 1321 1576 aliquando
1343 1497 1409 1558 lieri

112 1616 201 1678 posse
224 1604 257 1659 ut
278 1596 398 1659 caderet
419 1600 450 1657 in
472 1615 559 1657 casus
583 1603 612 1657 et
633 1598 748 1658 ratione
764 1598 893 1659 nominis
909 1596 1123 1667 declinaretur,
1146 1596 1214 1659 ideo
1237 1598 1294 1658 hoc
1317 1598 1407 1659 inter·

113 1701 221 1780 posuit.
267 1700 344 1760 scire
373 1707 471 1761 antem
499 1697 590 1760 debes
621 1701 759 1779 quoniam
783 1698 832 1760 ille
854 1700 1017 1760 infinitivus
1039 1698 1158 1776 quidem
1182 1706 1228 1761 est
1249 1699 1356 1761 modus
1379 1707 1410 1761 ct

114 1804 182 1864 lacit
207 1802 403 1863 elocutionem
424 1818 576 1880 graecam,
600 1800 720 1862 latinam
737 1818 909 1879 numquam.
939 1802 1076 1879 quotiens
1091 1804 1132 1861 ita
1147 1800 1276 1863 volueris
1298 1803 1406 1875 lacere,

114 1924 217 1985 graece
240 1904 371 1985 loqueris
394 1910 511 1984 aperte,
541 1902 595 1964 ‘da
618 1903 690 1965 mihi
713 1903 845 1973 bibere’‚
870 1900 928 1977 δός
949 1922 1005 1985 μοι
1027 1909 1128 1966 πιεῖν.
1171 1911 1201 1965 ει
1223 1906 1279 1967 erit
1300 1923 1407 1983 graeca

81 2020 103 2061 15
115 2007 256 2076 elocutio,
285 2006 375 2068 latina
404 2025 464 2068 non
486 2012 538 2066 est.
584 2006 658 2067 haec
681 2013 779 2067 autem
802 2005 931 2067 elocutio
952 2014 1021 2086 apta
1043 2013 1089 2067 est
1109 2007 1222 2087 poetis,
1245 2014 1313 2087 apta
1335 2005 1406 2086 lyri-

114 2112 169 2180 cis,
192 2108 281 2187 longe
304 2116 418 2170 remota
442 2116 487 2169 εει
509 2127 524 2169 a
547 2126 686 2169 sermone
709 2109 869 2170 communi.
914 2124 986 2186 ergo
1008 2114 1132 2189 propter
1153 2110 1241 2170 istam
1264 2108 1406 2170 elocutio·

114 2231 179 2273 uem
201 2212 382 2291 interposuit
403 2212 485 2271 ‘sine
508 2212 604 2281 casu',
636 2210 740 2287 nequis
769 2208 822 2270 tibi
845 2209 959 2271 diceret
982 2208 1083 2291 [ergo]
1107 2209 1162 2271 ‘da
1183 2210 1255 2271 mihi
1278 2210 1418 2283 hihcre’,'

114 2314 215 2375 bibere
244 2331 315 2393 ergo
343 2314 526 2375 aecusativus
554 2330 641 2373 casus
668 2319 727 2381 cst,
757 2313 897 2392 quoniam
923 2310 974 2371 illa
1002 2314 1101 2373 omnia
1129 2330 1185 2393 per
1206 2315 1406 2375 accusativum

114 2415 313 2496 proferuntur.
360 2414 412 2477 sed
435 2431 495 2475 non
517 2422 576 2484 cst3
605 2413 654 2475 illa
677 2432 783 2493 graeca
805 2416 899 2491 ligura
922 2422 980 2485 εει,
1011 2432 1117 2493 graeca
1145 2414 1312 2478 elocutione
1334 2435 1403 2497 pro·
1490 2414 1499 2430 ⁴

79 2531 103 2572 ιο
116 2521 213 2581 iertur.

196 2622 292 2683 Omne
319 2620 442 2682 verbum
471 2627 521 2681 aut
548 2638 636 2699 agere
663 2619 773 2701 aliquid
807 2625 858 2681 ant
886 2620 948 2699 pati
975 2620 1129 2698 significat.
1173 2618 1243 2698 quid
1270 2623 1308 2681 sit
1338 2620 1404 2692 lroc,
1417 2632 1506 2694 coac

116 2730 213 2803 postea
241 2723 317 2785 dico.
354 2722 561 2803 interpositum
591 2730 652 2793 est,
684 2730 716 2783 ut
743 2720 891 2783 diceretur
924 2722 1050 2783 activum
1083 2722 1231 2801 passivum
1264 2730 1405 2783 neutrum
1524 2713 1527 2718 ’

117 2838 269 2887 commune
297 2831 327 2888 et
354 2824 515 2905 deponens.
561 2825 669 2905 quare?
703 2823 759 2885 hoc
794 2821 860 2884 dico
893 2831 1005 2903 postea.
1049 2825 1169 2885 interim
1202 2817 1282 2886 scire
1314 2824 1406 2887 debes

117 2928 189 3007 quod
219 2946 306 2989 omne
334 2926 457 2989 verbum
486 2927 566 3007 quod
595 2934 640 2987 εει
666 2928 697 2986 in
725 2944 826 2986 rerum
855 2932 1043 2989 flammeam
1069 2944 1157 3005 agere
1185 2933 1236 2988 aut
1261 2928 1323 3007 pati
1351 2946 1405 2989 nos

78 3030 248 3091 sostendit.
294 3037 323 3090 et
350 3048 384 3091 re
411 3048 480 3091 rera
508 3030 572 3110 ipsa
600 3034 705 3090 natura
732 3047 832 3090 rerum
863 3029 906 3090 sie
932 3048 965 3090 se
992 3028 1092 3091 habet.
1138 3028 1280 3109 quicquid
1308 3037 1354 3091 est
1375 3030 1405 3091 iu

117 3139 174 3193 loto
195 3131 324 3201 mundo,
354 3138 405 3193 aut
426 3132 536 3211 patitur
559 3138 608 3191 aut
630 3132 690 3209 agit
712 3132 776 3192 sine
799 3128 904 3191 dubio:
934 3148 1044 3208 quaere
1066 3149 1169 3193 omnes
1191 3149 1254 3202 εεε,
1278 3139 1309 3193 ει
1331 3126 1335 3214 Ι
1359 3132 1405 3193 iu·

116 3236 210 3295 venies
237 3234 315 3314 quod
343 3240 490 3311 coguntur
513 3236 613 3295 nescio
636 3249 693 3311 qua
720 3235 835 3294 ratione
865 3241 915 3294 aut
941 3234 1003 3313 pati
1025 3241 1076 3295 aut
1098 3241 1179 3296 certe
1200 3234 1284 3313 ipsae
1305 3251 1403 3312 agere.

116 3355 200 3398 curre
222 3355 276 3417 per
297 3335 346 3396 illa
369 3354 492 3414 genera,
517 3344 547 3397 ει
567 3337 701 3397 invenies
723 3336 763 3396 ita
786 3354 852 3397 esse
874 3334 1008 3397 verbum.
1038 3354 1109 3397 ecce
1125 3334 1207 3414 lego:
1230 3334 1297 3413 lego
1312 3352 1403 3413 agen·

115 3439 151 3497 tis
173 3445 216 3498 est
236 3438 426 3517 significatio,
450 3436 534 3516 legor
555 3440 703 3518 passivum
727 3443 786 3508 cst,
811 3445 841 3498 et
862 3447 963 3521 tamen
979 3446 1008 3499 et
1030 3440 1143 3516 agentis
1159 3444 1205 3499 est
1218 3438 1401 3516 significatio.

76 3539 281 3619 onatounde
305 3540 366 3600 esti
389 3558 404 3601 a
427 3540 555 3602 neutrali
578 3549 637 3608 est,
662 3546 811 3601 ettamen
833 3540 949 3618 agentis
971 3547 1023 3601 est.
1052 3552 1158 3613 ‘curro
1181 3540 1315 3602 neutrale
1336 3559 1403 3601 vcr-

115 3642 181 3703 bum
203 3649 262 3711 est,
295 3651 325 3703 et
345 3649 443 3703 tumen
471 3644 586 3720 agentis
616 3650 668 3704 εει.
702 3636 811 3722 'vapulo
840 3641 973 3704 neuuale
1002 3650 1061 3713 est,
1091 3649 1120 3703 et
1140 3649 1241 3703 tamen
1263 3644 1403 3722 patientis

115 3753 170 3813 εει;
192 3744 231 3805 ab
251 3743 309 3805 alio
332 3746 410 3806 enim
434 3743 549 3824 vapulo.
594 3746 634 3806 ita
663 3744 772 3815 luctor,
801 3743 922 3824 loquor,
951 3745 1006 3804 ista
1028 3743 1134 3805 similia
1158 3743 1334 3824 deponentia
1357 3743 1400 3804 di·

114 3853 218 3907 cuntur
240 3847 354 3915 omnia,
380 3854 409 3907 et
432 3857 530 3907 tamen
553 3847 798 3926 significationem
820 3846 932 3909 liabent
953 3848 1077 3924 agentis
1108 3864 1179 3925 ergo
1195 3845 1402 3926 quodcumque

116 3954 158 4007 εει
178 3948 314 4019 verbum,
345 3967 468 4009 necesso
492 3956 537 4009 est
558 3956 589 4009 ut
609 3951 640 4009 in
663 3949 715 4009 has
738 3948 824 4009 cadat
845 3949 1089 4027 significationem
1113 3956 1146 4010 ut
1167 3967 1255 4009 omne
1278 3947 1402 4010 verbum

76 4056 102 4096 ³⁵
115 4056 164 4108 aut
184 4052 296 4129 agentis
319 4051 357 4111 sit
379 4056 428 4111 aut
449 4052 602 4131 patientis,
626 4050 695 4113 licet
718 4049 797 4111 aliud
819 4050 928 4113 habeat
943 4068 1045 4129 genus.

128 4204 135 4213 .
195 4151 293 4213 Verlto
322 4151 461 4215 accidunt
487 4161 615 4235 septem,
650 4152 777 4233 qualitas
810 4156 978 4232 coniugatio
1011 4173 1105 4231 genus
1136 4172 1278 4214 numerus
1310 4154 1402 4231 ligura
1414 4166 1474 4228 411,
1487 4166 1520 4214 tc

116 4260 226 4334 tempus
247 4273 384 4335 persona.
429 4254 552 4335 qualitas
575 4255 734 4316 verborum
757 4254 896 4315 dividitur
918 4256 948 4315 iu
972 4257 1044 4317 duas
1065 4264 1165 4336 partes
1187 4252 1399 4335 principaliter,
1414 4235 1520 4293 ⁵⁰³’25

115 4352 147 4413 id
167 4364 210 4417 cst
229 4357 258 4417 in
281 4357 387 4418 modos
410 4363 439 4418 et
460 4359 492 4419 in
515 4359 633 4419 iormas.
674 4358 752 4419 modi
776 4364 875 4418 autem
897 4364 967 4417 sunt
989 4364 1071 4427 octo,
1100 4375 1205 4418 omnes
1228 4364 1294 4418 octo
1316 4363 1400 4426 sunt;

183 4611 271 4680 eaeo]
292 4615 314 4664 si
334 4614 358 4663 A
429 4615 445 4665 6
465 4614 525 4679 qnid
542 4614 598 4664 dico
617 4613 642 4663 A
661 4613 722 4677 quid
742 4614 814 4663 edico
832 4614 882 4663 Ba
899 4612 960 4676 quid
979 4613 1051 4662 edico
1069 4628 1138 4662 corr.
1159 4612 1222 4677 quid
1240 4613 1312 4663 Edico
1331 4613 1352 4664 0

117 4682 152 4731 14
168 4696 335 4735 oueuornnrn
351 4685 372 4735 0
388 4699 546 4735 oureuomnu
567 4682 622 4732 AB
694 4686 726 4734 15
744 4680 841 4749 lyricis]
863 4692 901 4731 εει
919 4683 1004 4748 lyricis
1026 4683 1046 4732 0
1112 4684 1145 4733 21
1167 4682 1264 4747 aliquid
1281 4682 1315 4733 a*
1337 4682 1400 4747 qnid

117 4750 197 4802 ABG
261 4752 377 4821 longit]
398 4753 742 4819 iacitBCaagitiacitA
796 4756 829 4804 27
849 4751 1014 4819 autpati]et
1033 4752 1085 4817 pati
1105 4753 1188 4803 ABG
1240 4754 1399 4822 ipselucere

117 4822 155 4869 ita
171 4838 221 4873 εεεε
238 4826 343 4875 uerbum
358 4840 431 4875 curre
449 4841 496 4891 per
513 4824 557 4873 illo
575 4838 669 4890 genem
688 4832 712 4873 et
728 4824 845 4873 inuenies
862 4838 920 4872 ecoe
938 4824 996 4889 lego
1011 4821 1096 4873 ABG
1163 4824 1198 4875 29
1215 4824 1345 4891 passiuum
1361 4831 1399 4873 εει

117 4898 144 4940 ει
162 4898 236 4944 umen
253 4897 353 4963 agentis
372 4896 423 4946 BG
492 4892 526 4946 30
544 4908 618 4945 curro
637 4894 749 4945 neutrale
767 4894 872 4944 uerbum
891 4899 930 4944 est
948 4900 973 4943 et
991 4892 1093 4961 agentia
1111 4892 1197 4945 ABG
