3350 5442
290 353 353 420 298
860 366 1012 428 POMPEI!

316 481 337 522 p.
351 469 437 508 als-51
453 467 474 508 L.

291 553 370 612 enim
398 551 598 631 diphthongus
627 562 671 614 εει
697 555 733 614 al.
779 557 822 616 sic
850 555 1001 626 dicebaut,
1037 553 1122 616 aulai.
1168 575 1239 634 ergo
1266 556 1363 618 scribe
1397 576 1517 636 graece,
1550 570 1575 620 et

291 653 370 715 vides
393 656 531 733 quoniam
546 641 807 737 poteris'invenire
822 651 903 718 illam
919 658 1079 720 diaeresin:
1103 658 1194 730 aulai,
1217 658 1297 720 solve
1319 679 1335 720 a
1358 667 1388 720 et
1410 661 1436 728 i,
1460 668 1489 721 et
1510 661 1575 720 lacis

289 756 437 819 diaeresin
461 764 491 819 et
511 760 626 821 invenis
649 759 740 829 aulai3
764 759 927 822 secundum
949 762 1043 840 ipsam
1066 761 1314 823 consuetudinem
1336 760 1498 823 solverunt.
1538 764 1576 822 sic

290 867 319 920 et
340 859 442 921 hlusai.
487 877 558 940 ergo
581 863 636 922 ista
660 869 703 922 est
725 862 882 932 diaeresis,
907 865 1044 943 quotiens
1065 881 1125 924 una
1148 862 1259 943 syllaba
1282 865 1313 924 in
1337 863 1411 924 duas
1433 863 1573 924 dividitur.

288 964 454 1042 synaeresis
476 970 535 1034 est,
560 966 697 1042 quotiens
712 964 788 1026 duae
809 964 938 1044 syllabae
959 967 991 1027 in
1014 985 1102 1027 unam
1125 966 1355 1036 contrahuntur,
1378 974 1411 1026 ut
1433 973 1478 1026 est
1498 965 1596 1036 illuds

289 1065 440 1128 ‘fixerit
469 1067 680 1146 aeripedem
710 1070 872 1128 cervam’
899 1087 954 1148 pro
984 1088 1019 1130 eo
1047 1068 1126 1149 quod
1150 1078 1194 1129 est
1216 1068 1395 1148 aeripedem.
1427 1067 1503 1129 duae
1524 1068 1575 1147 syl·

289 1166 373 1228 labae
394 1171 426 1228 in
453 1186 542 1230 unam
572 1175 741 1231 concoctae
764 1178 847 1240 sunt,
878 1178 910 1231 ut
932 1177 976 1231 est
1003 1170 1167 1234 Phaeton
1189 1170 1276 1231 Neri
1297 1189 1353 1251 pro
1375 1189 1412 1232 eo
1434 1169 1514 1250 quod
1536 1181 1576 1232 est

288 1269 419 1332 Phthion
443 1269 540 1332 Nerei.

373 1373 449 1435 Sunt
475 1375 546 1434 item
570 1373 618 1434 alii
641 1373 699 1435 duo
722 1365 906 1458 metaplasmi
928 1377 1008 1436 inter·
1029 1395 1062 1436 se
1084 1377 1239 1445 contrarii,
1271 1352 1476 1455 ecthlipsisct
1496 1395 1576 1455 syna-

288 1476 376 1555 liphe.
422 1477 577 1555 magnillus
605 1475 721 1538 locutus
749 1486 808 1548 est,
838 1498 898 1539 non
926 1480 1043 1548 stricte,
1080 1496 1139 1540 non
1166 1478 1249 1558 quasi
1276 1479 1500 1557 grammaticus,
1529 1478 1577 1538 sed
1590 1497 1609 1532 ιι

288 1577 383 1641 soluta
406 1581 540 1640 oratione
563 1586 592 1640 et
614 1579 748 1642 alssuenti
776 1581 869 1644 voluit
896 1583 1064 1660 exprimere
1091 1599 1156 1641 rem
1179 1579 1385 1641 difficiliorem.
1430 1580 1578 1660 ecthlipsis

288 1690 333 1743 est
355 1695 374 1733 ιι
401 1683 538 1762 quotiens
560 1681 669 1745 vocalis
691 1683 822 1744 vocalem
851 1665 989 1744 excludit.
1034 1690 1066 1744 ut
1093 1689 1165 1762 puta
1193 1685 1218 1744 si
1245 1681 1354 1744 vocalis
1377 1682 1511 1744 vocalem
1532 1703 1577 1744 ex·

287 1785 401 1855 cludat,
424 1784 577 1866 synaliphe
600 1795 659 1856 est,
682 1795 715 1847 ut

439 1886 505 1949 ille
528 1906 609 1968 ego,
634 1890 695 1969 qui
718 1888 901 1974 quondam
922 1888 1059 1966 gracili
1081 1887 1293 1949 modulatus
1315 1906 1439 1950 avena.

288 1986 293 2073 Ι
316 1988 367 2051 illc
390 2007 459 2068 ego,
488 2011 504 2050 ε
528 1998 557 2050 ει
579 2009 595 2051 ε
617 1991 692 2052 duae
715 1993 788 2052 istae
812 1989 927 2052 vocales
947 1999 1030 2060 sunt,
1061 1988 1154 2051 altera
1178 1998 1276 2051 tamen
1299 1990 1423 2052 alteram
1446 1978 1577 2061 exclusit,
1591 2010 1609 2043 o

287 2099 317 2154 et
338 2111 398 2154 non
420 2092 492 2152 lecit
512 2091 563 2154 ille
586 2111 656 2172 ego,
683 2093 735 2154 sed
753 2095 828 2154 lecit
855 2093 954 2173 illego.
995 2092 1109 2182 ⁴dicitur
1131 2091 1283 2172 synaliphe
1306 2092 1430 2154 duarum
1454 2111 1578 2154 concur·

286 2196 416 2256 rentium
439 2192 582 2256 vocalium
605 2194 719 2258 lubrica
742 2196 876 2276 lenisque
898 2195 1036 2265 conlisio,
1066 2195 1203 2275 quotiens
1225 2194 1301 2256 duae
1322 2202 1393 2255 suut
1413 2193 1533 2255 vocales
1554 2203 1581 2254 ει

288 2296 449 2357 excludunt
475 2315 507 2358 se
534 2296 643 2359 leniter
671 2305 700 2360 ει
727 2296 851 2359 lubrice.
898 2297 971 2358 haec
1000 2297 1153 2378 synaliphe
1182 2303 1235 2356 est.
1280 2295 1330 2356 illa
1356 2315 1427 2357 vero
1456 2315 1518 2358 non
1546 2297 1580 2356 de

287 2397 438 2460 vocalihus
461 2401 506 2472 lit,
529 2399 582 2461 sed
605 2399 643 2462 de
666 2397 906 2461 consonantibus.
937 2418 1001 2474 ,non
1024 2401 1103 2460 enim
1126 2407 1195 2460 ante
1216 2406 1315 2478 potest
1336 2397 1454 2459 excludi
1477 2417 1579 2460 conso-

287 2518 378 2572 nans,
401 2503 459 2562 nisi
484 2504 596 2582 pariter
618 2504 656 2564 sit
679 2503 800 2570 vocalis,
829 2521 905 2582 quae
928 2501 1066 2563 excludat
1086 2520 1117 2562 m
1139 2500 1276 2562 litteram.
1322 2509 1357 2562 ιιι
1387 2507 1458 2580 puta
1486 2501 1612 2561 homi-ss

286 2622 355 2664 nem
378 2605 520 2666 amicum:
549 2605 600 2666 uhi
628 2605 784 2666 sustuleris
813 2607 1052 2687 myotacismum,
1084 2603 1249 2665 excluditur
1279 2601 1398 2664 vocalis.
1444 2622 1517 2664 num
1539 2605 1580 2663 vis

286 2707 382 2768 sciret
404 2709 543 2787 quotiens
558 2708 742 2787 myotacismi
758 2710 834 2770 ratio
851 2717 909 2779 est,
934 2716 967 2770 ut
983 2706 1155 2768 excludatur
1178 2706 1404 2787 myotacismus,
1428 2714 1459 2766 et
1473 2704 1581 2768 vocalis
1603 2772 1613 2795 ⁸

287 2808 460 2870 excluditur.
489 2808 606 2870 exclusa
622 2816 668 2869 est
682 2827 864 2880 consonans,
887 2828 926 2871 ne
941 2812 979 2871 sit
992 2811 1215 2890 myotacismus:
1239 2827 1307 2870 cum
1331 2807 1470 2870 exclusus
1493 2810 1582 2870 luerit

287 2913 507 2992 myotacismus,
537 2913 643 2991 incipit
668 2911 777 2973 vocalis
794 2911 937 2982 excludi,
967 2931 1005 2974 ne
1026 2913 1066 2973 sit
1086 2911 1192 2972 hiatus.
1236 2929 1357 2972 ιιεεεεεε
1379 2918 1425 2972 εει
1447 2930 1522 2991 ergo
1543 2914 1581 2972 ita

286 3013 403 3084 uthai,
431 3019 463 3074 ut
490 3032 519 3075 m
547 3012 685 3074 excludas
717 3023 840 3094 propter
869 3016 984 3084 vitium,
1012 3012 1144 3074 vocalem
1173 3012 1313 3074 excludas
1340 3022 1464 3093 propter
1498 3013 1614 3075 illames

284 3115 422 3176 litteram.
467 3117 594 3176 sienim
617 3134 676 3176 non
700 3115 818 3195 exclusa
846 3118 950 3186 luerit,
978 3117 1083 3196 incipit
1106 3116 1205 3178 hiatus
1229 3135 1302 3177 esse.
1348 3133 1420 3194 ergo
1443 3115 1504 3177 tale
1526 3119 1582 3177 erit

284 3215 372 3287 illud,
402 3215 544 3289 ‘multillc
567 3225 597 3279 ει
617 3220 740 3280 terris’:
770 3219 809 3278 ita
839 3218 983 3280 scandere
1014 3218 1115 3279 hahes
1162 3237 1231 3280 ecce
1259 3235 1335 3298 (puae
1363 3225 1523 3278 causaest
1550 3226 1582 3278 ut

285 3326 483 3401 portantum
506 3339 545 3390 m,
568 3320 620 3382 sed
644 3328 674 3381 et
694 3339 716 3382 ιι
738 3319 892 3389 excludas,
916 3337 991 3399 quae
1014 3339 1033 3381 ιι
1055 3338 1121 3381 cum
1146 3340 1175 3382 m
1197 3320 1296 3381 littera
1318 3327 1372 3390 est,
1397 3327 1426 3379 et
1447 3318 1579 3400 appella·

285 3430 332 3482 tur
355 3421 519 3502 ecthlipsis,
549 3421 578 3482 id
609 3429 654 3483 est
680 3423 906 3484 consonantium
935 3406 1040 3502 aspere
1067 3441 1134 3484 cum
1158 3421 1307 3484 vocalibus
1335 3425 1580 3484 concurrentium

285 3523 358 3584 dura
381 3523 567 3602 difficilisque
590 3523 722 3587 conlisio.
1462 3573 1467 3582 .
1591 3548 1614 3586 ao

370 3627 445 3688 Sunt
472 3626 521 3688 alii
549 3626 607 3687 duo
635 3629 794 3698 contrarii,
824 3626 979 3688 antithesis
1001 3634 1031 3688 et
1052 3624 1241 3706 metathepis.
1286 3625 1443 3687 antithesis
1464 3635 1512 3688 est
1532 3627 1580 3688 lit·

283 3737 366 3790 terae
392 3748 448 3809 pro
470 3728 568 3790 littera
590 3730 707 3810 positio.
752 3729 809 3790 hoc
836 3730 867 3790 in
895 3728 995 3790 latinis
1023 3727 1206 3810 [antithesis]
1237 3729 1267 3788 in
1299 3726 1492 3808 metaplasmo
1520 3747 1579 3790 non

284 3832 399 3892 invenis
428 3828 474 3912 [in
501 3828 623 3913 latino],
653 3831 706 3892 sed
735 3832 849 3892 invenis
877 3833 908 3891 in
937 3838 1052 3892 ornatu.
1097 3830 1155 3892 hoc
1182 3838 1227 3892 est
1254 3833 1333 3892 enim
1356 3830 1435 3910 apud
1457 3831 1581 3892 Latinos

284 3933 349 4005 olli,
379 3933 458 4014 quod
487 3941 532 3994 εει
557 3931 609 3996 illi.
655 3932 781 4012 etquid
811 3933 883 3994 mihi
905 3933 1050 4014 praestat?
1088 3933 1170 3995 nihil.
1216 3951 1285 3994 nam
1306 3933 1368 3994 sive
1390 3931 1495 3994 dixero
1518 3932 1580 4003 elli,

285 4089 588 4099 ——.--—-——.——-

355 4175 368 4225 1
393 4174 514 4224 dicebant
535 4173 594 4224 aula
606 4210 614 4224 .
626 4174 654 4226 i.
673 4173 699 4222 P
721 4172 839 4222 dicebant
862 4115 929 4236 aulici
946 4172 972 4221 B
988 4171 1107 4222 dicebant
1126 4172 1187 4222 allai
1207 4173 1229 4222 C
1250 4171 1368 4222 dicebant
1384 4172 1427 4221 alli
1446 4173 1471 4221 ai
1489 4175 1511 4224 S

283 4245 343 4297 det
362 4243 463 4294 iuuenis
480 4244 577 4294 BPet
596 4244 711 4293 inuenies
730 4241 773 4291 CS
841 4239 937 4308 ipsam]
957 4242 1064 4292 illamO
1131 4239 1262 4308 illiserit]
1289 4243 1368 4306 Verp.
1389 4242 1455 4292 Aea.
1473 4243 1508 4291 Vl
1527 4243 1579 4293 803

353 4316 369 4363 7
394 4324 422 4365 ut
446 4323 484 4365 est
505 4313 615 4381 phaeton
640 4313 747 4378 (phetou
764 4311 795 4376 S)
821 4312 874 4362 neri
900 4328 947 4377 pro
972 4328 1001 4361 eo
1026 4313 1093 4373 qnod
1113 4320 1151 4363 est
1168 4311 1279 4379 phaeton
1297 4309 1406 4376 (phetou
1428 4311 1489 4375 OS)
1508 4313 1579 4360 nerei

284 4384 359 4436 Bes
376 4393 402 4435 ut
415 4383 526 4451 phaeton
545 4385 614 4434 nerei
632 4399 679 4449 pro
698 4382 794 4448 pheton
813 4384 882 4432 nerei
898 4383 934 4431 P:
952 4383 987 4445 cs.
1000 4382 1094 4436 Donat.
1109 4397 1137 4445 p,
1153 4381 1213 4442 396,
1230 4382 1262 4432 21
1333 4383 1351 4433 9
1364 4381 1505 4448 ecthlypsis
1518 4397 1579 4435 eorr-

283 4456 419 4508 sttmter'O
436 4455 547 4520 eclypsis
566 4453 593 4504 B
664 4455 694 4506 ll
719 4453 824 4517 eclipsis
843 4461 882 4502 est
904 4453 1021 4515 quotiens
1039 4453 1135 4502 uocalis
1151 4451 1265 4501 uocalem
1285 4449 1400 4501 excludit
1417 4463 1446 4500 ut
1462 4452 1505 4501 illa
1529 4467 1579 4518 ego

284 4527 322 4578 P:
340 4525 470 4590 ecthlipsis
489 4535 527 4575 est
546 4525 663 4588 quotiens
681 4524 775 4573 vocalis
795 4531 976 4573 consonantem
1000 4522 1111 4573 excludit
1131 4523 1325 4577 Lindemanmrs.
1361 4529 1420 4571 ante
1437 4522 1580 4573 ederim-em

182 4588 187 4599 ’
283 4593 432 4660 spaciipltae
453 4605 477 4646 et
495 4595 620 4659 ecthlipsis
644 4595 825 4660 expositionem
849 4594 933 4644 brevia
952 4595 1083 4658 utriusque
1104 4594 1261 4656 metaplasmi
1283 4593 1396 4657 definitio
1412 4593 1525 4655 excidit,
1543 4609 1580 4643 ex

284 4681 334 4731 qua
348 4665 409 4717 haec
427 4681 491 4731 puae
508 4668 545 4718 ad
555 4663 714 4732 synalepham
733 4666 874 4727 pertinent,
893 4665 1010 4727 qtvotiens
1029 4663 1123 4713 vocalis
1143 4663 1257 4714 vocalem
1273 4663 1393 4728 excludit,
1411 4665 1502 4714 relicta
1520 4671 1581 4713 aaut

356 4736 387 4786 17
406 4737 522 4800 quotiens
540 4737 606 4786 duae
624 4735 726 4786 uocales
745 4735 917 4784 excluduntG
969 4734 1001 4784 al
1021 4733 1065 4783 ubl
1083 4735 1170 4783 tuleris
1190 4731 1299 4783 BGSP
1349 4735 1543 4783 moetacismum
1559 4733 1580 4781 S

285 4807 491 4855 moeotacismnm
503 4807 529 4856 B
544 4807 735 4855 meotacismum
748 4805 777 4862 (l,
794 4808 853 4855 item
870 4813 960 4868 postea
1010 4801 1082 4870 num]
1105 4817 1163 4852 narn
1182 4801 1271 4854 BOS:
1289 4817 1346 4852 nam
1366 4805 1482 4867 quotiens
1501 4803 1527 4851 P

284 4875 319 4928 26
335 4889 396 4942 ergo
414 4883 438 4924 et
452 4875 541 4925 taleO
608 4875 642 4925 28
662 4890 710 4924 non
729 4883 825 4924 tantum
845 4891 868 4924 m
888 4889 964 4938 quam
978 4882 1003 4922 et
1017 4876 1056 4939 (et
1071 4889 1119 4924 cm.
1135 4874 1166 4937 C)
1186 4889 1203 4922 u
1218 4871 1322 4924 BOSP
