3350 5442
399 430 407 445 ,
446 370 647 431 succurra
668 354 872 431 noaruusm
893 364 1030 429 ιιι-ιι
1317 363 1380 427 643

1187 478 1209 528 p.
1225 476 1313 517 raa-so
1326 474 1354 515 v.

82 560 169 618 verit
190 557 397 646 procellarum.
427 578 513 619 omne
537 560 698 638 optativum
721 576 863 637 praesens
886 557 1236 637 diemque·inportunum
1252 559 1380 617 activum

82 662 209 732 iurem
232 658 373 739 syllabam
397 661 506 722 desinit
528 660 621 721 vocali
642 661 860 738 coniugationis
883 678 953 721 suae
976 659 1182 727 antecedente,
1214 667 1245 718 ut
1267 661 1379 718 utinam

83 779 223 822 amarem
247 748 399 822 monerem
422 762 558 824 audirem
578 764 718 841 legerem.
755 764 841 822 cuius
863 780 892 822 m
915 761 1013 821 littera
1036 762 1066 821 in
1090 781 1104 820 s
1127 768 1304 821 commutata
1327 779 1380 821 na-

82 864 355 957 scitursecunda,
378 864 540 944 eademque
564 867 594 925 in
617 872 630 924 t
651 872 796 927 conversa
814 866 848 925 fvt
869 864 974 933 tertia,
992 880 1122 937 amarem
1138 861 1253 923 amares
1268 868 1381 923 amaret
1434 902 1437 909 ·

49 983 66 1021 5
95 973 130 1024 et
153 966 276 1045 reliqua.
309 968 405 1046 prima
427 966 550 1046 pluralis
571 984 608 1026 ex
630 968 726 1045 prima
747 968 880 1027 nascitur
900 964 1042 1042 singulari
1066 965 1180 1025 adiecta
1202 982 1238 1025 us
1259 962 1378 1043 syllaba,

82 1075 123 1125 ut
146 1085 276 1128 amarem
298 1086 466 1129 amaremus
487 1074 518 1127 et
539 1066 664 1148 reliqua.
708 1067 838 1129 secunda
867 1066 990 1146 pluralis
1019 1085 1054 1129 ex
1081 1068 1177 1145 prima
1200 1068 1250 1127 liet
1272 1064 1379 1145 plurali

82 1187 156 1229 nius
178 1168 281 1229 ultima
310 1171 341 1229 in
369 1170 406 1229 tis
433 1170 575 1249 syllabam
602 1188 759 1239 conversa,
788 1176 822 1231 ut
850 1186 1017 1229 amaremus
1040 1171 1180 1255 amaretis
1203 1166 1378 1247 etreliqua.

83 1272 178 1331 tertia
200 1270 324 1350 pluralis
346 1290 382 1331 cx
404 1272 491 1333 tertia
513 1274 646 1332 nascitur
673 1273 816 1350 singulari
839 1291 859 1331 n
882 1271 981 1331 littera
1005 1278 1073 1330 aute
1095 1278 1108 1329 t
1129 1269 1262 1331 ultimam
1286 1272 1378 1330 inter-

84 1356 338 1451 posita,⁴amaret
358 1382 500 1434 amarent.
526 1371 529 1454 l
555 1393 641 1434 omne
657 1377 820 1453 optativum
834 1374 1032 1453 praeteritum
1055 1373 1219 1451 perlectum
1242 1372 1379 1452 idemque

38 1498 68 1532 10
85 1474 417 1553 plusquamperfectum
444 1494 480 1535 ex
503 1478 664 1556 praeterito
692 1477 825 1556 perlecto
848 1474 1008 1536 indicativo
1030 1483 1148 1535 creatur
1170 1474 1291 1533 ultimae
1315 1475 1380 1533 eius

84 1575 220 1664 syllabae
242 1592 256 1634 s
277 1576 376 1637 littera
398 1577 513 1638 adiecta
535 1586 565 1638 et
587 1578 685 1638 addita
708 1598 770 1639 sem
792 1576 920 1657 syllaba,
944 1579 1039 1637 amavi
1067 1578 1255 1646 amavissem,
1278 1577 1380 1636 uvonui

85 1680 286 1747 monuissem,
311 1678 410 1739 audivi
432 1679 625 1750 audivissem,
656 1681 715 1758 legi
743 1681 891 1759 legissem.
936 1678 987 1738 sed
1011 1678 1188 1757 aliquotiens
1211 1679 1236 1737 vi
1260 1697 1295 1737 ex
1319 1696 1379 1737 me·

69 1780 139 1838 -dio
161 1780 327 1859 intercepta
355 1782 559 1842 contrahimus
581 1781 724 1861 syllabas,
752 1791 785 1843 ut
807 1782 940 1843 dicamus
963 1798 1105 1841 avrvassem
1128 1780 1287 1841 audissem.
1333 1799 1379 1840 re·

85 1881 191 1941 siduas
221 1900 364 1962 personas
391 1884 422 1943 in
445 1891 571 1964 utroque
593 1903 717 1944 numero
745 1884 780 1945 ad
804 1884 1030 1944 similitudinem
1053 1884 1216 1961 superioris
1239 1884 1380 1960 temporis

42 2006 70 2044 ιτ
86 1986 262 2059 liguramus.
307 2002 394 2044 omne
422 1988 585 2065 optativum
613 1988 747 2047 laturum
774 1989 902 2047 activum
936 2003 972 2046 ex
1004 1986 1103 2065 primo
1137 1984 1265 2045 themate
1294 1982 1379 2043 verbi

84 2087 238 2153 nascitur,
262 2086 293 2144 in
315 2088 410 2165 prima
434 2087 554 2168 quidem
577 2091 784 2167 coniugatione
812 2108 830 2148 o
857 2088 1018 2147 novissimo
1040 2086 1071 2148 in
1094 2106 1140 2146 em
1164 2084 1320 2165 syllabam,
1348 2088 1380 2144 in

85 2188 201 2247 ceteris
224 2194 322 2246 autem
345 2190 375 2247 in
399 2208 446 2249 am
468 2209 621 2261 converso,
651 2199 684 2253 ut
705 2209 771 2252 amo
794 2208 900 2259 amem,
924 2207 1030 2249 moneo
1052 2206 1197 2258 moneam,
1221 2174 1307 2248 audio
1329 2204 1379 2246 au·

85 2288 186 2357 diam,
214 2287 281 2365 lego
309 2288 415 2367 legam.
459 2269 596 2354 residuae
623 2312 768 2373 personae
797 2293 831 2353 ad
862 2290 1086 2375 similitudinem
1109 2292 1298 2369 superiorum
1319 2290 1379 2348 lor-

85 2396 218 2450 mantur.
264 2394 363 2452 omnia
391 2396 520 2473 optativa
547 2398 663 2475 passiva
685 2403 813 2472 praeter
841 2395 1036 2473 praeteritum
1057 2392 1226 2471 perlectum
1248 2400 1278 2451 et
1299 2390 1379 2470 plus-

43 2517 71 2554 ιιι
85 2494 348 2574 quamperlectum
370 2514 405 2555 ex
429 2498 533 2557 activis
555 2500 633 2567 suis,
664 2499 742 2558 sicut
768 2499 800 2557 in
827 2492 1090 2575 praecedentibus,
1122 2491 1328 2553 formabuntur
1352 2510 1380 2551 m

87 2600 121 2657 in
146 2616 162 2657 r
184 2603 362 2657 commutata
384 2596 568 2679 reliquisque
591 2598 647 2659 sub
670 2600 774 2660 eadem
795 2592 1002 2659 observatione
1026 2596 1158 2657 dellexis.
1181 2593 1185 2679 Ι

175 2697 217 2758 lle
240 2700 430 2759 coniunctivo
452 2701 549 2761 modo.
599 2704 786 2762 coniunctiva
808 2701 982 2761 Latinorum
1005 2698 1128 2759 eandem
1151 2696 1228 2778 apud
1252 2696 1380 2757 Graecos
1398 2701 1455 2758 619,
1466 2702 1495 2748 21

86 2800 202 2861 habent
223 2818 343 2861 causam
365 2802 499 2863 vocabuli
521 2810 605 2864 etex
629 2822 687 2863 una
709 2804 871 2882 eademque
887 2804 1003 2879 origine
1024 2806 1190 2862 traxerunt.
1221 2817 1278 2860 non
1302 2800 1381 2859 euim

87 2903 161 2962 lvvvic
183 2901 278 2971 niodo,
303 2910 336 2963 ut
358 2905 481 2974 ceteris
506 2925 542 2965 ex
565 2906 732 2975 intellectu,
756 2906 808 2966 sed
824 2922 860 2965 ex
884 2904 946 2965 solo
969 2903 1116 2963 accidenti
1139 2889 1246 2961 nomen
1269 2908 1314 2960 est
1336 2902 1380 2959 in-

45 3028 72 3064 es
87 3004 196 3063 ditum.
241 3005 320 3082 siqui
350 3005 423 3066 dicit
450 3007 532 3084 lego,
560 3007 635 3069 nihil
663 3006 786 3068 dubivvm
815 3006 957 3085 relinquit
987 3006 1059 3085 quin
1081 3004 1181 3081 legere
1205 3021 1236 3063 se
1259 3002 1381 3071 indicet,

87 3106 159 3165 ideo
182 3104 360 3165 indicativus
382 3108 562 3187 appellatur;
585 3112 636 3188 qui
659 3110 732 3170 dicit
753 3110 831 3187 lege,
857 3117 959 3187 aperte
982 3107 1053 3187 quid
1076 3108 1126 3166 tiat
1147 3108 1288 3184 imperat,
1312 3103 1382 3163 inde

88 3208 301 3286 imperativus;
331 3210 444 3270 utinam
473 3209 567 3289 legam
596 3230 672 3272 cum,
691 3211 814 3280 dicitur,
843 3218 963 3289 optatur
991 3209 1069 3289 quod
1097 3209 1162 3268 lieri
1185 3205 1382 3273 desideratur,

87 3318 120 3369 et
143 3310 292 3388 optativus
319 3318 456 3382 vocatur;
485 3311 600 3390 legere,
615 3315 692 3393 quia
715 3313 828 3374 nullum
850 3314 942 3373 animi
966 3312 1069 3373 delinit
1091 3310 1244 3377 allectum,
1273 3309 1380 3368 infiniti

87 3429 197 3470 nomen
226 3414 351 3490 accepit.
396 3414 422 3472 si
451 3432 520 3474 vero
549 3415 653 3474 vlixero
680 3434 747 3476 cum
775 3414 873 3492 legam
900 3433 968 3474 cum
997 3414 1123 3490 legerim
1151 3429 1217 3470 cum
1246 3409 1382 3487 legissem

47 3532 73 3574 ιο
88 3531 159 3573 cum
189 3512 304 3589 legero,
333 3515 456 3575 ostendo
483 3512 595 3576 nullum
625 3524 741 3596 tempus
770 3516 849 3576 modi
877 3518 963 3576 istius
991 3516 1049 3575 nisi
1079 3515 1269 3573 coniunctum
1299 3511 1382 3571 alteri

88 3616 169 3693 parti
192 3617 337 3676 orationis
359 3635 446 3696 posse
470 3619 610 3696 proferri.
641 3618 709 3678 ideo
732 3636 790 3678 non
814 3635 976 3685 exsensu,
1001 3618 1051 3697 qui
1075 3615 1171 3675 adbuc
1195 3613 1304 3673 dubius
1327 3622 1381 3681 est,

87 3716 141 3775 sed
171 3716 209 3775 eu
237 3713 297 3777 sola
325 3709 533 3779 coniunctione
562 3737 637 3798 quae
667 3722 694 3779 ei
723 3719 833 3780 accidit
860 3720 1066 3779 coniunctivus
1094 3716 1198 3777 modus
1220 3715 1384 3795 appellatus

88 3825 146 3878 ost.
178 3818 255 3878 unde
278 3827 307 3879 et
330 3820 436 3880 Graeci
458 3812 684 3881 ὑποτακτικὸν
706 3813 821 3881 διὰτὸ
843 3813 1070 3899 ὑποτετάχθαι
1092 3824 1282 3888 vocaverunt,
1305 3816 1382 3897 quod

88 3937 214 3980 necesse
237 3928 282 3980 cst
302 3921 345 3981 illi
368 3924 532 4001 praemisso
554 3923 666 4003 aliquid
689 3921 791 3992 subdi,
817 3933 849 3983 ut
871 3941 976 3983 sensus
998 3924 1116 4000 integer
1136 3922 1188 3981 liat
1203 3927 1234 3980 et
1255 3920 1382 3999 planior,

48 4047 74 4084 as
243 4041 322 4083 cum
344 4025 476 4085 laciam
498 4026 617 4086 vitula
639 4044 707 4105 pro
729 4023 923 4101 frugibus,
947 4026 1027 4103 ip'se
1051 4026 1189 4084 venito.

87 4122 207 4184 notabis
233 4126 265 4183 in
293 4125 349 4185 lvoc
377 4126 464 4186 ruodo
491 4127 569 4207 quod
598 4146 657 4187 non
684 4145 767 4187 more
790 4126 971 4187 Graecorum
1000 4128 1124 4186 iunctim
1154 4124 1223 4186 bina
1246 4132 1380 4202 tempora

88 4226 264 4294 deilectunt,
294 4227 345 4287 sed
374 4228 489 4306 singula
518 4232 695 4308 separatim,
724 4247 792 4288 cum
820 4231 851 4287 in
880 4230 1011 4307 optativo
1038 4235 1140 4287 eontra
1164 4245 1252 4305 quam
1275 4226 1381 4285 Graeci

88 4326 173 4396 bina,
206 4346 265 4387 non
293 4327 409 4406 singula
438 4330 599 4406 declinent.
643 4339 713 4391 sunt
734 4338 833 4391 autem
856 4331 959 4390 eadem
981 4348 1057 4409 quae
1080 4332 1110 4389 in
1133 4328 1263 4406 optativo
1286 4333 1314 4385 et
1337 4328 1382 4385 in-

88 4447 180 4507 super
209 4432 407 4508 praeteritum
434 4434 601 4511 perlectum
629 4441 659 4493 et
687 4435 820 4493 iuturunv
843 4430 899 4493 svvb
922 4431 1038 4491 diversa
1060 4432 1218 4498 finalitate,
1242 4446 1385 4508 praesens

55 4558 79 4595 ιιι
94 4530 233 4611 idemque
259 4533 395 4593 futurum
423 4536 585 4613 optativum
615 4553 682 4594 cum
712 4534 822 4613 legam,
856 4534 1053 4613 praeteritum
1085 4532 1285 4612 inperfectum
1318 4548 1385 4590 cum

20 4747 24 4762 ·
157 4720 341 4769 loconessam
364 4736 431 4772 corr.
451 4735 494 4769 so
511 4720 537 4769 B
606 4723 638 4772 18
655 4722 756 4770 residue
773 4722 799 4770 B
869 4721 900 4770 19
918 4730 1019 4785 praeter
1035 4736 1082 4772 om.
1100 4717 1139 4781 B,
1157 4720 1218 4769 add.
1238 4718 1319 4767 Ianus

89 4786 257 4838 23etom.B
325 4787 517 4850 25reliquidB
588 4788 723 4853 indigetB
790 4790 825 4838 29
842 4786 1007 4852 acceperitB
1076 4789 1109 4838 35
1126 4782 1195 4853 cum]
1215 4786 1385 4851 Vergbucoi.

89 4860 112 4914 3,
126 4857 158 4903 77
223 4856 256 4905 37
273 4855 387 4921 singulas
401 4859 534 4922 separatim
550 4856 575 4906 B
