3350 5442
423 354 617 416 ticenum
641 355 691 416 tx
713 353 828 416 cudat.
851 353 889 416 lN
912 355 997 417 uult.
1296 351 1360 416 325

463 558 519 632 Ex
544 560 666 634 codiee
691 559 860 634 Leidensi
891 561 960 632 122

151 697 264 758 Artium
293 697 399 758 Donati
426 695 502 757 liber
531 697 570 757 ita
599 715 616 756 a
641 694 792 776 plerisque
820 697 937 757 vitiatus
965 704 1011 757 est
1038 705 1067 756 et
1088 704 1260 775 corruptus,
1289 695 1359 757 dum

71 818 142 858 uirus
174 801 301 878 quisque
327 816 383 877 pro
411 797 494 859 libitu
522 816 577 858 suo
607 799 668 860 sive
696 817 732 858 ex
761 798 826 859 eliis
853 798 1023 860 auctoribus
1046 798 1123 878 quod
1148 799 1176 870 ei
1196 799 1290 858 visum
1314 804 1360 860 est

72 900 194 970 addidit,
218 902 279 961 sire
295 899 508 961 declinationes
524 907 574 962 aut
589 901 813 980 coniugationes
835 908 865 961 et
887 907 986 962 cetera
1008 898 1200 961 huiusmodi
1222 900 1358 968 inseruit,

47 1009 100 1062 sut
125 1003 182 1063 nisi
210 1004 241 1062 in
270 1004 400 1080 antiquis
427 1001 654 1064 codicibus·vir
683 1021 777 1082 purus
806 1009 834 1062 et
861 1003 992 1080 integer,
1015 1009 1048 1062 ut
1069 1002 1106 1062 ab
1128 1019 1163 1076 eo
1187 1008 1233 1062 est
1254 1001 1359 1072 editus,

70 1107 241 1185 reperiatur.
271 1103 350 1184 quod
372 1123 410 1164 ne
432 1123 487 1165 nos
509 1123 627 1185 quoque
650 1105 757 1166 iecisse
780 1102 946 1172 videamur,
970 1121 1026 1183 qua
1049 1121 1084 1164 ex
1106 1121 1197 1164 causa
1218 1121 1360 1182 praesens

70 1207 278 1284 digesserimus
306 1205 496 1286 opusculum,
530 1207 658 1269 breviter
687 1209 718 1268 in
747 1207 810 1267 eius
837 1204 966 1268 liminari
992 1205 1129 1284 paginola
1151 1205 1360 1285 exponendum

71 1328 131 1369 esse
154 1310 339 1370 censuimus,
385 1318 532 1371 noverunt
559 1326 663 1370 omncs
691 1310 742 1388 qui
770 1309 842 1368 artis
868 1307 959 1369 huius
990 1291 1166 1387 ampliorem
1188 1327 1277 1387 quam
1306 1327 1361 1368 nos

71 1411 222 1472 scientiam
251 1412 377 1472 assecuti
404 1421 473 1472 sunt
501 1411 579 1490 quod
608 1412 740 1491 priorem
768 1417 863 1471 artem
884 1409 1054 1490 praedictus
1076 1410 1234 1488 artigralus
1256 1408 1294 1469 ob
1316 1411 1361 1470 in-

40 1531 59 1570 u
72 1514 261 1573 structionem
282 1531 444 1593 puerorum
460 1512 516 1574 sub
531 1514 774 1590 interrogationis
797 1520 826 1572 et
847 1513 1051 1592 responsionis
1074 1513 1173 1591 specie
1196 1511 1361 1591 descripse-

72 1615 124 1684 rit,
147 1621 237 1694 prout
258 1614 370 1676 scilicet
393 1617 520 1694 ingeniis
535 1622 565 1676 et
579 1616 683 1677 studiis
698 1616 744 1676 sui
759 1615 902 1695 temporis
917 1613 1056 1676 sulficere
1078 1613 1225 1674 iudicavit.
1257 1632 1361 1674 verum

71 1719 134 1796 quia
157 1736 212 1778 nos
234 1719 388 1796 nostrique
410 1717 521 1778 similes
549 1716 623 1780 adeo
653 1716 771 1778 obtunsi
794 1735 898 1778 sumus
921 1724 949 1777 et
972 1715 1109 1786 hebetes,
1134 1724 1166 1776 ut
1186 1714 1362 1797 plerumque
1408 1721 1411 1726 “

74 1817 148 1894 quod
171 1818 350 1897 regulariter
365 1818 410 1880 vel
426 1822 612 1898 interrogare
633 1819 679 1880 vel
700 1817 886 1897 respondere
906 1820 1055 1898 possimus
1076 1819 1259 1896 ignoremus,
1276 1818 1362 1879 libel·

71 1919 125 1980 lum
148 1920 229 1982 lrunc
251 1923 331 1982 iuxta
354 1923 527 2002 parvitatem
549 1939 654 1983 sensus
677 1922 771 1982 nostri
792 1918 968 1998 collegimus
988 1920 1168 1982 acutioribus
1190 1920 1310 2001 quidem
1333 1928 1363 1982 ct

41 2039 60 2078 c
72 2021 271 2100 capacioribus
292 2023 415 2084 minime
438 2026 657 2094 necessarium,
681 2022 911 2102 simplicioribus
941 2041 1010 2084 vero
1034 2030 1063 2082 et
1085 2023 1183 2084 minus
1205 2024 1360 2102 promptis,

72 2131 210 2200 quantum
239 2125 455 2196 existimamus,
484 2125 595 2187 utilem.
641 2127 672 2186 in
695 2142 754 2203 quo
785 2131 814 2186 et
844 2125 979 2185 ordinem
1001 2125 1126 2204 praelati
1149 2125 1279 2203 artigrati
1303 2133 1362 2186 tam

74 2227 99 2284 iu
123 2226 337 2304 interrogando
359 2245 447 2306 quam
477 2229 508 2292 in
535 2225 743 2306 respondendo
765 2229 930 2297 tenuimus,
960 2234 990 2287 et
1010 2225 1201 2306 probationes
1223 2225 1364 2305 quasdam

72 2326 197 2404 parvulis
220 2336 250 2388 et
271 2327 480 2409 incipientibus
502 2331 683 2390 necessarias
704 2335 742 2389 'ex
765 2327 857 2391 latere
880 2325 1096 2408 copulavimus,
1120 2307 1150 2388 et
1172 2335 1272 2389 cetera
1287 2346 1363 2407 quae

73 2428 155 2490 buius
183 2430 264 2490 modi
291 2433 447 2492 instructio
477 2438 617 2510 expetere
639 2429 808 2500 videbatur,
838 2432 977 2510 quatinus
998 2428 1114 2509 parvuli
1139 2429 1234 2491 bonae
1257 2429 1363 2492 indolis

41 2530 105 2590 uad
126 2533 212 2593 istius
240 2533 311 2594 artis
339 2551 371 2593 se
400 2532 531 2594 studium
561 2532 749 2594 conterentes
778 2551 812 2593 ea
834 2531 872 2592 de
894 2532 1003 2610 quibus
1024 2533 1239 2608 interrogaturi
1262 2541 1363 2594 essent

74 2639 100 2694 et
119 2636 294 2713 responsuri
322 2635 378 2715 ipsi
405 2634 461 2696 sibi
490 2634 674 2714 aliquatenus
701 2633 827 2715 probare
857 2643 887 2695 et
914 2632 1070 2714 probando
1093 2633 1207 2695 facilius
1228 2637 1362 2696 invenire

73 2746 202 2814 possent,
232 2745 262 2797 et
288 2736 346 2798 boc
373 2737 456 2817 quasi
482 2736 553 2798 ludo
582 2737 735 2798 exercitati
764 2745 793 2798 et
821 2738 962 2798 exercitio
991 2736 1111 2798 excitati
1139 2735 1176 2796 ad
1197 2738 1311 2798 maiora
1333 2744 1363 2797 et

74 2836 202 2916 pleniora
225 2839 369 2919 capienda
391 2841 498 2901 tierent
518 2839 729 2920 promptiores.

456 3095 511 3170 Ex
537 3095 658 3170 codice
684 3095 893 3170 Larentino
920 3099 968 3168 24

42 3245 63 3283 2⁵
154 3231 214 3293 Sed
243 3230 375 3294 Valerius
404 3233 445 3294 ait
472 3232 719 3294 cousuetudinem
746 3232 930 3309 antiquitatis
959 3233 1046 3294 etiam
1074 3233 1181 3301 luisse,
1210 3242 1243 3293 ut
1269 3249 1364 3310 paene

116 3371 136 3376 ,-
153 3371 372 3378 ...ε-..μ--ι-

142 3439 153 3488 l
176 3437 265 3488 Codex
284 3437 417 3487 Leideaeis
434 3435 492 3488 bibl.
511 3436 580 3499 publ.
599 3435 648 3485 122
671 3449 739 3488 saec.
760 3433 800 3485 X:
818 3436 854 3494 cs.
869 3436 959 3500 praef.
976 3453 1081 3502 mamm.
1095 3454 1120 3492 a.
1134 3437 1168 3486 tv
1183 3452 1212 3500 p.
1227 3435 1323 3486 XXXI.
1340 3439 1363 3498 f.

75 3505 106 3556 tta
124 3507 222 3556 drtium
240 3505 328 3556 Donati
348 3507 411 3557 liber
432 3534 464 3542 —
484 3507 573 3555 tierent
590 3506 769 3572 promptiores.
791 3505 795 3572 Ι
816 3521 944 3557 cuuaautt
961 3521 1141 3556 enauuarrcas
1159 3522 1231 3558 anrrs
1252 3505 1257 3571 Ι
1278 3507 1364 3556 Partes

76 3577 192 3628 orationis
212 3585 273 3640 quot
291 3579 368 3627 suot?
387 3585 452 3626 ceto.
472 3577 555 3639 quae?
572 3591 663 3626 nomen
679 3589 817 3640 pronomen
837 3576 943 3625 uerbum
956 3577 1105 3627 aduerbium
1122 3577 1284 3645 participium
1303 3593 1363 3626 coo-

77 3648 164 3696 innctio
182 3648 340 3713 praepositio
363 3647 512 3699 interiectio.
542 3647 655 3696 Donatus
674 3661 739 3709 quae
758 3661 816 3710 pars
836 3646 958 3696 orationis
977 3649 1033 3696 est?
1055 3662 1155 3701 nomen.
1191 3663 1282 3697 nomen
1301 3649 1364 3710 quid

76 3728 110 3765 est
127 3719 200 3778 -f,
224 3718 273 3767 tor
292 3723 350 3766 sunt
369 3725 393 3766 et
412 3715 475 3766 aliae
495 3715 619 3780 plurimae
642 3716 846 3764 interiectionem
865 3715 1066 3780 significationes
1083 3733 1148 3781 quae
1167 3727 1250 3768 tamen
1271 3733 1304 3766 ex
1323 3717 1364 3766 bis

76 3797 188 3848 qrrattuor
207 3787 284 3836 ueluti
303 3786 455 3850 quibusdam
474 3788 694 3851 perturbationum
710 3785 822 3836 lontibus
840 3786 972 3835 dimanare
992 3795 1139 3837 noscuntur.
1177 3789 1365 3838 commentarios

77 3859 98 3906 in
115 3859 208 3908 liconti
225 3865 304 3907 artem
319 3860 436 3909 minorem

141 3945 172 3994 ll
187 3943 277 3994 Codes:
293 3945 452 3994 Larentinam
469 3945 503 3994 24
520 3942 572 4010 (L)
592 3957 660 3993 auec.
681 3942 731 3992 lX:
750 3943 785 4005 cs.
803 3943 890 4006 praef.
907 3958 1010 4008 mamm.
1030 3959 1054 3996 s.
1075 3943 1108 3993 lV
1125 3959 1154 4008 p.
1175 3943 1256 3992 xttx
1274 3945 1295 4004 s.
1314 3942 1365 3995 21*

77 4013 100 4060 ln
117 4015 215 4062 nomine
231 4023 333 4064 sanctae
353 4015 473 4065 trinitatis
492 4013 581 4078 incipit
599 4013 726 4076 expositio
741 4012 872 4062 latinitatis
888 4009 893 4079 Ι
909 4015 981 4063 tertie
1000 4012 1067 4078 incip
1082 4017 1164 4078 expos
1178 4016 1203 4063 iu
1219 4014 1313 4064 donato
1326 4014 1364 4076 tl)

78 4082 199 4146 litamine
217 4083 273 4134 lesu
293 4083 396 4143 christe,
414 4083 457 4147 qui
477 4099 523 4134 nos
536 4091 592 4132 octo
606 4094 663 4133 tuas
681 4083 813 4147 discipulis
832 4098 889 4132 cum
909 4085 960 4133 tuis
978 4083 1147 4133 beatitudines
1163 4085 1255 4134 docere
1272 4083 1364 4148 digna-

78 4163 114 4201 rus
131 4169 168 4213 es,
188 4153 310 4204 orationis
328 4155 437 4220 partium
456 4155 560 4204 totidem
577 4153 669 4203 Donati
687 4153 847 4219 grammatici
868 4151 930 4202 milri
949 4153 1081 4204 scientiam
1102 4154 1135 4203 ad
1153 4162 1211 4203 tuae
1230 4168 1364 4205 ornamen-

78 4231 123 4270 tum
143 4223 282 4290 sapientiae
304 4232 329 4273 et
349 4223 460 4289 proximi
479 4223 621 4290 proiectum
639 4223 732 4273 uolenti
750 4222 985 4287 expossltlunculee
1004 4239 1075 4272 meae
1094 4223 1213 4275 stillulam
1229 4223 1364 4273 infundere

79 4291 168 4356 gratiae
186 4303 244 4342 tuae
264 4307 310 4358 per
329 4294 448 4358 spiritum
468 4294 533 4343 scire
551 4293 582 4358 (l.
601 4293 729 4355 sanctum)
750 4301 848 4355 prestes
866 4320 897 4328 —
914 4293 936 4356 s.
952 4295 986 4342 42
1004 4292 1089 4342 nolitis
1111 4309 1204 4356 qnesso
1224 4302 1283 4360 post
1301 4308 1364 4355 quo·

80 4362 184 4412 rumdam
205 4364 365 4426 eloquentiae
386 4363 480 4412 eximia
498 4373 523 4413 et
547 4364 667 4414 scientiae
686 4363 790 4412 drmrina
812 4377 895 4410 meam
916 4363 1037 4412 stillulam
1056 4365 1081 4412 in
1101 4363 1190 4413 Donati
1211 4373 1277 4413 artes
1296 4364 1362 4413 deci·

79 4431 148 4480 diram
176 4433 269 4482 babere
298 4434 463 4499 contemptui.
500 4435 653 4498 quicumque
681 4433 748 4482 enlm
773 4431 874 4482 lectioni
894 4433 996 4484 deditus
1019 4431 1083 4481 haec
1107 4433 1196 4483 ecdem
1224 4434 1364 4497 eodemque

80 4503 158 4564 passui
181 4503 268 4552 sensui
289 4503 460 4552 intellexerint
481 4503 513 4570 (l.
533 4503 621 4552 eodem
646 4517 696 4564 quo
718 4504 792 4569 posui
811 4517 888 4552 sensu
908 4503 1086 4564 intellexerit),
1106 4503 1245 4568 quaerendi
1263 4503 1313 4554 alia
1332 4504 1365 4552 ad

80 4569 163 4621 Donati
180 4572 318 4622 editionem
335 4572 521 4638 explanandam
539 4573 697 4639 grammatici
716 4573 854 4622 secundam
874 4589 979 4623 securus
997 4581 1065 4622 esset
1077 4574 1103 4638 (i
1115 4576 1132 4622 l.
1144 4573 1214 4636 erit).
1235 4575 1286 4623 nisi
1299 4573 1365 4624 lorte

81 4649 134 4689 sunt
151 4643 252 4706 quidam
271 4644 418 4710 indigentes
432 4643 517 4705 corde,
533 4643 576 4705 qui
596 4643 667 4708 prius
681 4641 756 4692 linem
776 4645 844 4692 tritae
858 4644 990 4692 inueniunt
1002 4657 1077 4706 quam
1094 4645 1281 4707 qrraestionnm.
1301 4658 1365 4707 quo-

81 4725 131 4759 rnm
150 4727 212 4763 trans
232 4754 384 4769 ........
402 4714 445 4778 ait,
465 4727 511 4778 pro
529 4713 602 4763 datm
620 4712 722 4776 quando
741 4714 818 4779 incipi
837 4713 868 4776 (l.
889 4710 993 4778 incipio)
1012 4713 1077 4762 scire
1096 4723 1155 4762 tunc
1175 4714 1269 4779 incipio
1289 4713 1361 4767 mori.

81 4779 138 4828 linit.
153 4783 227 4833 Prius
242 4783 433 4848 fragmentum
448 4783 611 4847 praefatione
622 4785 790 4834 commentarii
802 4783 833 4832 de
845 4785 970 4834 latinitate
980 4785 1107 4844 petiturae
1124 4785 1212 4835 codice
1230 4784 1365 4845 descripsit

83 4849 201 4902 dlartinue
219 4853 356 4912 Hertaium
375 4856 480 4905 alterum
498 4854 588 4905 editum
606 4861 644 4904 est
665 4855 734 4904 anal.
752 4869 854 4919 pranrna
879 4851 988 4906 Vendat.
1003 4867 1032 4916 p.
1053 4854 1106 4904 stt
1181 4855 1215 4905 25
1233 4851 1361 4920 Valerius]
