3350 5442
604 367 841 431 cotnfflnrvu
1310 364 1371 431 173

1186 488 1207 530 p.
1222 476 1309 517 rvr-vc
1324 475 1346 517 c.

92 573 155 635 quae
183 556 240 616 nisi
268 573 323 636 per
351 554 480 615 dativum
507 574 608 616 casum
637 575 698 617 nou
724 575 881 634 possumus
909 556 1023 624 dicere,
1052 564 1084 617 ut
1109 556 1247 617 inimicus
1274 536 1402 617 malis(

91 676 141 718 non
162 675 281 736 possum
304 656 404 718 dicere
428 658 583 719 ‘inimicus
605 666 673 720 tuus
696 662 766 729 est',
790 659 842 720 sed
865 658 1021 719 ‘inimicus
1044 657 1098 719 tibi
1121 660 1192 720 est'.
1230 667 1300 719 sunt
1322 657 1372 719 ali-

90 779 139 840 qua
159 778 236 839 quae
257 761 456 821 accusativum
478 768 633 830 secuntur,
657 768 689 820 ut
704 779 811 821 exosus
827 760 919 821 bella:
943 762 986 821 sic
1002 761 1080 821 enirn
1096 760 1230 829 dicimus,
1253 763 1373 821 ‘exosus

88 861 158 922 illan
182 867 274 923 rem’.
305 862 439 924 similiter
462 869 491 923 et
512 864 665 941 praescius
686 863 799 932 lutura;
823 862 875 923 sed
897 864 1022 942 figurate
1045 864 1209 925 accusativo
1231 864 1370 941 iungitur,

68 965 234 1025 sboucstius
255 973 354 1026 autem
375 966 512 1044 genetivo
534 966 680 1044 iungitur,
703 966 857 1043 praescius
872 966 1037 1027 futurarum
1053 982 1162 1025 rerum.
1193 974 1261 1025 sunt
1276 963 1372 1045 aliqua

88 1084 153 1147 quae
180 1065 340 1127 ablativum
368 1084 469 1129 casum
495 1077 651 1137 secuntur,
679 1073 711 1127 ut
739 1067 887 1128 secundus
916 1088 933 1129 a
954 1066 1095 1137 Romulo,
1120 1066 1194 1127 alter
1216 1066 1253 1127 ab
1276 1065 1369 1145 Sylla:

87 1172 229 1230 istasunt
257 1188 332 1248 quae
361 1167 519 1231 ablativum
547 1175 697 1231 secuntur.
742 1186 814 1249 ergo
836 1188 897 1231 non
926 1188 1086 1249 possumus
1114 1169 1213 1229 dicere
1236 1167 1304 1229 ‘illc
1325 1186 1372 1229 se·

88 1270 196 1332 condus
217 1269 272 1331 tibi
295 1275 366 1341 est',
389 1271 442 1333 sed
463 1271 531 1333 ‘ille
552 1271 702 1334 sccundus
723 1290 740 1333 a
761 1280 791 1332 te
813 1276 885 1333 est'.
928 1274 982 1335 ista
1006 1289 1077 1351 ergo
1100 1280 1169 1332 sunt
1195 1290 1270 1351 quae
1291 1269 1371 1331 abla-

88 1376 169 1435 tivum
198 1381 355 1444 secuntur,
385 1374 535 1435 sccundus
563 1392 579 1435 a
607 1373 748 1444 Romulo,
777 1372 853 1434 alter
870 1373 918 1434 ab
947 1373 1032 1455 Sylla.
1075 1382 1144 1435 suut
1172 1372 1269 1453 aliqua
1297 1389 1373 1449 quae

58 1486 78 1523 1⁰
88 1479 240 1557 septimum
270 1482 425 1548 secuntur,
454 1483 488 1537 nt
513 1478 621 1555 dignus
642 1494 779 1544 munere,
804 1482 918 1538 mactus
940 1477 1063 1537 virtute:
1092 1475 1215 1555 ‘dignus
1236 1474 1286 1535 illa
1308 1476 1371 1544 re'‚

87 1597 257 1659 quamquam
280 1578 442 1658 legerimus
463 1580 628 1640 accusativo
650 1580 784 1640 iunctum
806 1580 837 1639 in
860 1576 1016 1648 Terentio,

405 1754 411 1763 .
992 1679 1125 1759 dignus
1148 1700 1186 1742 es

231 1791 385 1845 cumtua
401 1783 592 1863 religione
608 1783 745 1849 odium,
762 1784 823 1861 qui
846 1784 979 1845 nodum
1001 1784 1038 1843 iu
1062 1783 1189 1863 scirpo
1212 1782 1369 1862 quaeris.

87 1894 192 1948 mactus
214 1888 336 1948 virtute:
360 1891 493 1948 ‘macte
516 1906 609 1948 nova
631 1887 771 1947 virtute
793 1887 918 1967 puer’;
945 1884 948 1968 l
973 1884 1083 1945 Statius
1106 1886 1229 1945 mutavit
1251 1892 1280 1946 et
1302 1884 1375 1945 dixit
1483 1930 1486 1937 .

57 1994 216 2050 1⁵‘macte
244 1989 373 2049 animi'
403 1986 525 2069 [virtute
552 1988 658 2070 puer],
687 1996 782 2049 macte
810 1987 890 2049 illius
918 1989 976 2059 rei,
1005 1989 1173 2067 genetivum
1195 1988 1295 2067 posuit
1317 2006 1372 2067 pro
1451 2034 1455 2043 .

86 2090 215 2153 ablativo.
261 2088 314 2151 sed
341 2097 442 2152 tamen
469 2091 526 2153 boc
555 2092 632 2153 scire
660 2089 766 2162 debes,
796 2092 934 2171 quoniam
964 2088 1138 2152 naturaiiter
1165 2088 1223 2150 boc
1246 2089 1373 2169 [mactus

85 2212 203 2254 munere
225 2192 334 2271 dignus
355 2194 475 2273 virtute]
501 2192 624 2255 ablativo
646 2195 786 2271 iungitur.

160 2295 314 2357 Ablativus
341 2296 500 2374 singularis
527 2296 658 2359 diversas
685 2294 775 2357 babet
796 2293 924 2373 regulas.
970 2303 1030 2357 tres
1052 2293 1182 2375 plurales
1205 2313 1291 2356 casus
1314 2306 1490 2371 non408‚28

85 2396 163 2457 iacile
186 2399 335 2467 invenies,
359 2418 448 2479 quem
471 2398 651 2460 admodum
674 2417 725 2459 eos
747 2398 847 2459 iacias.
886 2397 938 2458 sed
961 2405 994 2458 ut
1016 2400 1092 2459 scias
1115 2417 1218 2459 eorum
1242 2396 1370 2458 declina·

53 2501 189 2561 atonem
219 2496 362 2585 [genetivi
385 2501 430 2562 vel
453 2500 540 2563 dativi
562 2500 607 2563 vel
630 2500 747 2562 ablativi
769 2502 819 2581 qui
842 2498 910 2581 sit],
940 2498 1062 2561 consule
1090 2500 1249 2561 ablativum
1272 2502 1371 2577 siugu-

83 2601 180 2663 larem.
212 2622 280 2664 narn
298 2603 335 2664 de
350 2602 477 2665 ablativo
500 2602 617 2682 regulas
638 2604 708 2665 istas
731 2602 862 2679 colligis,
887 2602 1028 2683 quemad
1044 2602 1163 2664 moduni
1187 2600 1373 2663 declinantur

82 2707 127 2765 isti
149 2723 252 2777 casus,
281 2708 436 2784 genetivus
464 2714 494 2767 et
516 2706 630 2768 dativus
654 2714 684 2766 et
705 2704 850 2767 ablativus
873 2704 1005 2786 pluralis.
1052 2704 1196 2766 ablativus
1217 2701 1443 2782 singularisroa,
1457 2717 1487 2765 31

82 2810 255 2869 terminatur
276 2806 384 2869 litteris
407 2811 552 2888 quinque,
576 2808 687 2887 regulis
709 2828 776 2879 sex,
800 2810 939 2889 quioniam
964 2827 980 2868 e
1002 2808 1099 2868 littera
1115 2808 1265 2869 invenitur
1280 2808 1372 2865 inter·

82 2908 148 2970 dum
164 2910 310 2989 producta
325 2912 357 2970 in
373 2909 498 2972 ablativo
513 2910 664 2990 singulari,
680 2910 831 2973 interdum
849 2918 984 2991 correpta
998 2912 1088 2972 etiarn
1103 2911 1206 2972 currit.
1228 2907 1372 2970 ablativus

52 3016 72 3055 2³
84 3010 240 3090 singularis
254 3031 270 3072 a
285 3010 384 3075 littera
406 3015 583 3075 terminatus
598 3016 765 3092 genetivum
781 3013 927 3094 pluralem
943 3016 973 3073 in
990 3032 1055 3075 rum
1071 3013 1174 3082 mittit,
1199 3011 1327 3073 dativum
1344 3019 1374 3071 et

81 3112 238 3174 ablativum
260 3114 291 3173 in
314 3116 354 3185 is,
378 3114 459 3203 illusa
481 3116 630 3178 llusarum
651 3116 757 3186 Musis,
787 3116 919 3195 exceptis
940 3114 987 3177 lris
1010 3114 1179 3176 nominibus
1206 3116 1236 3175 in
1265 3112 1473 3194 quibusnam

81 3232 189 3291 genera
212 3214 407 3277 discernenda
428 3224 511 3289 sunt,
535 3225 569 3280 ut
590 3218 644 3281 dea
666 3219 789 3280 dearum
812 3216 939 3289 deabus,
964 3217 1040 3280 mula
1062 3217 1210 3279 mularum
1228 3214 1372 3286 nvulabus,

80 3314 134 3378 tilie
157 3316 285 3379 tiliarum
308 3318 437 3390 filiabus,
468 3340 541 3402 equa
565 3340 707 3402 equarum
731 3319 873 3400 equabus.
919 3338 986 3381 nant
1011 3319 1047 3380 ab
1071 3340 1106 3381 eo
1128 3318 1207 3400 quod
1231 3326 1276 3379 est
1298 3336 1373 3398 equa

81 3419 102 3478 si
129 3418 295 3483 dixerimus
324 3424 423 3502 equis,
451 3422 509 3484 iilia
527 3424 663 3488 ,tiliarum
690 3423 773 3496 liliis,
803 3425 828 3483 si
849 3404 892 3484 sic
916 3419 919 3505 ξ
944 3422 1120 3493 dixerimus,
1149 3440 1253 3483 sexum
1275 3423 1374 3501 potius

51 3521 276 3586 ijmasculinum
306 3524 522 3605 intellegimus,
559 3544 647 3607 quam
680 3526 867 3586 femininum.
914 3524 965 3587 scd
998 3526 1075 3585 scire
1109 3523 1200 3585 debes
1234 3524 1372 3601 quoniam

80 3622 196 3686 Probus
218 3626 306 3687 istam
328 3628 462 3706 regulam
484 3630 629 3708 expressit
650 3636 681 3689 et
701 3628 788 3699 dixit,
823 3630 849 3689 si
872 3627 1000 3689 volueris
1020 3627 1104 3707 sequi
1131 3638 1163 3688 ut
1185 3627 1297 3697 omnio,
1321 3626 1372 3686 ubi

80 3743 187 3803 genera
213 3728 408 3790 discernenda
431 3737 515 3801 sunt,
545 3730 629 3792 aliter
651 3732 843 3811 proterantur
864 3732 895 3791 in
919 3729 1045 3791 ablativo
1066 3728 1112 3789 vel
1139 3730 1170 3789 in
1193 3728 1303 3799 dativo,
1327 3730 1372 3790 in·

80 3830 223 3909 cipiemus
252 3829 353 3893 dicere
380 3830 581 3895 Romanabus.
624 3836 648 3894 si
682 3834 761 3895 enim
794 3832 959 3893 dixerimus
987 3833 1139 3902 Romanis,
1175 3830 1372 3893 masculinum

81 3950 181 3993 sexum
212 3932 421 4011 intellegimus.
467 3936 572 4015 quodsi
599 3936 657 3998 boc
685 3944 743 4006 est,
771 3937 950 4015 incipiemus
978 3935 1077 3996 dicere
1100 3935 1186 3995 etiam
1209 3934 1239 3993 in
1262 3951 1371 4012 prono-

54 4036 210 4097 varamus
230 4034 353 4117 ipsabus
374 4034 496 4107 illabus,
521 4040 659 4118 quoniam
676 4040 701 4100 si
716 4038 878 4099 dixerimus
893 4038 952 4099 illis
966 4038 1050 4118 ipsis,
1075 4038 1169 4115 magis
1185 4037 1242 4097 crit
1257 4052 1372 4096 mascu-

81 4133 186 4208 linuvu,
212 4156 300 4216 quam
322 4138 509 4201 femininum.
555 4140 634 4202 uude
657 4141 738 4202 vides
759 4142 841 4217 quod
860 4139 937 4203 male
959 4140 1104 4201 definiunt
1126 4140 1174 4220 qui
1197 4140 1237 4199 ita
1260 4137 1371 4207 dicunt,

144 4398 161 4449 'd
181 4412 277 4448 exosus
294 4413 349 4448 sum
368 4397 440 4448 illum
459 4413 510 4447 rem
530 4397 550 4448 C
618 4398 634 4447 5
653 4394 786 4448 honestius
801 4406 886 4447 autern
905 4397 1022 4464 genetiuo
1039 4396 1152 4462 iungitur
1170 4410 1215 4445 om.
1228 4384 1263 4455 A,
1284 4394 1343 4444 add.
1355 4410 1372 4443 a

144 4468 360 4531 cuntuliquondo
380 4482 445 4531 quae
464 4468 488 4516 A
559 4466 685 4517 bubsillo
702 4466 757 4517 AB
827 4468 911 4517 iistu
931 4494 961 4503 -
980 4467 996 4517 9
1013 4468 1044 4517 eb
1063 4464 1133 4531 Sylla
1152 4464 1240 4515 orac
1309 4478 1370 4530 ergo

85 4537 210 4585 secundus
232 4552 282 4588 uon
303 4553 441 4603 possumus
466 4538 548 4589 dicere
570 4536 614 4585 ille
637 4536 681 4585 tibi
701 4548 740 4587 eat
757 4538 814 4587 AB
885 4538 951 4588 bob
968 4538 1024 4586 silla
1042 4536 1068 4586 B
1087 4536 1118 4585 ub
1139 4535 1201 4585 sella
1218 4535 1243 4585 A
1313 4544 1373 4584 suut

84 4603 171 4671 aliqua]
196 4606 335 4671 aliqnando
355 4606 440 4658 ABG
509 4608 541 4657 lt)
561 4606 656 4673 dignus
675 4606 717 4655 illa
737 4622 764 4656 re
785 4611 810 4656 A
829 4608 924 4673 dignus
943 4606 1037 4656 estille
1056 4622 1083 4655 re
1101 4606 1176 4657 noa
1248 4604 1277 4655 ll
1298 4620 1373 4654 ucen-

84 4676 159 4725 eatiuo
182 4674 241 4726 Ca*
261 4679 435 4729 accusatiuum
452 4678 510 4727 AB
578 4677 605 4725 in
626 4673 754 4741 Terentio]
775 4678 860 4730 Andr,
877 4678 900 4726 V
919 4681 944 4739 4,
961 4676 995 4726 37
1065 4676 1097 4727 13
1117 4678 1160 4739 qui
1185 4674 1278 4723 nodum
1297 4674 1372 4725 uec

86 4744 227 4803 quiuodium
245 4749 270 4797 A
362 4748 396 4797 14
417 4744 509 4813 macte]
534 4748 614 4812 Verp.
634 4745 699 4796 Aen.
722 4748 792 4796 Vllll
812 4747 862 4799 641
950 4743 1054 4812 Statius]
1079 4746 1154 4800 Tmo.
1177 4744 1198 4793 ll
1218 4744 1269 4794 ecc
1290 4753 1372 4795 macte

86 4814 170 4880 enimi,
192 4820 270 4866 tantis
289 4818 385 4884 dignus
403 4817 446 4881 qui
465 4818 576 4867 crederis
593 4817 671 4866 arenis
743 4816 776 4868 19
790 4817 904 4867 inuenies
923 4816 1032 4866 oblatiuo
1050 4814 1261 4880 quemadmodum
1277 4812 1303 4863 A

86 4880 115 4932 31
130 4884 239 4953 Probum]
253 4890 330 4943 irretit.
342 4895 392 4939 ort.
403 4904 430 4953 p.
447 4888 490 4950 ot,
508 4888 540 4941 lb
592 4886 626 4938 34
643 4887 734 4952 quodsi
747 4887 796 4971 bqe
812 4896 850 4938 est
863 4902 909 4937 om.
924 4886 958 4952 A,
972 4886 1032 4937 add.
1046 4902 1063 4936 a
1115 4886 1148 4939 36
1163 4884 1230 4951 quod
1243 4900 1289 4937 om.
1302 4882 1372 4935 ABG
