3350 5442
291 293 354 358 384
836 285 1039 356 CONSENTll

318 415 339 457 p.
353 405 411 445 2023.
425 405 450 444 ta
464 402 485 443 P.

292 487 486 565 praeteritum
514 486 712 564 inperfectum
741 482 859 545 diverso
887 482 975 542 modo
1007 434 1144 544 ellerurb.
1187 502 1256 545 nam
1278 503 1410 565 eaquae
1433 505 1450 544 e
1473 492 1543 545 autc
1566 505 1582 543 ο

292 587 402 648 babent
430 587 545 648 adiecta
575 586 611 647 ad
637 588 846 666 imperativum
875 585 943 645 bam
972 584 1085 664 syllaba
1111 586 1225 647 iaciunt
1252 591 1449 666 praeteritum
1481 590 1582 667 inper-

292 693 416 760 lectum,
446 696 479 750 ut
507 689 580 750 adeo
609 689 656 749 adi
687 689 814 750 adibam.
859 707 894 749 ea
922 707 992 748 vcro
1021 707 1097 768 quac
1124 690 1134 748 i
1162 688 1274 750 babent
1302 697 1369 751 ante
1392 692 1583 750 novissimam

293 793 421 854 litteram
451 811 510 853 non
539 791 633 853 solnm
656 790 723 851 bam
752 791 894 871 syllabam
919 793 1096 870 imperativo
1114 791 1240 862 addunt,
1264 799 1297 852 ut
1316 777 1518 872 praeteritum
1541 794 1584 852 in·

293 896 459 975 perlectum
488 895 613 963 iaciant,
642 893 693 954 scd
723 896 813 954 etiam
842 894 899 974 ipsi
928 892 1057 974 syllabae
1086 913 1102 953 e
1130 893 1305 973 productam
1325 903 1531 975 praeponunt,
1554 901 1607 954 uts

294 997 382 1058 audio
416 997 484 1059 audi
518 995 689 1066 audiebam,
724 998 824 1056 nutrio
852 997 935 1057 nutri
962 994 1148 1067 nutriebam;
1176 997 1254 1077 quod
1283 1005 1313 1057 et
1340 1000 1440 1076 ipsum
1468 1006 1587 1058 veteres

295 1099 430 1179 exemplo
453 1099 617 1179 superioris
640 1097 850 1161 declinationis
866 1097 1022 1159 brevitatis
1044 1116 1131 1159 causa
1154 1099 1266 1179 absque
1289 1117 1305 1158 e
1328 1099 1427 1160 littera
1451 1101 1585 1178 protero·

201 1263 204 1272 ,
295 1202 382 1271 bant,
413 1208 446 1262 ut
474 1201 551 1281 apud
573 1200 731 1279 Virgilium
758 1200 885 1279 legimus
913 1203 1037 1280 ‘quem
1065 1203 1196 1261 matris
1223 1199 1266 1261 ab
1295 1200 1411 1262 ubere
1440 1209 1586 1281 raptum

296 1303 521 1365 nutribant’.
565 1306 687 1364 tertium
715 1302 789 1365 illud
816 1322 925 1365 novum
954 1309 1014 1372 est,
1042 1303 1122 1382 quod
1150 1322 1281 1383 eaquae
1305 1303 1586 1365 ehabentanteo

297 1407 428 1467 ultimam
457 1407 591 1468 futurum
619 1405 772 1466 indicativi
800 1412 831 1465 et
858 1408 890 1466 in
912 1425 959 1466 am
982 1409 1064 1467 etin
1088 1407 1126 1467 bo
1147 1408 1284 1476 mittunt,
1307 1412 1340 1467 ut
1361 1407 1466 1468 adeam
1488 1405 1586 1474 adibo,
1598 1425 1619 1463 n

297 1511 374 1568 sicut
402 1511 459 1569 iam
490 1509 577 1588 paulo
606 1515 673 1569 ante
705 1507 849 1578 diximus;
878 1514 909 1568 et
936 1510 1089 1588 participii
1118 1507 1346 1569 declinationem
1378 1527 1437 1569 non
1459 1508 1588 1570 similem

298 1609 450 1672 exhibent.
474 1630 542 1672 nam
558 1613 757 1672 nominativus
772 1616 886 1670 tantum
902 1612 1120 1689 coniugationis
1134 1609 1266 1671 litteram
1281 1612 1406 1680 retinet,
1421 1618 1456 1672 ut
1469 1618 1589 1671 transeo

298 1715 460 1784 transiens,
484 1721 642 1793 praetereo
663 1713 867 1792 praetoriam,
891 1711 966 1773 abeo
989 1712 1111 1782 abiens;
1139 1715 1230 1772 ceteri
1255 1730 1325 1772 vero
1348 1731 1434 1774 casus
1456 1713 1588 1774 litteram

298 1822 428 1885 mutant,
461 1823 496 1877 ut
529 1816 712 1874 transeuntis
745 1813 891 1875 abeuntis.
937 1833 973 1875 ex
1000 1814 1049 1875 his
1076 1823 1200 1894 apparet
1229 1816 1327 1876 omnia
1358 1815 1447 1876 verba
1476 1818 1588 1895 primae

299 1937 444 1999 personae
467 1919 633 1998 praesentis
656 1919 802 1997 temporis
822 1917 977 1978 indicativi
1000 1916 1094 1986 modi,
1119 1918 1176 1978 nisi
1198 1917 1342 1978 detecttva
1358 1920 1433 1988 sint,
1457 1919 1622 1978 olitteran

299 2023 471 2090 terminari,
500 2020 683 2098 eandemque
711 2019 841 2081 litteram
869 2020 1009 2099 praecedi
1032 2018 1077 2079 vel
1100 2038 1116 2079 a
1138 2019 1290 2080 vocalibus
1312 2038 1328 2079 e
1350 2022 1362 2079 i
1385 2039 1420 2089 u,
1449 2027 1483 2080 ut
1504 2020 1591 2080 sedeo
1656 2066 1658 2137 γ

300 2125 379 2186 lanio
403 2141 472 2192 ruo,
496 2121 541 2183 vel
564 2141 580 2182 a
604 2120 754 2182 vocalibus
776 2122 841 2182 loco
863 2123 1088 2182 consonantium
1109 2122 1216 2200 positis
1244 2122 1288 2183 vel
1310 2141 1327 2182 a
1349 2122 1591 2194 consonantibus,

301 2229 434 2306 exceptis
456 2232 555 2285 tamen
578 2224 591 2284 l
611 2223 629 2284 lv
653 2242 686 2302 q,
709 2230 743 2284 ut
764 2223 833 2284 labo
855 2240 927 2283 voco
949 2223 1022 2283 cado
1043 2221 1109 2300 lego
1135 2223 1220 2283 traho
1235 2225 1282 2284 aio
1297 2224 1408 2304 inpello
1431 2243 1499 2286 amo
1521 2243 1592 2285 cano

302 2329 401 2408 scalpo
424 2346 494 2388 voro
517 2329 580 2388 viso
601 2331 687 2398 ‚verto
708 2327 775 2386 vivo
798 2343 875 2386 nexo
897 2327 1022 2405 patrico.
1056 2326 1154 2386 evenit
1177 2331 1275 2385 umen
1297 2332 1331 2387 ut
1352 2328 1383 2387 in
1405 2331 1504 2407 prima
1527 2345 1592 2407 per·
1658 2276 1659 2341 }

302 2448 372 2492 sona
396 2429 453 2490 alio
481 2435 568 2509 atque
597 2427 654 2488 alio
683 2427 770 2488 modo
799 2425 923 2488 verbum
945 2427 1078 2497 liniatur,
1102 2426 1212 2508 quibus
1234 2428 1330 2489 modis
1351 2433 1441 2490 etiarn
1464 2429 1591 2490 secunda
1604 2447 1626 2484 so
1660 2486 1661 2513 ,

301 2549 429 2614 persona
456 2533 488 2591 in
517 2531 724 2609 coniugatione
752 2530 924 2609 respondet.
969 2530 1097 2590 dicimus
1124 2531 1205 2590 enim
1232 2530 1316 2591 servo
1344 2538 1375 2592 et
1403 2531 1521 2602 lerveo;
1543 2530 1593 2590 sed

303 2637 386 2697 l'ervo
407 2637 528 2695 tertiam
556 2635 795 2712 coniugationem
823 2631 912 2702 lacit,
941 2633 1042 2692 ferveo
1073 2632 1242 2693 secundam.
1287 2635 1359 2694 item
1382 2631 1463 2714 illlud
1486 2635 1594 2700 evenit,

303 2745 337 2800 ut
358 2737 466 2798 similia
490 2736 580 2798 verba
607 2738 640 2796 in
668 2737 763 2815 prima
785 2751 913 2814 persona
942 2735 1095 2795 indicativi
1125 2735 1205 2796 modi
1220 2735 1390 2797 'dissimiles
1410 2737 1523 2814 figuras
1544 2754 1596 2815 pro

304 2841 351 2901 his
374 2837 658 2918 significationibus,
686 2821 762 2918 quas
789 2837 925 2898 diversae
954 2842 1077 2897 naturae
1106 2836 1208 2898 verbis
1230 2837 1388 2908 exhibent,
1411 2841 1443 2898 in
1466 2838 1595 2899 declina·

305 2940 437 3003 tionibus
464 2948 595 3010 sumant,
624 2947 657 3000 ut
685 2947 731 3000 est
758 2938 856 3019 pando
884 2946 914 3000 et
942 2957 1019 2999 sero.
1063 2939 1179 3000 iaciunt
1205 2942 1286 3000 enim
1309 2943 1507 3020 praeterItum
1529 2955 1629 3019 per-as

306 3047 416 3106 lectum
439 3042 528 3123 pandi
552 3049 581 3102 et
603 3041 744 3121 pandavi‚
768 3043 849 3102 serui
873 3049 903 3102 et
924 3043 1032 3103 seravi.
1075 3043 1147 3102 item
1170 3060 1186 3102 c
1207 3043 1358 3102 contrario
1379 3044 1410 3102 in
1432 3044 1532 3121 prima
1551 3044 1595 3102 iu·

306 3146 429 3207 dicativi
451 3162 579 3223 persona
602 3143 693 3204 verba
714 3143 871 3205 dissimilia
886 3145 1044 3224 praeteriti
1059 3146 1202 3224 temporis
1216 3143 1465 3207 declinationibus
1487 3143 1595 3204 similia

307 3247 495 3316 efficiuntur,
517 3252 554 3306 ut
574 3252 620 3306 est
642 3246 726 3307 luceo
747 3245 850 3324 lugeo:
874 3247 988 3307 iaciunt
1010 3247 1090 3307 enirn
1113 3254 1239 3327 utraque
1262 3247 1334 3308 luxi.
1362 3248 1434 3307 item
1455 3263 1550 3306 cerno
1570 3253 1598 3304 ct

308 3367 410 3411 cresco
433 3348 547 3409 iaciunt
568 3351 663 3418 crevi,
692 3355 723 3408 et
750 3348 857 3408 incedo
885 3356 915 3410 et
939 3351 1057 3410 incesso
1080 3349 1194 3410 iaciunt
1216 3351 1410 3428 praeteritum
1431 3349 1596 3428 perlectum

307 3452 429 3513 incessi.
1030 3526 1034 3536 „
1608 3467 1630 3506 st

395 3551 500 3612 Restat
525 3569 603 3612 nunc
632 3551 759 3614 utillud
782 3552 1005 3623 admoneamus,
1035 3571 1095 3614 non
1117 3555 1216 3615 omnia
1237 3552 1328 3614 verba
1350 3552 1538 3633 quibuslibet
1557 3553 1597 3613 el·

310 3658 384 3717 terri
407 3653 526 3715 casibus
547 3672 644 3734 posse.
687 3662 757 3716 sunt
779 3657 860 3717 enim
883 3654 972 3716 verba
994 3673 1069 3736 quae
1092 3658 1255 3733 genitivum
1282 3673 1399 3726 casum,
1427 3662 1498 3718 sunt
1525 3672 1597 3734 quae

310 3759 461 3826 dativum,
484 3763 552 3818 sunt
567 3776 642 3836 quae
658 3759 873 3828 accusativum,
895 3765 964 3819 sunt
979 3776 1055 3838 quae
1070 3757 1245 3827 ablativum,
1260 3765 1330 3819 sunt
1349 3775 1424 3838 quae
1440 3759 1597 3837 septimum

382 3957 497 4028 Squem]
521 3962 599 4026 Verp.
619 3962 681 4014 Aen.
701 3961 746 4010 Vll
758 3959 809 4010 484
879 3960 897 4010 o
915 3959 1060 4011 nutriebant
1076 3976 1145 4014 corr.
1161 3962 1288 4011 nutribant
1309 3961 1333 4011 L
1402 3962 1434 4013 11
1453 3968 1478 4010 et
1495 3961 1523 4009 in
1542 3975 1598 4025 par-

311 4034 404 4100 ticipiis
420 4031 466 4082 M:
480 4031 515 4095 cs.
528 4031 625 4082 utam.
638 4045 664 4093 p.
676 4030 734 4095 173,
750 4032 775 4080 7.
795 4029 856 4093 261,
875 4030 908 4081 13
964 4031 996 4082 13
1016 4031 1154 4082 litteratura
1172 4031 1340 4081 mutanturB
1393 4031 1426 4084 10
1442 4030 1598 4080 aedeolanio

313 4120 360 4153 ruo
380 4101 490 4167 (sedpeo
508 4102 581 4152 inrno
601 4099 668 4150 lanto
681 4099 720 4163 Β)
743 4099 783 4150 uel
802 4115 818 4150 a
837 4101 1037 4150 consonantibus
1052 4101 1091 4150 uel
1110 4101 1242 4152 uocalibus
1261 4103 1316 4152 loeo
1333 4101 1434 4164 (locoqa
1454 4101 1490 4164 L)
1511 4114 1598 4150 conso-

316 4174 428 4225 nantium
447 4171 538 4238 positis
556 4172 671 4236 exceptis
687 4170 742 4221 BL
794 4169 827 4220 18
843 4169 918 4221 traho
936 4171 1030 4220 adiuuo
1049 4173 1090 4220 aio
1109 4169 1166 4222 BL
1218 4186 1275 4220 amo
1291 4169 1376 4236 scslpo
1394 4185 1458 4220 οιοο
1475 4185 1539 4220 noro
1556 4169 1598 4218 lu.-

313 4259 372 4294 smo
387 4240 474 4307 scolpo
494 4255 556 4291 cano
571 4248 628 4305 pato
644 4239 702 4290 laxo
716 4254 760 4290 aro
778 4239 864 4290 euenit
882 4241 906 4290 L
921 4254 978 4290 amo
996 4240 1085 4306 scalpo
1099 4255 1163 4290 cano
1178 4239 1260 4303 (corr.
1276 4255 1340 4290 cano
1353 4238 1454 4305 scalpo)
1466 4249 1492 4290 ct
1505 4239 1599 4303 reliqua

314 4312 400 4363 euenit
417 4310 442 4360 B
512 4313 546 4362 22
564 4311 624 4359 item
640 4306 714 4378 illud]
735 4309 803 4360 aliud
821 4310 867 4360 M:
886 4310 921 4369 cs.
938 4310 1036 4361 ctam.
1055 4325 1081 4373 p.
1101 4310 1161 4368 256.
1180 4311 1211 4359 12
1229 4311 1303 4376 Serp.
1321 4313 1427 4373 explan.
1441 4323 1471 4372 p.
1490 4310 1549 4366 557,
1568 4307 1596 4358 ll

383 4379 417 4432 23
438 4379 569 4431 indicatiui
595 4379 706 4430 modiin
730 4381 810 4447 prims
835 4394 947 4445 persona
968 4377 1030 4428 ΒΜ
1037 4380 1062 4430 L
1148 4381 1182 4430 25
1201 4379 1298 4431 fuciunt
1314 4381 1478 4444 praeteritum
1493 4379 1526 4428 M
1541 4377 1599 4427 lacit

314 4449 477 4518 praeteritum
491 4451 516 4500 B
532 4449 596 4499 lacis
617 4450 683 4499 enim
700 4451 865 4515 praeteritum
876 4451 901 4500 L
970 4449 1004 4502 26
1016 4449 1093 4514 pandi
1108 4449 1212 4516 psndiui
1230 4461 1256 4502 et
1271 4452 1322 4501 seri
1336 4461 1361 4500 et
1381 4451 1468 4500 serani
1484 4450 1509 4500 L
1525 4445 1598 4514 psum

315 4521 428 4586 paudaui
450 4521 502 4569 seri
520 4521 600 4582 (corr.
620 4521 702 4584 serui)
720 4521 770 4570 seri
783 4519 867 4570 serani
882 4517 926 4568 M:
937 4518 1052 4582 fortasse
1068 4520 1136 4569 serui
1155 4521 1208 4570 sevi
1226 4529 1251 4570 at
1266 4521 1350 4572 seravi
1409 4515 1480 4586 itam]
1503 4517 1597 4570 Goaris

313 4606 341 4654 p.
362 4591 423 4649 247,
442 4589 485 4644 22,
502 4587 576 4656 Serp.
598 4591 702 4656 explan.
720 4605 748 4653 p.
765 4591 825 4650 tut,
846 4587 878 4640 13
949 4588 982 4640 32
1000 4599 1060 4640 sunt
1077 4591 1144 4640 euim
1161 4592 1239 4640 narba
1257 4605 1323 4654 quae
1338 4590 1443 4655 genitiui
1459 4595 1518 4639 sunt
1538 4601 1599 4651 quae

315 4659 396 4710 datlui
411 4673 486 4710 casus
502 4669 560 4710 sunt
577 4669 636 4710 sunt
652 4662 805 4712 accivssatini
822 4673 887 4724 quae
905 4667 930 4708 et
944 4661 1079 4724 septimum
1098 4675 1185 4710 casum
1207 4670 1300 4727 regum
1318 4660 1351 4711 M
1372 4666 1432 4711 sunt
1453 4661 1521 4709 enim
1539 4671 1599 4721 qaas

316 4729 457 4796 genitiuum
474 4735 533 4780 sunt
551 4746 615 4793 quaa
634 4730 747 4781 datiuum
765 4745 824 4781 suna
843 4744 908 4794 quae
920 4731 1055 4796 septimum
1069 4740 1158 4796 regant
1170 4729 1195 4780 B
1212 4739 1270 4780 sunt
1288 4731 1355 4781 anim
1373 4743 1439 4793 quae
1455 4729 1599 4796 genetiuum

317 4813 404 4850 casum
422 4809 481 4850 snm
499 4814 564 4863 quae
583 4801 662 4852 datin.
682 4815 734 4854 cas.
755 4809 814 4851 suut
828 4814 894 4864 quac
909 4801 1047 4866 septimum
1062 4801 1190 4868 regautL
