3350 5442
325 337 367 402 96
897 339 1051 403 Pouruu
1112 366 1114 369 ·

376 448 497 502 pos-51.

326 529 419 589 sactae
451 536 534 597 sunt,
567 546 621 607 per
653 548 726 609 quas
759 537 894 590 currunt.
940 547 988 588 ars
1021 544 1092 605 ergo
1124 526 1218 595 dicta,
1244 525 1323 605 qnod
1352 526 1423 587 artis
1452 530 1601 606 praeceptis

326 630 416 691 muita
438 637 544 691 teneat.
590 627 674 690 multi
697 648 766 709 ergo
790 631 893 693 dicunt
914 628 951 689 ab
974 636 1037 689 arte
1061 626 1260 689 inchoandum
1284 646 1358 689 εεεε.
1397 635 1427 689 ει
1448 647 1537 709 quare
1556 630 1601 691 hoc

326 728 454 814 dilcunt?
482 734 549 812 quia
576 731 613 792 ab
640 734 704 812 ipsa
732 742 800 794 arte
823 739 981 793 tractatum
1009 738 1067 801 εει,
1099 738 1127 791 ει
1156 732 1307 809 quoniam·
1324 728 1467 791 debemus
1488 731 1600 810 primum

327 836 403 894 scire
426 833 481 894 hoc
504 835 599 913 ipsum
621 834 700 913 quod
729 835 867 905 dicimus,
898 841 927 894 ct
954 839 1056 913 postea
1078 844 1154 912 quae
1176 832 1214 891 sit
1234 834 1300 911 ipsa
1321 851 1371 894 res
1394 832 1518 893 discere.
1559 834 1600 893 sed

325 936 381 996 hoc
404 954 440 995 ex
462 935 620 1014 superfluo.
666 956 714 997 ars
737 939 814 998 enim
838 942 936 1016 potest
958 934 1016 995 dici
1038 942 1068 995 ει
1088 934 1215 995 tonsoris
1239 942 1268 993 et
1289 932 1438 1015 plumarii.
1473 932 1553 993 multi
1572 934 1621 993 aba

324 1040 395 1116 ipsis
422 1038 529 1098 litteris
555 1038 711 1107 inchoant;
740 1057 795 1099 nec
816 1038 874 1098 hoo
897 1034 997 1097 verum
1022 1044 1075 1096 est.
1108 1033 1194 1095 multi
1222 1042 1252 1095 ει
1280 1055 1296 1096 a
1324 1054 1395 1096 voce
1416 1034 1555 1096 inchoant
1574 1055 1600 1096 ea

325 1142 453 1208 ratione,
469 1141 607 1219 quoniam
629 1139 755 1210 litterae,
779 1140 817 1201 de
840 1158 910 1199 voce
932 1146 1001 1198 sunt
1024 1144 1119 1207 natae,
1144 1144 1173 1197 ει
1195 1154 1255 1197 non
1278 1156 1437 1216 possumus
1459 1138 1603 1218 pervenire

325 1241 361 1302 ad
388 1242 562 1307 secundam,
590 1242 646 1301 nisi
674 1241 837 1303 dixerimus
864 1241 990 1321 primam
1017 1246 1142 1319 partem.
1189 1257 1243 1299 nec
1272 1237 1331 1299 hoc
1352 1258 1455 1311 verum
1478 1246 1536 1308 est,
1558 1239 1601 1299 scd

324 1346 374 1423 qui
395 1343 515 1405 inchoat
536 1350 644 1413 artem,
668 1342 756 1404 debet
776 1343 919 1403 inchoare
942 1340 979 1403 ab
1002 1348 1069 1401 octo
1083 1339 1218 1420 partibus
1234 1342 1383 1401 orationis.
1409 1358 1467 1419 qua
1482 1341 1604 1402 ratione?

325 1448 393 1525 quia
414 1448 465 1527 qui
486 1453 580 1507 artem
601 1447 687 1506 istam
709 1446 826 1516 scribit,
850 1446 1058 1525 grammaticus
1081 1443 1198 1504 dicitur.
1229 1442 1265 1503 de
1280 1449 1344 1503 arte
1367 1452 1466 1503 autem
1488 1450 1604 1503 tractare
1615 1455 1632 1491 1⁰
1654 1440 1655 1443 ’

325 1549 394 1629 quid
424 1555 482 1617 εει,
514 1549 570 1608 nisi
597 1556 725 1609 tractare
748 1547 784 1610 de
806 1556 874 1608 octo
896 1546 1030 1627 partibus
1053 1546 1211 1606 orationis?
1241 1544 1279 1604 de
1296 1563 1369 1606 voce
1391 1552 1520 1606 tractare
1544 1546 1605 1624 quid

325 1659 372 1712 εει
394 1646 497 1731 [vox]?
520 1648 577 1710 hoc
598 1650 844 1730 philosophorum
867 1657 922 1709 εει.
960 1648 997 1709 de
1019 1647 1125 1729 litteris
1147 1654 1276 1708 tractare
1299 1648 1432 1707 omnium
1454 1655 1508 1707 est.
1534 1666 1605 1709 ,nam
1654 1674 1655 1677 ¹

325 1760 357 1813 ει
377 1759 477 1812 orator
499 1752 615 1831 quaerit
636 1751 749 1813 litteras
771 1751 886 1811 discere
909 1758 938 1811 et
952 1751 1162 1828 grammaticus
1184 1747 1318 1809 similiter
1341 1756 1371 1809 et
1392 1748 1533 1826 magister
1554 1747 1607 1807 iudi

323 1853 414 1914 idem.
457 1871 526 1914 nam
549 1852 586 1914 de
607 1854 739 1933 partibus
760 1860 905 1922 tractare,
928 1852 985 1913 hoc
1007 1852 1189 1929 grammatici
1212 1857 1265 1912 εει.
1310 1850 1423 1910 idcirco
1447 1849 1535 1911 etiam
1557 1850 1606 1909 iio-

324 1965 411 2017 natus
432 1955 502 2015 inde
528 1954 690 2025 inchoavit,
720 1954 757 2016 ab
783 1957 856 2035 ipsis
883 1953 1026 2034 partibus.
1070 1954 1168 2032 perite
1192 1960 1221 2012 et
1242 1950 1347 2012 callide
1370 1950 1495 2011 exclusit
1517 1953 1606 2011 omnia
1619 1962 1637 2001 1³

323 2058 374 2117 iiia
396 2057 433 2118 de
455 2075 541 2127 voce,
570 2058 607 2117 de
634 2057 746 2127 littera,
777 2075 852 2137 quae
881 2063 931 2116 aut
958 2056 1076 2135 propria
1101 2061 1202 2116 essent
1228 2053 1352 2116 aliorum
1375 2060 1426 2115 aut
1447 2054 1608 2114 communia

323 2158 499 2229 multorum,
524 2178 583 2219 non
607 2167 704 2220 tamen
728 2164 828 2219 essent
851 2158 944 2237 ipsius
965 2159 1095 2237 propria.
1139 2154 1260 2217 inchoat
1282 2157 1373 2251 igitur
1395 2154 1433 2216 ab
1455 2162 1523 2217 octo
1546 2174 1607 2235 par·

322 2262 402 2324 tibus
422 2263 574 2323 orationis.

205 2371 264 2432 405,
279 2370 310 2430 12
407 2365 508 2426 Oratio
536 2363 645 2423 dicitur
673 2361 815 2431 elocutio,
846 2368 875 2422 ει
905 2362 983 2423 dicta
1012 2364 1105 2424 oratio
1134 2362 1217 2441 quasi
1245 2362 1304 2420 oris
1326 2363 1410 2422 ratio.
1455 2360 1530 2421 haec
1550 2361 1609 2440 ipsa

205 2440 264 2501 ‘²⁸⁷’
278 2440 310 2487 ‘²3
321 2460 417 2547 prima
438 2485 509 2546 pars
531 2473 598 2526 octo
620 2482 669 2526 res
689 2473 803 2527 tantum
831 2467 990 2544 significat,
1017 2462 1020 2548 Ι
1044 2482 1155 2525 nomen
1176 2480 1341 2543 pronomen
1364 2461 1489 2523 verbum
1511 2461 1641 2523 adver-²⁰

322 2570 404 2632 bium
425 2570 612 2649 participium
634 2569 875 2629 coniunctionem
896 2568 1147 2648 praepositionem
1169 2566 1415 2626 interiectionem.
1446 2564 1513 2625 ride
1536 2582 1611 2625 nunc

321 2670 503 2750 singularum
536 2673 742 2752 proprietates.
787 2690 879 2751 quare
911 2668 1022 2729 dictum
1055 2675 1099 2729 εει
1129 2668 1256 2728 nomen?
1291 2668 1428 2747 quoniam
1456 2685 1512 2747 per
1539 2665 1613 2727 hanc

321 2781 437 2853 partem
452 2792 502 2835 res
517 2782 602 2835 notas
616 2775 792 2834 invenimus.
823 2772 902 2833 unde
918 2772 1075 2840 sciremus,
1099 2768 1262 2850 quomodo
1283 2769 1431 2830 diceretur
1453 2766 1608 2829 columna?

323 2894 392 2937 cccc
415 2874 487 2936 dicis
509 2873 582 2935 mihi
605 2873 760 2936 ‘columna
782 2874 920 2943 dicitur',
945 2890 1014 2933 ecce
1037 2872 1140 2933 didici:
1164 2879 1268 2951 postea
1292 2872 1380 2931 etiam
1402 2872 1428 2930 si
1448 2868 1533 2931 iilam
1557 2886 1614 2929 non

321 2978 436 3038 videam
463 2984 492 3037 et
519 2978 654 3037 nomines
681 2976 753 3037 mihi
781 2975 967 3045 columnam,
990 2972 1039 3034 illa
1063 2974 1166 3034 notitia
1189 2975 1269 3034 venit
1290 2972 1326 3033 ad
1349 2974 1481 3033 animum
1503 2988 1646 3033 meumu

321 3079 389 3140 ideo
411 3078 521 3139 dictum
545 3086 590 3139 est
611 3097 729 3150 nomen,
753 3077 833 3155 quod
855 3084 940 3137 notas
962 3094 1065 3137 rerum
1088 3076 1195 3137 nostris
1218 3074 1324 3135 animis
1345 3074 1494 3153 suggerit,
1518 3073 1550 3134 id
1574 3079 1615 3133 est

322 3181 400 3261 quod
431 3181 520 3242 efficit
546 3180 633 3242 nobis
659 3200 709 3241 res
731 3188 826 3242 notas.
871 3186 900 3241 et
922 3179 998 3240 bene
1021 3181 1149 3257 primum
1172 3179 1298 3258 positum
1323 3183 1367 3237 εει
1387 3195 1509 3237 nomen.
1557 3193 1614 3236 non

323 3284 402 3343 enim
431 3291 518 3362 potes
548 3290 675 3344 tractare
704 3283 740 3343 de
767 3281 881 3352 littera,
911 3280 948 3341 de
975 3299 1061 3351 voce,
1092 3282 1150 3341 nisi
1176 3280 1259 3360 prius
1281 3281 1371 3351 scias,
1395 3278 1468 3359 quid
1491 3285 1539 3339 εει
1561 3276 1617 3336 iroc

320 3387 426 3465 ipsum.
470 3385 582 3446 idcirco
606 3386 744 3462 quoniam
767 3385 886 3445 nomina
909 3384 1086 3461 primigenia
1108 3383 1228 3443 suntin
1250 3380 1340 3442 rebus
1363 3379 1519 3451 omnibus,
1544 3379 1617 3438 hacc

321 3489 417 3567 prima
445 3487 555 3548 debent
581 3489 661 3566 poni.
707 3505 795 3547 nemo
822 3486 902 3545 enim
930 3492 1027 3563 potest
1053 3492 1181 3547 tractare
1203 3486 1299 3563 primo
1322 3483 1359 3545 de
1381 3482 1446 3544 aliis
1467 3481 1651 3563 partibusm

319 3590 433 3651 idcirdo
455 3591 551 3668 prima
573 3607 642 3668 pars
663 3596 709 3649 εει
729 3606 847 3649 nomen.
886 3605 1052 3667 pronomen
1076 3586 1186 3647 dictum
1211 3595 1268 3656 est,
1298 3585 1377 3665 quod
1400 3586 1484 3665 quasi
1508 3584 1616 3661 iunga-

320 3701 368 3754 tur
391 3693 487 3753 officio
509 3692 647 3752 nominis.
692 3692 769 3783 siqui
797 3690 876 3751 dicat
898 3689 1062 3769 ‘Vergilius
1084 3689 1202 3769 scripsit
1224 3686 1382 3758 bucolica’,
1411 3686 1539 3747 nomine
1562 3686 1618 3745 uti·

390 3949 403 3999 l
423 3966 468 4016 per
486 3965 549 4014 quus
570 3956 673 3998 currunt
692 3949 777 3997 omnic
798 3949 902 3998 coniecit
921 3948 1107 3997 Lindemannus
1158 3943 1174 3995 3
1192 3944 1224 3993 ab
1243 3944 1301 4009 ipsu
1320 3930 1392 4009 porte
1410 3942 1495 3993 ABG
1502 3942 1546 3992 L:
1564 3942 1622 4003 sor-

321 4029 390 4071 tasse
406 4022 437 4068 ob
457 4020 515 4084 ipsu
533 4027 586 4067 arte
605 4026 726 4066 tractatus
745 4025 791 4067 εει.
811 4034 868 4067 num
885 4018 931 4069 doc
948 4020 1056 4068 uoluisse
1071 4017 1170 4067 uidetur
1186 4016 1378 4079 propensatione,
1399 4020 1556 4069 ιναειαιταιι,
1577 4013 1621 4062 noe

321 4100 359 4140 est
376 4092 569 4155 explicationem
587 4090 651 4137 artis
660 4090 851 4151 «grammaticae,
870 4086 903 4136 ab
920 4091 977 4151 ipsa
994 4096 1053 4137 orte
1067 4088 1196 4151 proficisci
1254 4087 1271 4135 4
1289 4085 1357 4147 qnod
1374 4084 1485 4133 dicimus
1507 4083 1534 4131 L
1553 4084 1621 4146 quod

322 4169 430 4261 didimus
447 4211 468 4261 0
484 4218 510 4259 et
522 4212 662 4273 expunctis,
681 4217 708 4258 ut
723 4210 829 4274 videtur,
849 4208 875 4257 di
891 4210 984 4259 litteris
1003 4208 1026 4256 Α
1043 4207 1111 4270 quod
1125 4207 1246 4257 discimus
1264 4204 1289 4254 B
1375 4202 1480 4254 smum
1500 4204 1536 4254 ab
1558 4204 1623 4270 ipsis

321 4283 410 4332 litteris
436 4279 555 4329 inchoant
576 4294 623 4328 nec
645 4279 806 4328 hoc.vernm
828 4288 866 4328 εει
883 4278 929 4328 lroc
951 4284 1004 4330 loco
1022 4295 1068 4331 om.
1090 4277 1216 4337 ΑΒΜ,
1237 4282 1294 4340 post
1321 4272 1338 4324 8
1364 4288 1451 4323 verum
1481 4283 1526 4323 est
1557 4276 1622 4323 redd.

321 4351 394 4401 uua
449 4351 481 4401 10
499 4352 571 4399 istam
585 4349 633 4399 BG
648 4357 673 4398 ει
689 4351 715 4397 io
732 4351 810 4400 litura
826 4365 843 4398 a
861 4347 945 4413 ipsum
960 4350 994 4411 L,
1014 4350 1080 4398 unde
1093 4349 1175 4412 ipsam
1193 4348 1302 4396 editores
1318 4343 1532 4395 Vindodouenses
1552 4345 1623 4394 anot.

319 4437 399 4486 pram.
417 4437 444 4486 p.
458 4421 507 4471 511
581 4419 611 4469 11
632 4421 692 4483 quid
714 4428 753 4468 εει
772 4434 825 4469 uox
843 4417 891 4467 hoc
906 4419 959 4469 AC
976 4418 1035 4481 quid
1055 4427 1093 4466 εει
1110 4418 1160 4467 nisi
1176 4432 1227 4467 uox
1246 4416 1295 4466 hoc
1313 4414 1339 4465 B
1356 4414 1416 4477 qnid
1435 4422 1474 4463 est
1496 4414 1553 4463 nisi
1573 4428 1626 4463 uox

321 4492 358 4540 L:
377 4507 427 4541 vox
445 4491 575 4540 delendum
592 4504 648 4539 esse
663 4490 725 4539 uidit
743 4490 931 4539 Lindemannue
1000 4489 1034 4539 14
1050 4484 1129 4553 idem]
1152 4488 1209 4537 item
1228 4485 1284 4535 BL
1355 4485 1386 4535 17
1405 4485 1486 4550 igitur
1507 4485 1534 4533 L
1561 4498 1625 4550 ergo

322 4562 409 4623 Qum.
429 4561 485 4610 AB
555 4560 588 4609 21
608 4559 666 4608 uide
682 4574 750 4608 nunc
768 4558 963 4625 singulorumL
981 4559 1040 4608 uide
1059 4558 1218 4623 singulorum
1234 4555 1318 4606 ABG
1375 4554 1409 4605 23
1427 4552 1566 4603 diceretur
1582 4570 1626 4603 oo-

322 4632 409 4680 iumno
426 4632 490 4680 dicis
507 4629 570 4679 mihi
587 4629 705 4679 columna
722 4630 813 4679 dicitur
831 4644 889 4677 ecce
907 4628 992 4677 dedici
1009 4635 1099 4694 posteo
1115 4628 1191 4677 etium
1210 4628 1232 4675 si
1249 4626 1272 4675 L
1290 4626 1415 4674 diceretur
1433 4624 1564 4675 columna
1584 4626 1626 4674 uei

323 4709 410 4766 postca
427 4700 522 4765 (postis
539 4700 577 4764 B)
596 4716 653 4749 ecce
668 4700 733 4749 dicis
751 4699 812 4748 mihi
828 4699 945 4748 columna
958 4698 1051 4747 dicitur
1064 4712 1121 4747 ecce
1134 4697 1225 4746 dicitur
1243 4703 1332 4761 postea
1352 4695 1427 4744 etiam
1445 4692 1528 4758 (post
1545 4698 1626 4745 etiam

321 4770 347 4821 B
364 4778 452 4836 postea
468 4779 492 4818 ει
510 4779 553 4819 mn
571 4770 603 4833 0)
621 4771 644 4820 εἰ
662 4770 736 4819 Alii
825 4770 860 4819 211
878 4754 951 4819 nodas
970 4783 1053 4820 rerum
1072 4767 1144 4819 Bua
1161 4776 1234 4817 notas
1253 4781 1293 4816 res
1311 4764 1367 4814 AL
1445 4764 1481 4815 28
1499 4776 1582 4833 potes
1604 4766 1626 4815 L

321 4848 404 4909 potest
423 4841 446 4888 A
455 4840 506 4891 BG
