3350 5442
331 334 394 402 456
880 339 1064 402 EVTYGlllS

358 459 380 499 p.
398 448 441 487 162.
455 447 480 486 63
494 445 516 486 L.
1422 457 1445 499 p.
1457 445 1516 486 2158.
1529 445 1556 485 ἔνι
1569 443 1589 487 l'.

332 535 362 585 et
384 527 421 586 ab
443 545 478 585 co
500 525 649 596 doctriua,
674 535 774 586 tonsor
796 529 924 588 tonstrix
939 529 1101 597 tonstrina,
1124 534 1223 586 textor
1245 529 1355 586 textrix
1378 527 1525 595 textrina;
1548 527 1609 586 item

331 629 479 707 optativus
502 627 681 689 derivativus
704 629 904 690 deminutivus
926 628 1108 698 subditivus;
1131 647 1187 688 nec
1209 646 1268 688 non
1289 636 1320 688 et
1341 631 1372 688 in
1396 630 1442 688 sio
1463 635 1495 687 et
1517 629 1548 686 in
1568 647 1609 686 sor

332 738 361 790 et
383 731 414 789 in
443 727 540 790 sibilis
570 739 600 791 et
623 721 654 791 in
677 730 738 790 tilis
760 738 790 791 et
813 733 845 790 in
866 733 955 792 licius
977 729 1183 792 desinentibus
1205 728 1392 800 nominibus,
1422 747 1500 808 quae
1525 736 1609 788 mub-

330 833 411 892 tionc
434 849 482 892 um
506 833 537 891 in
560 831 612 892 bas
636 835 860 894 terminationes
882 833 970 903 liunt,
998 841 1031 894 ut
1058 835 1153 893 visum
1177 834 1252 892 visio
1281 833 1373 892 iussio
1396 832 1507 890 mersio
1531 831 1610 890 laesio

330 934 433 994 missio
456 934 554 994 iussor
575 952 680 996 suasor
701 937 779 995 risor
799 952 925 1013 pransor
947 950 1072 1014 sponsor
1088 944 1189 995 tonsor
1211 934 1351 994 defensor
1372 933 1469 1003 lusor,
1493 931 1627 992 visibilis>

238 1095 243 1114 ,
331 1033 500 1113 plausibibs
515 1035 677 1100 ¹sensibilis
697 1035 855 1098 missibilis
876 1035 1025 1097 sessibilis
1045 1035 1148 1098 flatilis
1169 1035 1271 1096 fictilis
1296 1036 1410 1097 textilis
1432 1033 1526 1094 altilis
1548 1035 1609 1092 seri-

298 1146 300 1152 ·
331 1136 414 1216 ptilis
436 1137 560 1209 tortilis;
587 1139 630 1198 sic
652 1137 838 1199 adventicius
859 1138 1040 1200 adventicius
1062 1137 1325 1198 commendaticias
1349 1133 1408 1216 [sic
1423 1138 1496 1196 steti
1511 1142 1608 1196 statum

330 1241 376 1299 ire
399 1247 494 1300 status
516 1241 619 1312 statio;
642 1242 687 1302 sic
709 1239 746 1302 ab
767 1259 803 1300 eo
825 1240 904 1320 quod
927 1249 972 1302 est
994 1239 1085 1301 caedo
1107 1257 1227 1300 caesum
1248 1241 1293 1299 ire
1311 1235 1448 1318 Caesar}
1482 1245 1515 1297 et
1535 1255 1608 1316 prae-

330 1344 412 1402 teriti
434 1342 560 1422 perfecti
583 1360 764 1414 consonans,
781 1342 865 1402 -licet
886 1362 970 1412 raro,
992 1338 1098 1404 ‘tamen
1120 1343 1152 1402 in
1179 1340 1351 1402 verbalibus
1378 1339 1554 1401 nominibus
1574 1342 1609 1397 in-

330 1446 463 1514 venitur,
492 1452 525 1505 ut
547 1447 612 1505 rexi
635 1463 704 1515 rex,
734 1444 805 1505 duxi
828 1444 902 1515 dux,
925 1445 988 1505 luri
1010 1445 1074 1515 lux,
1103 1446 1172 1524 rupi
1194 1460 1299 1523 rupes,
1328 1441 1446 1521 ambegi
1469 1442 1629 1518 ambagesr

332 1554 361 1606 et
392 1548 618 1626 participiorum
651 1565 768 1626 quoque
801 1547 848 1607 vel
881 1547 1024 1608 similium
1055 1548 1225 1630 participiis
1256 1548 1410 1606 nominum
1438 1563 1493 1625 per
1522 1546 1609 1604 omnia

331 1666 442 1726 genera
470 1647 574 1710 eodem
603 1648 689 1709 modo
711 1667 765 1728 per
788 1649 920 1727 singulas
946 1655 1007 1710 tam
1029 1651 1254 1727 coniugationes
1278 1667 1366 1728 quam
1389 1647 1611 1726 significationes

332 1749 492 1810 verborum
520 1752 713 1811 inveniuntur
740 1751 890 1812 derivatae
918 1753 1159 1823 terminationes,
1184 1758 1221 1843 ἱιιι
1249 1769 1351 1811 amans
1378 1749 1492 1811 docens
1520 1748 1610 1826 legens

332 1854 450 1932 sapiens
473 1851 611 1923 audienS,
636 1849 650 1934 ll
674 1852 817 1914 amandus
838 1853 988 1916 docendus
1011 1853 1154 1932 legendus
1175 1852 1341 1914 audiendus
1364 1850 1539 1932 sequendus
1559 1868 1610 1909 me·

331 1953 458 2015 tuendus
480 1953 659 2016 furibundus
674 1954 872 2025 ludibundus,
895 1964 1015 2017 vocatus
1030 1956 1135 2016 doctus
1153 1957 1284 2035 scriptus
1305 1954 1439 2025 auditus,
1463 1961 1612 2015 vocaturn
1620 1970 1633 2004 1:

331 2056 472 2116 docturus
495 2058 662 2136 scripturus
683 2057 857 2128 auditurus;
880 2075 938 2119 non
960 2057 1056 2118 solum
1078 2058 1110 2118 in
1132 2057 1336 2118 accidentibus
1357 2055 1546 2126 nominibus,
1568 2054 1611 2114 sed

331 2160 420 2220 etiam
447 2160 478 2218 in
505 2158 573 2218 fixis
600 2157 752 2221 vocabulis
781 2157 843 2240 [vel
870 2158 1070 2240 participiis],
1099 2167 1130 2220 et
1157 2163 1285 2221 maxime
1312 2160 1466 2220 femininis
1501 2160 1533 2218 in
1565 2176 1610 2216 ura
1652 2238 1653 2247 ἵ

331 2259 552 2331 desinentibus,
576 2268 609 2321 nt
629 2264 746 2341 pictura
768 2264 920 2342 scriptura
941 2263 1031 2324 litura
1054 2269 1159 2331 natura
1182 2279 1318 2323 censura.
1414 2313 1421 2327 .
1652 2324 1653 2341 ,

415 2361 500 2424 Licet
521 2369 619 2424 autem
647 2363 886 2426 observationem
915 2383 974 2425 non
1006 2364 1143 2426 inutilem
1174 2363 1308 2433 tradere,
1342 2382 1400 2443 qua
1430 2365 1611 2441 cognoscitur
1652 2354 1653 2437 j

330 2465 472 2546 quasdam
495 2482 596 2526 rerum
620 2465 803 2528 differentias
829 2474 936 2527 natura
957 2468 1144 2547 frequentius
1172 2469 1245 2528 artis
1270 2465 1452 2528 adminiculo
1473 2467 1636 2546 reperires

331 2570 441 2649 quippe
469 2569 587 2629 nomina
615 2567 775 2630 verborum
803 2570 918 2646 origine
944 2568 1070 2630 deducta
1098 2577 1128 2629 et
1146 2571 1265 2646 gemino
1287 2570 1372 2648 quasi
1394 2568 1476 2628 fonte
1500 2585 1610 2628 manan-

332 2671 370 2731 tia
399 2669 515 2732 diversa
543 2669 711 2732 litterarum
738 2671 884 2732 divisione
912 2673 1070 2750 separavit.
1113 2689 1182 2732 nam
1210 2670 1247 2732 ab
1276 2670 1438 2731 indicativo
1466 2672 1610 2750 praesenti
1652 2748 1653 2751 Ἴ

332 2772 518 2834 venientibus
540 2769 712 2833 nominibus
734 2780 801 2844 ante
824 2772 975 2834 clausulae
998 2773 1126 2834 casualis
1147 2772 1278 2833 vocalem
1301 2791 1406 2834 omnes
1422 2779 1610 2833 consonantes

331 2877 488 2955 positionis
510 2873 670 2935 verborum
692 2876 901 2957 significativas
923 2877 1111 2958 praeposuit,
1135 2874 1250 2936 duabus
1272 2875 1406 2954 exceptis
1428 2882 1559 2944 tantum,
1585 2872 1609 2932 id

331 2984 376 3037 est
404 2996 417 3038 s
445 2984 475 3037 et
503 2983 528 3045 t;
556 2976 666 3055 quibus
693 2976 763 3038 solis
792 2979 929 3058 permisit
956 2985 988 3038 nt
1015 2996 1075 3038 non
1101 2977 1199 3039 solnm
1225 2977 1324 3038 verbis
1352 2976 1536 3056 praecedant
1556 2977 1634 3036 tre-s

271 3127 275 3134 .
331 3079 525 3159 quentativis,
554 3095 629 3157 quae
652 3077 812 3140 derivativa
835 3087 919 3150 sunt,
946 3080 1000 3140 sed
1027 3081 1154 3142 utitem
1176 3086 1245 3141 ante
1267 3097 1369 3141 omnes
1393 3080 1609 3141 terminationes

330 3179 463 3250 luceant,
493 3196 567 3259 quae
595 3179 632 3239 de
659 3183 822 3260 praeterito
843 3182 978 3262 perlecto
1001 3181 1047 3242 vel
1069 3183 1215 3243 infinitivo
1237 3182 1333 3242 futuri
1360 3180 1556 3249 descendant,
1583 3189 1609 3238 ut

331 3282 465 3361 exempla
488 3282 640 3342 nominum
662 3281 815 3344 declarant
836 3292 904 3346 ante
926 3284 996 3346 lata.
1040 3283 1076 3343 de
1104 3282 1214 3363 quibus
1241 3283 1380 3344 omnibus
1402 3283 1608 3344 terminationi-

330 3383 386 3446 bus
408 3391 438 3444 et
460 3382 697 3446 traductionibus
720 3387 789 3465 quia
803 3382 961 3469 Romalnae
983 3387 1085 3447 lumen
1106 3386 1278 3456 facundiae,
1301 3404 1401 3456 meus,
1425 3387 1517 3446 immo
1538 3403 1607 3444 con·

330 3487 428 3548 munis
454 3487 586 3547 omnium
613 3484 765 3548 hominnm
787 3497 977 3568 praeceptor,
1006 3493 1038 3550 in
1065 3496 1171 3569 quarto
1193 3488 1230 3549 de
1258 3489 1378 3549 nomine
1404 3486 1481 3549 libro
1504 3505 1633 3549 siunins·

329 3607 396 3649 cum
424 3587 589 3649 subtilitate
617 3590 821 3669 copiosissime
850 3593 1062 3669 grammaticus
1093 3591 1266 3652 Priscianus
1297 3590 1474 3651 disseruisse
1509 3607 1606 3667 cogno

329 3691 439 3761 scitur,
468 3689 535 3750 ideo
562 3697 719 3752 contentus
741 3691 814 3754 baec
842 3692 1099 3755 ad'renovandam
1126 3699 1241 3754 tantum
1263 3692 1350 3753 modo
1370 3692 1535 3771 legentium
1555 3708 1605 3750 nra-

330 3793 453 3854 mcriam
468 3793 690 3873 perstrinxisse,
706 3793 840 3873 reliquae
855 3797 933 3874 parti
947 3796 1154 3875 promissionis
1169 3811 1253 3855 meae
1267 3795 1441 3856 satisfacere
1455 3791 1604 3874 temptabo.

330 3895 360 3955 id
382 3902 427 3956 est
449 3913 540 3975 supra
567 3897 674 3975 positis
696 3895 955 3957 observationibus
982 3899 1135 3958 nominum
1161 3896 1198 3958 de
1220 3894 1320 3958 verbis
1340 3897 1544 3958 traductorum
1563 3913 1603 3953 er·

328 3999 437 4077 ceptis,
467 3996 613 4077 quidquid
639 3996 764 4058 verbum
788 4001 956 4079 appositum
978 4001 1091 4060 nomini
1113 4001 1283 4080 reperiatur
1306 3996 1385 4078 (nam
1403 4017 1464 4060 non
1483 3999 1574 4060 solum
1590 4013 1631 4053 aa

329 4098 419 4159 verbo
448 4116 570 4170 nomen,
604 4099 657 4160 sed
683 4100 773 4160 etiam
805 4098 929 4162 verbum
956 4119 973 4164 a
995 4103 1113 4162 nomine
1136 4101 1323 4183 deductum),
1353 4101 1511 4164 ostendere
1538 4096 1603 4179 quod

410 4355 423 4406 l
442 4355 501 4407 item
520 4353 662 4422 (uipereor.
682 4356 709 4406 in
728 4357 809 4420 tiana)
827 4357 956 4424 optatibus
974 4357 1000 4406 P
1069 4361 1086 4409 2
1104 4365 1129 4406 et
1150 4357 1177 4406 ln
1196 4357 1235 4407 sio
1252 4364 1277 4407 et
1295 4357 1322 4405 in
1338 4356 1406 4406 lbilia
1423 4365 1449 4406 et
1466 4357 1493 4406 in
1511 4353 1601 4406 icinslt

396 4427 413 4476 *l
431 4435 459 4476 ιιι
476 4426 557 4476 iussio
577 4427 642 4476 nisio
661 4427 753 4477 noemia
772 4429 861 4478 missio
880 4428 905 4479 B
974 4426 1119 4478 buisibilis
1132 4426 1263 4492 passibilis
1281 4426 1411 4476 sensibilis
1427 4426 1537 4477 sesibills
1552 4422 1599 4473 mis·

235 4503 242 4517 '
327 4495 383 4547 silis
401 4495 487 4546 flatilis
505 4496 530 4547 B
547 4497 657 4547 visibilis
676 4497 809 4562 possibilis
832 4497 980 4564 pransibilis
1000 4496 1143 4562 plausibilis
1165 4495 1286 4548 sonabilis
1303 4497 1435 4547 missibilis
1457 4497 1599 4548 sessibilisa

326 4567 403 4616 sedeo
423 4566 541 4622 uetitiss
612 4567 708 4617 fateti
722 4568 812 4621 om.B
881 4566 1066 4619 buerblalibus
1084 4567 1141 4616 BP
1210 4565 1243 4617 10
1261 4567 1364 4632 ambigo
1381 4566 1476 4631 ambigi
1494 4565 1600 4628 ambiget

327 4637 352 4686 B
376 4636 489 4702 ambigui
507 4636 629 4702 ambages
647 4639 673 4686 P
688 4637 791 4704 ambigo
810 4637 912 4702 ambegi
930 4653 978 4703 ges
996 4644 1006 4686 t
1075 4637 1108 4687 lt
1127 4637 1231 4701 sapiens
1244 4651 1290 4686 cra.
1310 4637 1336 4686 B
1406 4636 1548 4701 sequendos
1562 4649 1597 4682 oa.

325 4705 352 4755 B
421 4707 456 4756 20
473 4707 612 4772 reperiris
680 4709 714 4758 25
732 4707 796 4758 solis
812 4723 858 4756 om.
873 4707 899 4755 P
935 4707 982 4758 ⁴26
999 4704 1203 4772 terminationes]
1223 4708 1407 4759 uocalescorr.
1426 4707 1598 4757 terminatione·

326 4775 352 4824 B
415 4773 456 4894 ΞΟ
474 4775 538 4826 libro
556 4791 601 4826 om.
620 4778 644 4826 Ρ
732 4778 765 4829 35
784 4776 927 4842 repperitur
945 4778 971 4827 P
1043 4791 1102 4827 nam
1120 4793 1168 4846 ova.
1186 4777 1212 4826 B
1299 4774 1525 4843 taquamquam
1542 4787 1597 4824 corr.

326 4845 395 4908 quod
