3350 5442
597 359 832 423 nullltENTvlt
1303 358 1364 427 185
1421 365 1427 377 ‘

1180 482 1201 524 p.
1214 472 1302 513 vor-oa
1314 470 1340 511 c.

85 552 169 611 antem
197 546 346 609 invenitur
373 548 403 607 in
433 547 631 628 temporibus,
661 550 691 608 in
720 547 967 611 declinationibus
988 568 1048 612 non
1071 548 1156 611 licet:
1185 558 1219 611 ut
1240 558 1286 611 est
1306 549 1364 612 boc

86 667 164 711 cornu
185 647 243 709 hoc
271 667 364 710 cornu
392 657 421 711 ct
443 668 460 710 o
483 668 592 719 cornu,
622 652 818 713 nominativus
846 654 1027 713 accusativus
1049 659 1078 713 et
1101 654 1249 713 vocativus
1270 654 1363 714 corri-

84 756 209 834 piuntur;
231 751 321 814 huius
344 770 436 813 cornu
459 751 527 813 huic
549 771 643 813 cornu
666 761 696 815 et
718 753 754 814 ab
777 753 834 814 boc
856 773 964 824 cornu,
992 756 1040 816 isti
1065 763 1127 816 tres
1148 756 1362 835 producuntur.

85 866 134 918 tres
153 855 357 935 corripiuntur
387 863 416 915 et
443 862 502 915 tres
524 854 737 934 producuntur.
783 858 854 918 item
878 858 1021 937 estquod
1045 856 1211 937 appellatur
1233 865 1362 939 aptoton,

64 960 187 1039 aperritus
210 956 261 1017 ubi
284 955 362 1018 nulla
385 955 505 1017 iullexio
528 964 580 1028 est,
606 966 637 1019 ut
659 976 801 1038 nequam:
826 962 887 1020 sive
909 962 1106 1022 nominativus
1128 961 1189 1021 sive
1211 962 1364 1037 genetivus

83 1064 133 1121 sive
154 1058 268 1120 dativus
291 1060 351 1119 sive
374 1060 557 1121 accusativus
580 1062 640 1121 sive
664 1063 810 1123 vocativus
832 1064 893 1123 sive
916 1060 1059 1123 ablativus
1080 1062 1121 1123 ita
1144 1063 1291 1133 dicuntur,
1315 1062 1363 1123 bic

83 1172 106 1224 et
125 1162 195 1223 baec
218 1169 248 1222 et
269 1161 326 1222 boc
349 1179 476 1243 nequam
498 1161 586 1223 huius
609 1181 750 1252 nequam,
775 1173 804 1225 et
825 1163 955 1244 reliqua:
979 1184 1040 1225 non
1060 1164 1230 1227 iullectitur.

154 1264 279 1325 Nomina
312 1281 505 1325 numerorum
538 1266 626 1326 etiam
657 1268 722 1345 ipsa
756 1265 792 1326 ab
810 1256 885 1327 'uno
918 1286 1013 1347 usque
1040 1268 1076 1327 ad
1105 1274 1167 1328 tres
1199 1262 1363 1352 [numeros]

81 1386 225 1447 possumus
248 1366 413 1427 declinare:
441 1374 474 1427 ut
494 1374 565 1446 puta
586 1386 663 1429 unus
683 1369 783 1437 unius,
814 1367 872 1429 duo
895 1369 1037 1438 duorum,
1067 1378 1128 1431 tres
1151 1371 1239 1432 trium
1262 1387 1364 1450 possu-

55 1486 138 1531 nmus
168 1467 334 1537 declinare;
370 1487 387 1529 a
414 1476 553 1549 qrrattuor
580 1488 675 1549 usque
708 1470 744 1531 ad
779 1480 898 1532 centurn
926 1490 985 1533 non
1014 1471 1209 1533 declinantur.
1254 1474 1365 1552 quare?

81 1590 158 1633 norun
181 1572 261 1631 enirn
290 1578 386 1650 potest
414 1571 513 1633 dicere
537 1579 675 1651 quattuor
698 1580 901 1653 quattuorum‚
926 1576 1027 1653 viginti
1049 1576 1242 1652 vigintorum;
1276 1591 1365 1634 nemo

81 1674 143 1734 dicit
168 1672 237 1733 boc.
283 1672 320 1733 ab
350 1691 411 1734 uno
437 1692 530 1754 usque
558 1674 594 1735 ad
624 1682 684 1737 lrcs
707 1682 805 1755 potest
826 1675 984 1746 declinari,
1014 1696 1030 1737 a
1052 1684 1190 1757 quattuor
1212 1694 1306 1755 usque
1328 1675 1365 1735 ad

81 1782 189 1837 centum
212 1794 272 1836 uon
296 1782 394 1856 potest
416 1776 567 1839 declinari.
612 1779 682 1838 item
706 1797 722 1838 a
745 1774 888 1859 dulcentis
910 1780 941 1838 iu
963 1780 1108 1839 inlinitum
1131 1780 1292 1858 suscipitur
1314 1777 1365 1837 de-

81 1878 189 1938 clinatio
217 1897 273 1957 per
302 1897 406 1939 omnes
434 1898 588 1952 numeros,
623 1880 743 1941 ducenti
769 1880 980 1951 ducentorum,
1013 1882 1129 1942 tricenti
1158 1882 1363 1951 tricentorum,

51 1980 280 2061 nquadringenti
308 1981 604 2062 quadringentorum,
634 1990 759 2062 excepto
790 2001 849 2043 nno
877 2000 1003 2043 numero
1031 1983 1125 2051 mille,
1154 1982 1207 2044 sed
1229 2001 1285 2043 nce
1308 1982 1365 2043 boc

78 2086 164 2165 ipsum
195 2086 226 2145 in
256 2093 382 2166 utroque
411 2103 552 2155 numero,
582 2084 633 2146 sed
664 2088 695 2148 iu
724 2084 877 2164 singulari.
922 2086 1087 2165 quaesitum
1110 2091 1156 2147 est
1177 2084 1236 2145 hoc
1256 2086 1363 2164 ipsum,

78 2194 167 2248 utrum
196 2185 279 2247 mille
307 2187 474 2249 diceremus
502 2206 539 2249 an
568 2186 652 2257 mile,
682 2187 712 2247 id
745 2195 791 2248 est
825 2196 924 2248 utrum
958 2206 1011 2267 per
1039 2188 1191 2265 geminum
1217 2187 1227 2247 l
1250 2205 1286 2247 an
1309 2205 1365 2267 per

80 2308 172 2350 unum.
208 2289 260 2350 sed
284 2288 396 2350 Plinius
419 2289 572 2383 Secundus
594 2292 625 2351 in
648 2289 730 2351 libris
753 2288 834 2349 dubii
858 2290 1006 2350 sermonis
1026 2291 1066 2351 ita
1090 2290 1243 2369 expressit,
1267 2287 1365 2349 ‘mille
1468 2284 1476 2303 ‘

77 2410 129 2451 non
158 2391 303 2454 debemus
333 2393 419 2453 aliter
447 2392 561 2461 dicere,
591 2392 646 2453 nisi
675 2410 729 2471 per
757 2392 909 2470 geminum
936 2390 973 2451 l'.
1020 2400 1049 2452 et
1077 2392 1145 2472 quid
1171 2392 1297 2452 iacimus
1328 2389 1366 2450 de

47 2506 195 2555 annumero
229 2492 356 2574 pluralii
389 2511 447 2571 quo
479 2493 567 2555 modo
595 2492 739 2555 babemus
775 2494 895 2554 dicere?
927 2493 999 2554 dicit
1030 2496 1077 2553 ‘in
1105 2513 1229 2555 numero
1257 2491 1363 2573 plurali

76 2614 159 2657 unum
187 2596 198 2657 l
226 2614 341 2677 ponere
369 2594 511 2657 debemus
539 2602 568 2656 ct
596 2595 695 2656 dicere
722 2595 830 2667 milia',
855 2602 888 2657 ut
915 2603 959 2656 est
981 2594 1100 2656 ‘milia
1123 2595 1238 2657 multa
1260 2594 1366 2656 daret

74 2697 171 2759 leto'.
220 2707 251 2760 et
279 2697 349 2779 quid
374 2698 512 2760 esthon?
541 2716 632 2777 quare
660 2696 732 2759 illud
755 2716 812 2777 per
835 2716 927 2758 unum
949 2696 958 2757 l
982 2699 1142 2777 profertur,
1166 2706 1195 2759 et
1216 2696 1289 2759 illud
1310 2715 1365 2777 per

75 2803 220 2878 geminum
243 2801 276 2861 li
298 2803 373 2862 ratio
396 2799 455 2861 boc
479 2801 569 2878 exigit
591 2800 805 2862 declinationis.
835 2818 903 2861 narn
927 2802 954 2862 si
976 2800 1085 2861 dixeris
1107 2800 1164 2861 boc
1187 2798 1266 2870 mile,
1290 2815 1365 2877 cogo

74 2912 99 2963 te
120 2902 289 2974 declinare,
314 2909 343 2963 ct
365 2903 472 2982 incipis
494 2902 595 2963 dicere
617 2901 674 2963 boc
696 2903 767 2964 mile
789 2902 878 2963 buius
900 2901 979 2963 milis
1000 2901 1070 2963 huic
1091 2900 1153 2963 mili
1176 2902 1233 2963 boc
1256 2900 1325 2962 mile
1347 2920 1365 2960 o

45 3004 153 3081 emila,
191 3006 271 3087 qnod
301 3024 360 3066 non
390 3002 477 3065 lacilc
504 3006 631 3073 invenis;
662 3003 888 3065 declinationem
916 3005 1002 3066 istam
1032 3023 1091 3065 non
1121 3006 1262 3065 invenies.
1307 3021 1366 3083 qua

74 3110 182 3169 ratione
205 3117 304 3171 autern
328 3124 401 3186 cogo
424 3115 453 3167 te
477 3106 644 3167 declinare?
667 3108 692 3166 si
715 3107 826 3169 dixeris
847 3104 932 3176 mile,
956 3108 1095 3186 quoniam
1117 3108 1297 3167 nominativo
1319 3107 1365 3166 in·

74 3213 185 3273 venitur
213 3229 307 3273 unum
335 3209 360 3280 l,
390 3209 554 3271 declinatur
581 3211 678 3289 ipsum
707 3204 825 3270 riomen.
870 3208 943 3269 inde
966 3208 1046 3269 rnilia
1070 3208 1267 3276 declinamus,
1292 3227 1364 3287 quo·

73 3314 144 3373 uiam
168 3312 248 3374 istud
277 3330 368 3373 unum
392 3311 399 3371 l
422 3311 521 3373 babet.
567 3330 637 3391 ergo
666 3311 732 3372 ideo
761 3330 820 3373 non
842 3329 1001 3391 possumus
1022 3312 1052 3371 iu
1075 3329 1200 3372 numero
1222 3309 1366 3388 singulari

73 3414 167 3475 dicere
197 3415 255 3475 hoc
283 3413 369 3483 rnile,
399 3432 437 3475 ne
465 3432 604 3491 cogamur
627 3414 661 3474 ad
691 3413 929 3475 declinationem.
974 3413 1042 3473 ideo
1066 3420 1164 3474 autern
1186 3415 1217 3471 in
1241 3430 1366 3473 numero

45 3542 62 3571 o
72 3516 173 3594 plurali
204 3535 260 3597 per
287 3534 381 3578 unum
408 3516 417 3577 l
445 3517 614 3597 protertur,
646 3518 785 3597 quoniam
812 3514 815 3596 l
841 3517 992 3576 invenitur
1014 3515 1179 3577 declinatio.
1226 3533 1367 3575 numerus

71 3628 163 3681 autem
193 3618 355 3697 singularis
383 3620 535 3697 geminum
563 3617 573 3677 l
600 3617 704 3685 babet.
733 3617 785 3679 sed
813 3616 1038 3687 indeclinabile,
1067 3617 1125 3678 boc
1153 3615 1242 3677 mille.
1287 3616 1367 3677 unde

71 3720 120 3782 boc
147 3721 331 3802 probamus,
361 3722 428 3800 quia
460 3729 489 3782 et
515 3722 664 3799 geminum
694 3719 703 3779 l
731 3718 821 3781 babet
853 3727 882 3779 et
897 3738 968 3779 nou
992 3720 1097 3799 recipit
1119 3719 1366 3803 declinationem?

71 3822 112 3884 illa
134 3843 187 3885 res
212 3824 302 3885 docet
323 3822 402 3903 quod
426 3841 485 3884 nou
508 3823 614 3903 recipit
637 3817 880 3883 declinationem:
907 3840 1028 3901 possum
1049 3822 1091 3882 ita
1113 3821 1228 3890 dicere,
1253 3820 1366 3881 ‘babeo

72 3925 144 3987 mille
169 3929 311 3993 servos';
340 3924 429 3985 modo
458 3927 640 3987 accusativus
668 3932 712 3985 est
734 3923 813 3985 mille
836 3932 960 4004 propter
983 3943 1093 3989 servos.
1138 3926 1163 3986 si
1184 3924 1266 3991 volo,
1290 3924 1365 3983 lacio

46 4026 135 4087 cillud
168 4029 359 4107 genetivum,
399 4026 513 4088 ‘babeo
547 4025 627 4089 mille
661 4032 843 4089 servorum’.
889 4034 1032 4106 quantum
1068 4026 1158 4087 babet
1194 4026 1365 4087 servorum?

72 4130 157 4199 mille;
196 4148 270 4191 ecce
297 4130 387 4190 modo
419 4131 573 4207 genetivus
602 4138 655 4190 est.
702 4130 727 4189 si
755 4146 827 4207 ergo
857 4148 912 4209 pro
941 4129 1080 4209 qualitate
1107 4128 1208 4189 inflexi
1235 4128 1385 4198 nominis¹

133 4301 146 4350 l
169 4316 226 4350 non
246 4301 272 4349 in
293 4301 334 4365 (in
354 4316 399 4353 om.
416 4301 450 4361 A,
466 4300 527 4349 add.
548 4299 578 4365 n)
596 4300 806 4351 declinationibus
830 4315 881 4351 non
900 4299 956 4350 licet
969 4299 1052 4351 ABG
1121 4301 1203 4349 inon
1217 4298 1325 4347 llectitur
1339 4299 1365 4347 A

130 4372 147 4421 8
170 4372 250 4421 etiarn
274 4372 305 4419 ub
328 4371 387 4437 ipsa
408 4371 439 4420 ab
460 4386 511 4420 uno
530 4372 569 4421 A:
590 4372 707 4434 sortasse
732 4372 834 4421 nomina
859 4385 1022 4422 numerorum
1045 4370 1120 4419 etium
1140 4370 1195 4435 ipse
1214 4384 1230 4418 a
1248 4376 1366 4432 quattuor

73 4454 143 4504 usqne
163 4442 198 4491 od
222 4449 323 4490 centum
344 4455 394 4490 non
418 4440 592 4503 declinantnr3
614 4442 645 4491 nb
665 4456 714 4491 nno
735 4456 816 4507 usque
831 4442 864 4491 nd
879 4449 931 4491 tres
946 4455 1065 4491 numeros
1083 4454 1221 4507 possumus
1238 4437 1366 4489 declinare

120 4527 244 4561 numeros
258 4526 304 4563 om.
319 4511 353 4573 A,
368 4510 461 4563 oddo
517 4512 548 4561 12
562 4511 611 4561 boc
622 4512 705 4561 om.A
758 4513 789 4562 13
802 4512 971 4562 duocentisA
1020 4511 1052 4562 18
1063 4509 1232 4576 pleniusAG
1281 4508 1366 4560 dubiis
1469 4504 1472 4510 ’

74 4582 232 4633 sermonisA
283 4582 315 4632 al
330 4588 356 4629 ut
368 4590 405 4631 est
420 4597 464 4633 om.
480 4582 507 4646 0,
522 4582 613 4632 addc
665 4579 746 4647 milia]
765 4580 1021 4647 Verp.Aen.V806
1066 4580 1164 4631 dareA
1214 4579 1367 4642 22etqnod

75 4651 206 4703 *sabocA
227 4660 251 4700 et
270 4650 394 4715 quidhoc
412 4650 464 4701 Bc
532 4667 674 4717 perunum
695 4651 863 4717 proferturO
930 4650 963 4702 23
983 4651 1109 4717 exegitA
1182 4653 1216 4701 24
1235 4648 1303 4699 milis
1318 4665 1365 4702 om.

76 4718 102 4781 B,
116 4722 177 4775 cdd.
197 4722 214 4771 b
287 4720 320 4771 33
340 4722 495 4786 pessumire
512 4722 536 4771 A
556 4735 660 4787 possum
679 4730 704 4771 et
722 4722 756 4771 ite
774 4722 849 4773 Bca
919 4721 952 4773 34
970 4722 1132 4772 nccnsntinus
1150 4729 1189 4771 est
1203 4720 1279 4769 modo
1297 4719 1366 4769 mille

77 4801 169 4855 propter
186 4790 319 4841 sernos'si
339 4790 397 4840 uolo
410 4792 435 4842 A
453 4792 612 4842 accusatione
632 4800 670 4841 est
687 4792 762 4841 modo
781 4792 857 4841 modo
874 4792 943 4843 mille
958 4792 1118 4842 accusatione
1135 4799 1172 4841 est
1190 4798 1293 4858 propter
1313 4804 1366 4841 ser·

78 4874 115 4908 uos
129 4862 213 4913 babeo
236 4860 303 4911 mille
319 4876 407 4913 seruos
423 4864 445 4911 si
465 4862 522 4914 nolo
541 4860 612 4914 BCn
682 4861 715 4913 35
736 4862 805 4911 illum
825 4861 850 4911 A
