3350 5442
685 406 756 468 ΑΒΕ
1298 403 1363 470 443

71 587 166 672 iungi
190 586 295 652 solent
316 595 349 652 et
370 610 412 653 ex
435 588 495 654 hoc
516 591 588 676 ipso
611 589 722 654 codice
744 590 885 677 primum
907 589 997 655 edita
1019 597 1096 654 aunt
1117 589 1203 654 anal.
1225 611 1362 675 gramm.

71 688 217 755 Vindob.
245 686 379 776 p.'184,
408 697 508 756 omnia
535 697 716 773 deponentia
737 727 780 740 -
805 698 925 758 tertiam
945 697 1004 757 sibi
1022 699 1263 772 coniurationem
1284 714 1361 758 uen-

71 795 167 856 dicot.
204 798 338 871 explicit.
383 792 417 856 in
445 802 555 858 vetere
591 795 750 880 scriptura
787 793 951 881 permulta
985 803 1102 881 postea
1133 805 1278 860 correcta
1310 794 1363 861 vel

71 892 188 958 addita
216 903 307 976 sunt,
337 915 420 980 quae
448 896 567 980 partim
596 896 638 960 ab
665 896 736 983 ipso
764 907 876 964 vetere
903 894 1056 977 librario,
1084 898 1204 983 partim
1232 895 1364 963 diversa

70 993 205 1080 quidem
227 1017 343 1077 manu,
367 995 425 1060 sed
448 996 561 1061 eodem
583 1004 745 1082 tempore,
767 996 889 1084 partim
903 998 1027 1062 recenti
1041 1019 1140 1062 manu
1155 999 1278 1084 scripta
1291 1022 1364 1066 esse

70 1096 146 1160 visa
168 1105 244 1161 sunt
265 1096 507 1181 Lindemanno,
530 1098 623 1164 cuius
638 1098 867 1165 auctoritatem
890 1100 924 1162 in
944 1098 1121 1165 indicanda
1142 1099 1264 1164 codicis
1286 1101 1363 1166 scri·

69 1207 170 1284 ptura
191 1207 323 1264 secutus
346 1222 429 1264 sum.
457 1222 530 1265 eam
544 1211 653 1266 tamen
668 1203 702 1266 in
717 1200 856 1269 schedis,
869 1199 972 1286 ipsius
993 1222 1091 1266 manu
1113 1201 1244 1289 scriptis
1266 1201 1364 1289 paulo

70 1301 256 1367 accuratius
279 1323 376 1388 quam
398 1303 431 1366 in
453 1303 595 1368 editione
617 1303 813 1390 descriptam
841 1303 1013 1369 habebam.
1056 1303 1226 1368 Parisinus
1248 1305 1363 1387 codex,

70 1401 114 1465 de
142 1425 205 1489 quo
231 1404 266 1467 in
292 1403 497 1489 praefatione
525 1404 682 1472 librorum
709 1407 870 1470 minorum
897 1403 1059 1471 Prisciani
1081 1404 1145 1472 vol.
1168 1403 1224 1469 III
1244 1427 1278 1492 p.
1300 1405 1364 1470 396

70 1503 159 1587 dixi,
183 1526 268 1571 nono
284 1505 414 1571 saeculo
429 1505 571 1593 scriptus
594 1516 652 1586 est,
675 1506 699 1573 f.
717 1508 864 1573 89-104
878 1514 986 1589 incipit
998 1513 1143 1589 prolopuc
1157 1512 1230 1573 libri
1249 1514 1362 1573 euticb

69 1613 147 1670 Com
167 1627 284 1687 reaper
306 1645 340 1654 -
365 1614 509 1674 uendicoi
528 1613 595 1674 sibi.
624 1609 720 1674 huius
743 1609 865 1675 codicis
894 1607 1048 1675 lectiones
1071 1619 1157 1693 tum,
1180 1631 1253 1674 cum
1267 1609 1363 1675 Olau-

68 1707 119 1771 dii
148 1708 286 1774 Puteani
314 1718 399 1791 erat,
427 1709 644 1776 aWouwero
675 1712 840 1799 accepisse
867 1711 1000 1778 videtur
1027 1710 1213 1777 Putschius.
1258 1710 1363 1778 codex

67 1809 326 1894 Tegemseensis
354 1810 479 1878 formae
506 1812 688 1900 quadratae
714 1814 849 1880 minoris
877 1811 1048 1878 undecimo
1070 1812 1201 1878 saeculo
1222 1815 1363 1900 scriptus

67 1920 149 1998 post
175 1912 320 1977 carmina
352 1912 498 1980 Iuvencii
525 1915 625 1981 habet
652 1915 834 2002 Eutychem
863 1937 894 2001 p.
920 1915 1097 1997 ‘la-144,
1124 1921 1202 1980 iiber
1228 1921 1361 1982 eutichii.

68 2019 146 2080 Cum
167 2035 282 2094 semper
303 2035 429 2080 -erse
455 2027 664 2083 monstratam.
709 2019 857 2104 sequitur
882 2016 992 2103 glossa
1013 2015 1047 2080 in
1068 2015 1205 2100 Focam,
1234 2016 1276 2082 de
1299 2039 1364 2105 qua

67 2139 174 2202 supra
194 2140 226 2204 p.
238 2116 301 2181 406
324 2117 446 2182 dictum
468 2129 527 2184 est.
558 2119 703 2185 eiusdem
724 2119 793 2184 fere
814 2119 932 2185 aetatis
954 2127 1005 2183 est
1026 2107 1129 2183 codex
1143 2119 1362 2205 Frisingensis

67 2220 151 2282 item
166 2219 291 2284 formae
306 2219 485 2305 quadratae
500 2221 646 2304 minoris,
669 2221 693 2286 f.
713 2220 815 2286 1-29
837 2227 948 2302 incipit
968 2242 1021 2285 ars
1041 2227 1134 2286 eutici
1147 2221 1215 2306 (vel
1230 2224 1361 2310 euticie).

68 2325 147 2385 Cum
167 2341 284 2401 seraper
304 2359 347 2371 —
368 2341 432 2392 esse
452 2333 660 2389 morracium.
699 2330 826 2404 explicit
848 2344 901 2388 ors
922 2328 1027 2388 euticis
1046 2329 1248 2403 prommatici.
1286 2322 1363 2389 sub·

66 2425 158 2486 iacta
180 2433 231 2488 est
252 2423 393 2508 epitome
415 2426 485 2488 sive
507 2423 734 2512 recapitulatio
756 2424 944 2510 regularum
966 2423 1127 2511 Eutychis
1150 2424 1174 2489 f.
1196 2425 1362 2490 29*-31*

67 2529 174 2603 lpitur
206 2530 396 2606 differentius
428 2537 569 2605 quartuor
600 2533 843 2606 coniurationum
872 2537 966 2607 prout
993 2534 1137 2623 paruitas
1167 2547 1234 2592 nico
1266 2532 1363 2592 coluit

61 2633 157 2707 prim
182 2633 277 2692 lector
303 2648 343 2690 ec
367 2634 470 2708 pomo
492 2649 630 2708 persone
656 2633 789 2694 breuiter
822 2635 976 2712 expositos
1002 2638 1151 2709 opnorcoi
1176 2667 1214 2676 -
1243 2635 1275 2693 ia
1302 2649 1362 2694 xor

66 2741 170 2797 aalma
192 2733 360 2793 desinentia
378 2736 499 2810 primm
519 2741 587 2796 runt
607 2737 830 2810 contractionis
851 2742 886 2796 ui
905 2737 995 2796 rixor
1017 2737 1177 2813 amplexor
1198 2741 1227 2795 ei
1246 2740 1359 2796 cetera

66 2839 174 2896 totam
202 2831 364 2916 epitomen
393 2831 498 2896 edidit
526 2833 718 2920 Spengelius
745 2832 780 2896 in
806 2853 945 2898 censura
972 2832 1124 2899 editionis
1145 2831 1360 2897 Lindemanni

66 2933 199 3019 ephem.
222 2931 374 2998 scholast.
403 2955 432 2997 a.
458 2932 539 2998 1832
567 2955 599 3019 p.
621 2933 683 2998 281
706 2955 776 3020 sqq.
807 2934 864 2999 sed
892 2957 966 2999 cum
987 2934 1184 3001 Bobiensem
1206 2934 1360 3017 codicem,

65 3055 168 3120 quem
189 3032 294 3100 solum
311 3031 427 3100 ducem
442 3043 574 3100 secutus
597 3047 667 3101 erat
681 3034 943 3120 Lindemannus,
965 3045 1099 3123 propter
1119 3034 1360 3122 neglegentiam

67 3137 254 3222 scripturae
284 3144 318 3200 et
349 3137 482 3202 crebras
515 3137 757 3202 emendationes
788 3135 900 3202 multis
930 3137 1010 3203 locis
1038 3136 1198 3203 viderem
1216 3137 1362 3203 incertae

66 3237 149 3302 fidei
171 3259 259 3319 esse,
288 3236 364 3302 huic
392 3237 642 3324 praeferendam
664 3259 735 3303 esse
758 3239 838 3304 duxi
861 3240 1089 3305 auctoritatem
1110 3239 1254 3307 Parisini
1275 3239 1360 3322 libri,

66 3342 183 3425 quiet
208 3349 361 3404 accurate
389 3341 530 3426 scriptus
559 3347 592 3404 et
617 3342 730 3427 paucis
753 3340 847 3423 locis,
875 3341 1015 3406 maxime
1037 3342 1099 3408 sub
1120 3339 1220 3406 finem
1241 3342 1360 3427 operis,

67 3441 170 3528 idque
192 3442 326 3527 antiquo
348 3451 493 3529 tempore
516 3449 678 3506 correctus
694 3451 753 3506 est.
783 3444 894 3530 itaque
915 3442 1012 3507 huius
1035 3441 1243 3528 potissimum
1263 3442 1359 3507 fidem

67 3553 202 3608 secutus
226 3565 314 3626 sum,
337 3545 543 3631 maximeque
564 3544 599 3606 in
621 3542 729 3608 forma
750 3544 925 3626 orationis,
954 3545 988 3608 in
1009 3566 1075 3630 qua
1096 3561 1217 3629 magne
1237 3553 1288 3610 est
1309 3565 1359 3608 co-

66 3645 179 3709 dicum
209 3644 399 3727 diversitas,
429 3655 462 3710 et
488 3646 521 3709 in
549 3644 708 3732 exemplis
737 3646 913 3712 verborum
945 3645 1190 3727 enumerandis,
1222 3667 1359 3732 quorum

65 3747 150 3813 ordo
174 3767 273 3832 saepe
293 3749 502 3833 perturbatus
526 3755 591 3829 est,
614 3747 804 3834 plerumque
823 3741 922 3811 'unius
946 3747 1069 3810 codicis
1090 3747 1266 3828 rationem,
1296 3747 1359 3812 nisi

66 3850 202 3936 quidem
231 3859 343 3934 aperte
371 3858 524 3935 corrupta
551 3859 622 3914 erat
642 3847 696 3915 vcl
718 3859 807 3914 certa
828 3847 959 3936 pristini
981 3847 1105 3914 ordinis
1127 3848 1249 3912 indicia
1270 3862 1356 3914 exta-

66 3953 165 4032 bant,
191 3950 372 4036 exprimere
393 3972 491 4037 quam
513 3948 662 4036 pluribus
676 3948 803 4016 collatis
826 3949 958 4015 diversa
979 3948 1132 4035 colligere
1146 3948 1200 4015 vel
1221 3951 1272 4028 ad,
1286 3970 1359 4015 oon-

66 4053 227 4118 stantiam
250 4051 411 4139 quandam
434 4062 468 4117 et
489 4052 754 4138 aequabilitatem
776 4051 884 4117 omnia
905 4073 1060 4118 revocare
1083 4040 1193 4116 malui.
1236 4052 1272 4116 in
1294 4050 1358 4116 dis-

65 4154 239 4242 crepantia
266 4163 374 4219 autem
403 4153 552 4219 codicum
580 4153 756 4219 indicanda
782 4175 854 4219 eam
881 4154 987 4240 legem
1009 4155 1118 4236 tenui,
1141 4162 1178 4218 ut
1199 4154 1360 4240 scriptura

66 4257 195 4323 codicis
216 4256 374 4340 Parisini,
397 4279 495 4344 quem
517 4255 766 4320 fundamentum
789 4257 988 4322 recensionis
1015 4279 1088 4322 esse
1108 4254 1213 4339 volui,
1244 4265 1278 4320 et
1297 4255 1359 4320 Bo·

66 4359 210 4440 biensis,
226 4359 278 4424 cui
294 4359 473 4424 secundum
487 4356 594 4423 locum
609 4359 771 4440 concessi,
788 4359 902 4444 paucis
918 4359 1115 4444 quibusdam
1129 4368 1163 4424 et
1183 4356 1359 4424 levissimis

66 4463 166 4526 rebus
191 4461 335 4546 exceptis
358 4460 487 4546 integra
509 4469 761 4546 proponeretur,
785 4481 827 4524 ex
841 4459 1080 4545 Tegernseensi
1102 4469 1137 4525 et
1156 4458 1361 4546 Frisingensi

66 4573 179 4628 autem
201 4583 241 4627 ea
262 4583 346 4649 quae
367 4561 420 4628 vel
442 4563 563 4626 rectius
585 4563 620 4627 in
640 4561 692 4626 his
708 4584 806 4648 quam
826 4562 861 4626 in
883 4560 949 4627 illis
965 4563 1088 4649 scripta
1101 4574 1179 4628 sunt
1192 4561 1246 4627 vel
1261 4562 1361 4648 digna

66 4687 137 4728 esse
160 4667 317 4729 memoria
339 4664 536 4729 videbantur
558 4663 797 4730 exhiberentur.
830 4686 1026 4752 quamquam
1048 4664 1083 4727 in
1105 4662 1260 4729 Bobiensi
1281 4684 1358 4750 quo-

66 4789 129 4853 que
152 4765 268 4831 codice
289 4764 528 4851 neglegentiam
544 4766 664 4831 veteris
687 4764 812 4832 librarii
834 4766 887 4832 vel
909 4789 1007 4832 ouras
1028 4775 1246 4832 correctorum
1268 4786 1357 4830 scru-

66 4869 181 4954 pulose
203 4867 349 4933 indicare
363 4867 478 4933 inutile
493 4889 564 4933 esse
579 4867 674 4951 duxi;
698 4868 953 4953 Tegernseensis
969 4877 1079 4934 autem
1093 4876 1127 4932 et
1139 4867 1358 4954 Frisingensis

1089 4970 1157 5036 29*
