3350 5442
299 356 362 420 476
850 359 1034 421 strictus

325 477 347 519 p.
362 468 405 508 tet.
419 467 444 508 ss
457 464 479 508 t.
1391 482 1414 521 p.
1426 470 1486 510 stra.
1501 470 1525 509 aa
1536 469 1556 510 a.

299 549 412 627 primae
435 554 517 616 sunt,
547 552 580 606 ut
607 561 679 624 rogo
706 562 807 623 rogas,
837 548 989 625 interrogo
1016 548 1193 624 interrogas.
1238 566 1312 626 cogo
1339 551 1421 610 enim
1443 552 1527 626 cogis
1545 548 1575 608 ab

300 667 354 726 ago
375 649 584 728 compositum,
608 646 687 727 quotl
709 647 841 708 ostendit
862 655 892 708 et
914 650 945 709 in
967 650 1129 727 praeterito
1156 650 1290 729 perlecto
1317 668 1372 711 suo
1394 652 1495 726 coegi,
1522 668 1575 709 ser·

298 756 346 810 vat
367 751 605 826 coniugationem
627 750 782 828 primitivi.
812 768 832 809 u
855 750 1049 810 antecedente
1071 751 1185 828 primae
1207 757 1285 824 sunt,
1308 759 1341 812 ut
1364 753 1435 828 lugo
1457 754 1576 828 coningo

298 867 428 927 conrugo
458 866 553 927 nugor
579 853 714 927 nugaris,
745 868 820 929 qnae
844 869 860 910 a
881 850 1052 936 nominibus
1080 852 1150 930 luga
1172 854 1274 930 iugum
1297 871 1371 930 ruga
1393 870 1489 930 nugas
1510 854 1575 913 lacta

298 955 362 1012 iurc
392 958 460 1011 sunt
486 952 611 1031 primae.
655 958 774 1012 notatur
802 954 909 1013 tertiae
938 969 1012 1029 sugo
1039 954 1136 1030 sugis,
1165 961 1197 1014 ut
1224 955 1420 1034 primitivum.
1465 955 1536 1014 item
1558 973 1593 1024 ιη

297 1055 341 1114 rel
365 1072 380 1112 r
403 1053 646 1115 antecedentibus
676 1061 742 1114 anie
770 1071 824 1131 go,
855 1057 915 1114 nisi
944 1057 1005 1114 sint
1027 1073 1042 1114 a
1065 1052 1251 1124 nominibus,
1284 1073 1471 1135 quacumque
1493 1056 1574 1114 rocali

296 1157 461 1236 anteposita
491 1156 597 1215 tertiae
625 1160 694 1214 sunt
722 1158 819 1214 omnia
848 1156 1079 1232 coniugatiouis,
1103 1163 1134 1214 ut
1157 1163 1245 1234 tango
1267 1157 1371 1234 lrango
1392 1175 1507 1238 pango,
1528 1157 1576 1217 llo

296 1261 390 1319 ratius
412 1255 607 1336 epistularum
629 1255 707 1316 libro
729 1255 741 1315 l

447 1375 512 1417 nec
534 1375 616 1417 cum
637 1357 766 1417 venari
789 1357 891 1417 volet
912 1357 996 1427 ille,
1019 1367 1190 1439 poemata
1212 1377 1366 1438 panges:

296 1461 402 1540 plango
431 1461 509 1537 lmgo
537 1459 637 1536 mingo
664 1461 754 1535 ningo
782 1459 863 1536 tingo
890 1462 1009 1537 extingo
1042 1463 1156 1538 stringo
1187 1462 1338 1538 restringo
1372 1463 1461 1539 cingo
1495 1463 1574 1541 pingo
1585 1497 1602 1532 o
1644 1434 1645 1465 ¹

294 1562 375 1640 lingo
402 1563 506 1638 ringor
535 1557 540 1642 Ι
569 1561 659 1637 lungo
689 1577 765 1637 ungo
795 1577 922 1638 emungo
955 1579 1055 1640 pungo
1088 1563 1196 1639 lungor
1225 1580 1333 1642 spargo
1364 1580 1467 1640 mergo
1500 1572 1574 1641 tergo

295 1682 385 1743 vergo
412 1666 542 1740 invergo·
562 1679 660 1740 surgo.
699 1678 793 1739 purgo
822 1664 901 1722 enlm
930 1680 1039 1742 purgas
1067 1681 1083 1722 a
1112 1679 1204 1741 purus
1226 1666 1346 1724 nominc
1368 1664 1531 1725 derivatum
1550 1674 1575 1724 et

295 1769 383 1844 iurgo
405 1767 505 1843 iurgas
527 1762 564 1824 ab
588 1782 623 1823 eo
645 1761 723 1842 quod
747 1771 793 1822 est
815 1765 882 1824 iure
904 1781 998 1841 urgeo
1020 1763 1189 1824 traductum
1211 1771 1242 1824 et
1263 1764 1271 1824 Ι
1294 1772 1362 1824 ante
1383 1783 1403 1843 g
1425 1766 1575 1826 adsumens
1645 1822 1646 1853 p

294 1868 395 1946 vulgo,
427 1885 443 1928 a
470 1884 528 1946 quo
556 1866 645 1928 ctiam
674 1864 831 1943 promulgo
858 1865 1029 1944 promulgas
1057 1867 1257 1946 componitur,
1287 1886 1303 1926 a
1331 1867 1437 1945 vulgus
1464 1870 1574 1929 nomine
1645 1868 1646 1899 f

295 1968 468 2036 deductum,
491 1968 599 2027 merito
619 1967 733 2044 primae
756 1972 825 2026 sunt
846 1967 1072 2043 coniugationis.
1583 2003 1602 2041 ¹5

379 2070 618 2149 adspirationem
646 2077 713 2126 ante
743 2085 761 2126 o
790 2066 930 2127 habentia
957 2067 1047 2128 latina
1075 2069 1134 2129 duo
1156 2077 1240 2139 sunt,
1263 2088 1338 2149 quae
1363 2070 1474 2130 nullam
1494 2089 1574 2130 occa-

295 2174 407 2233 sionem
431 2169 621 2231 derivationis
643 2170 836 2229 monstrantia
859 2170 967 2228 tertiae
989 2177 1059 2230 sunt
1080 2171 1309 2248 coniugatiouis,
1332 2177 1367 2230 ut
1387 2171 1474 2232 traho
1494 2173 1572 2238 veho,
1646 2170 1647 2175 ’

294 2282 324 2334 ct
345 2291 420 2353 quae
443 2291 479 2333 es
501 2270 547 2346 his
574 2277 807 2349 componuntur,
838 2270 960 2330 retraho
989 2271 1131 2332 subtraho
1153 2270 1265 2332 adveho
1286 2272 1417 2351 proveho
1438 2272 1572 2342 subacho.

293 2394 362 2437 nam
384 2373 535 2452 triumpho
557 2370 685 2432 bacchor
701 2371 869 2432 stomachor
884 2380 915 2431 et
929 2389 1035 2449 graeca
1057 2380 1142 2444 suut,
1165 2382 1197 2434 et
1218 2393 1234 2434 a
1258 2374 1428 2435 nominibus
1449 2374 1572 2435 derivata

292 2479 356 2538 inre
379 2477 491 2556 primae
514 2482 582 2535 sunt
603 2473 826 2551 coniugationis.
1581 2511 1602 2547 ῃ

376 2577 431 2638 hio
453 2583 483 2636 et
504 2577 595 2644 meio,
618 2573 696 2654 quod
720 2582 749 2634 et
770 2576 869 2652 mingo
892 2575 1013 2645 dicitur,
1041 2578 1052 2635 i
1075 2573 1091 2658 Η
1114 2595 1169 2656 pro
1191 2585 1371 2638 consonante
1393 2585 1463 2638 ante
1484 2596 1502 2637 o
1521 2577 1572 2637 ha·

292 2681 408 2748 bentia,
437 2679 542 2738 tertiae
565 2682 647 2746 sunt,
677 2682 709 2736 ut
731 2677 894 2755 primitiva,
924 2677 1046 2737 cilicet
1068 2677 1213 2738 delectita
1236 2687 1320 2748 sunt¹
1344 2677 1456 2740 hahent
1477 2686 1571 2738 tamen

291 2781 436 2862 quaedam
459 2781 540 2856 signa
569 2779 683 2838 tertiae.
728 2779 817 2837 tertia
846 2779 927 2838 enirn
954 2796 1081 2857 persona
1103 2778 1227 2858 pluralis
1249 2782 1334 2840 aiunt
1359 2785 1391 2838 et
1412 2781 1573 2841 infinitivus

290 2886 402 2943 meiere
425 2881 501 2961 apud
524 2878 690 2939 iuvenalem
712 2881 743 2938 in
765 2880 862 2958 primo
883 2878 962 2940 libro
983 2879 1091 2949 lectus,

442 2983 550 3042 cuius
572 2980 615 3041 ad
638 2980 807 3057 elligiem
830 3000 903 3041 non
925 2988 1068 3042 tantum
1090 2984 1231 3042 meiere
1254 2983 1310 3042 las
1331 2992 1403 3052 est,
1579 3017 1599 3054 5

290 3087 422 3148 indicant
443 3084 679 3160 coniugationem
701 3083 894 3161 praedictam.
939 3102 1005 3143 nam
1027 3084 1088 3143 scio
1116 3085 1167 3153 bo,
1196 3103 1271 3163 quae
1293 3093 1363 3144 sunt
1383 3092 1518 3164 quartae,
1539 3094 1569 3145 et

361 3375 377 3427 3
392 3383 420 3424 ut
437 3369 549 3439 dbdlugo
567 3369 833 3438 'ctitiiugolsttperscr¹
847 3373 970 3437 conmgo)
983 3385 1066 3437 ungor
1077 3373 1146 3437 garis
1158 3371 1184 3422 B
1199 3381 1225 3422 ut
1240 3372 1382 3439 (repertor.
1399 3377 1435 3429 ai.
1448 3390 1479 3428 ta.
1496 3373 1565 3439 lngo)

289 3444 404 3512 conlugo
423 3445 484 3510 iugo
503 3441 613 3507 coningo
631 3455 710 3507 rugor
728 3443 828 3508 nugaris
849 3455 932 3506 nugor
948 3443 1051 3506 ungaris
1071 3443 1096 3490 P
1113 3451 1139 3490 ut
1155 3442 1266 3510 coningo
1285 3445 1345 3509 iugo
1364 3458 1472 3509 corrugo
1489 3459 1566 3508 nugor

289 3518 342 3565 aris
360 3523 370 3564 t
439 3515 456 3564 b
475 3526 539 3578 sugo
563 3512 636 3577 tugis
655 3518 681 3559 ut
699 3512 855 3576 primitinnm
875 3512 934 3560 item
957 3510 1030 3561 nuel
1051 3528 1063 3559 r
1081 3511 1122 3561 uel
1141 3513 1148 3561 l
1169 3513 1375 3563 antecedentibus
1391 3522 1449 3566 sate
1472 3527 1504 3579 go
1519 3515 1564 3561 nisi

290 3587 343 3636 sint
359 3585 385 3635 B
402 3599 468 3650 sugo
482 3583 556 3649 sugis
574 3581 618 3645 (nt
631 3582 786 3646 primitiuum
801 3583 860 3631 item
874 3581 936 3634 odd.
950 3583 985 3632 ot.
1004 3578 1050 3642 ra.)
1068 3596 1083 3629 n
1103 3581 1144 3630 nel
1162 3597 1175 3629 r
1190 3583 1397 3633 antecedentibus
1416 3597 1450 3646 go
1467 3593 1493 3632 nt
1515 3583 1564 3647 pri·

290 3656 378 3705 mitius
394 3655 442 3703 nisi
460 3654 512 3703 sint
531 3653 557 3702 P
637 3650 655 3700 8
672 3651 696 3700 iu
717 3651 880 3716 epistolarum
900 3650 965 3700 libro
985 3652 1067 3716 primo
1085 3650 1123 3700 P:
1141 3650 1184 3712 18,
1196 3653 1232 3702 40
1318 3653 1395 3705 ilaec
1411 3667 1467 3701 cttttt
1481 3654 1563 3701 uentri

290 3725 368 3776 uellet
385 3732 395 3774 t
411 3739 458 3772 nec
475 3737 531 3772 cum
551 3721 663 3771 uenerati
687 3720 754 3770 uolet
769 3721 787 3784 s
801 3734 848 3769 uec
871 3735 927 3769 cum
948 3721 1110 3770 ueneratione
1129 3720 1196 3770 ualet
1213 3722 1238 3771 P
1254 3737 1286 3771 ne
1306 3737 1363 3773 cum
1385 3723 1494 3771 uenerati
1514 3723 1563 3785 (ra-

290 3809 393 3861 peracr.
411 3793 472 3858 otte)
493 3793 562 3842 uolet
577 3790 603 3841 B
685 3804 783 3855 pangas
798 3791 823 3839 P
838 3803 937 3855 pangas
955 3788 1017 3851 Bes
1098 3788 1131 3841 10
1151 3791 1223 3856 tingo
1242 3793 1346 3857 extingo
1365 3793 1477 3858 restingo
1492 3792 1562 3855 cingo

291 3867 370 3931 pingo
390 3865 489 3929 stringo
507 3863 577 3928 lingo
593 3861 668 3926 singo
688 3869 766 3921 (cortu
786 3857 874 3924 ringo)
892 3873 975 3924 sango
991 3860 1069 3925 lungo
1084 3873 1153 3926 ungo
1171 3875 1279 3926 emungo
1294 3876 1396 3928 spongo
1414 3875 1497 3927 mergo
1512 3861 1561 3924 (rs-

281 3947 388 4001 perscr,
408 3932 515 3999 spargo)
535 3941 606 3997 tergo
627 3943 704 3995 surgo
725 3930 830 3994 inuergo
852 3928 933 3995 lungo
953 3929 1035 3992 (corr.
1055 3928 1156 3992 -or)‚B
1170 3931 1260 3996 tingue
1278 3933 1401 3997 extinguo
1417 3932 1509 3996 stringo
1524 3945 1560 3979 rc-

287 4005 387 4071 stringo
406 4004 482 4069 cingo
499 4003 578 4069 pingo
595 4015 676 4064 sungo
698 3999 776 4063 lungo
796 4013 864 4063 ungo
890 4012 999 4064 emungo
1018 3998 1113 4065 langor
1130 4013 1217 4065 mergo
1235 4007 1306 4066 tergo
1325 4016 1403 4066 surgo
1422 4002 1522 4066 inuergo
1538 4001 1562 4048 P

355 4074 451 4140 pingo,
469 4073 581 4136 stringo,
598 4070 681 4137 cingo,
701 4069 769 4131 quod
788 4082 856 4118 nunc
873 4068 993 4134 singultio
1012 4067 1129 4132 dicimus,
1148 4068 1227 4134 iungo
1243 4083 1261 4126 ς
1348 4071 1380 4120 ta
1396 4070 1514 4120 diriuatttr
1528 4085 1558 4120 ex

289 4157 338 4208 qno
357 4153 382 4193 et
400 4150 483 4192 rante
498 4155 531 4208 go
547 4140 684 4191 adsumens
702 4140 775 4204 iurgo
794 4139 883 4203 largas
897 4141 929 4188 ab
944 4152 973 4185 co
990 4138 1058 4201 qnod
1070 4147 1108 4188 est
1127 4139 1182 4187 inre
1200 4153 1278 4204 urgeo
1289 4139 1430 4190 traductum
1448 4149 1471 4189 et
1487 4139 1557 4205 uulgo

289 4229 303 4262 a
322 4228 372 4276 quo
391 4213 465 4262 etiam
485 4210 617 4278 promulgo
637 4209 784 4275 promulgas
802 4223 859 4257 eum
879 4223 893 4256 a
913 4205 1005 4272 nnlgns
1024 4208 1125 4256 nomine
1143 4208 1283 4258 traductum
1304 4211 1395 4260 merito
1412 4209 1558 4275 componitur

287 4283 383 4349 primae
395 4290 453 4332 sunt
465 4279 650 4346 coniugationis
663 4278 828 4329 Pderiustur
842 4286 866 4327 et
882 4279 891 4326 i
907 4285 966 4327 ante
982 4292 997 4327 o
1014 4275 1095 4340 (corr.
1108 4277 1162 4330 der.
1177 4292 1271 4341 exque
1288 4289 1312 4328 et
1329 4297 1341 4328 r
1360 4287 1418 4329 ante
1431 4285 1475 4346 gol
1488 4279 1556 4329 adstr-

288 4367 359 4403 mens
378 4353 450 4418 iorgo
467 4353 553 4417 iorgtte
568 4351 648 4414 (corr.
668 4351 741 4414 iurgo
759 4345 860 4414 largas)
878 4347 910 4397 ab
926 4362 956 4396 eo
979 4347 1046 4410 quod
1065 4355 1104 4397 est
1119 4347 1173 4397 iure
1185 4362 1266 4414 urgeo
1280 4350 1422 4399 traductum
1438 4358 1462 4400 et
1480 4348 1555 4412 strigo

286 4420 368 4485 (corr.
388 4420 480 4487 uulgo)
499 4422 573 4470 etiarn
593 4419 727 4486 promulgo
751 4419 831 4481 (corr.
847 4415 984 4481 prouulgo)
1005 4430 1034 4468 ss
1051 4419 1210 4482 componitur
1228 4419 1344 4485 amulgo
1361 4423 1443 4486 (corr.
1462 4418 1555 4484 uulgus)

287 4492 388 4542 nomine
405 4491 534 4542 diductum
549 4491 639 4540 merito
652 4489 749 4554 primae
761 4495 820 4537 suut
836 4485 1022 4551 coniugationis
1039 4487 1065 4536 B
1082 4487 1208 4537 diriuatur
1223 4499 1248 4538 et
1266 4505 1284 4556 g
1301 4489 1327 4538 in
1343 4489 1421 4540 uerbo
1432 4490 1554 4538 adsumens

287 4563 360 4627 iurgo
384 4562 415 4610 ab
439 4575 469 4612 eo
487 4560 555 4624 quod
579 4567 617 4609 est
642 4559 697 4608 iure
720 4565 744 4608 et
762 4570 859 4623 urguco
877 4556 1018 4606 traductum
1039 4563 1063 4605 et
1080 4557 1159 4624 unlgo
1178 4571 1211 4605 ex
1229 4573 1279 4620 quo
1300 4560 1375 4608 etiam
1394 4558 1512 4625 prouulgo
1529 4570 1553 4604 as

286 4633 447 4695 componitur
462 4645 477 4678 a
495 4629 586 4696 uulgus
605 4629 707 4678 nomine
723 4627 858 4677 deductum
879 4627 968 4674 merito
987 4626 1084 4691 primae
1101 4627 1288 4692 coniugationis
1306 4637 1389 4679 suntt
1472 4626 1499 4677 ld
1513 4626 1552 4674 ad-

286 4699 433 4764 spirationis
451 4699 477 4749 P
543 4697 746 4750 catalonicum
766 4697 821 4746 BP
889 4697 923 4746 24
944 4695 1014 4762 apud
1033 4693 1256 4762 ltttenslemltot.
1276 4698 1301 4762 l,
1320 4697 1367 4750 lat
1438 4695 1552 4746 lectantll

286 4769 375 4819 lectum
399 4769 481 4818 estP
547 4767 580 4818 ²6
602 4769 714 4818 indicant
732 4765 918 4817 Lindemanaaa
936 4765 1032 4815 indicat
1050 4767 1106 4816 BP
1175 4775 1199 4816 et
1219 4765 1261 4816 hio
1280 4769 1347 4831 qnod
1366 4780 1403 4818 est
1424 4763 1555 4832 primaet(
1593 4762 1597 4772 “

286 4849 310 4890 et
329 4837 370 4887 hio
389 4838 455 4902 qnod
469 4837 622 4904 primitiuum
641 4837 722 4901 (corr.
741 4832 851 4902 primae)
868 4843 906 4885 est
918 4833 944 4884 B
