3350 5442
297 352 358 417 170
866 354 1019 417 POllPEll

320 479 341 519 p.
355 465 443 506 167—oe
456 463 479 503 L.

293 549 411 624 tingunt
437 546 509 605 item
535 544 655 603 nomina
688 561 763 623 quae
790 545 955 623 posteriore
988 552 1073 624 purte
1100 542 1299 615 declinantur,
1331 552 1360 604 et
1387 544 1487 623 priore
1517 561 1582 613 non,

293 658 326 711 ut
347 650 420 711 iuris
442 649 563 727 peritus.

175 733 281 811 43118
377 751 468 812 Plane
496 749 575 819 ride,
605 749 780 830 quomodo
810 748 881 809 dicit
909 749 966 811 sibi
994 748 1090 829 ulique
1118 751 1276 811 contraria.
1321 750 1361 811 uit
1387 751 1443 819 sic,
1477 748 1585 826 ‘ligure

293 872 369 933 quae
396 854 550 933 conposita
579 859 625 913 est
652 851 749 921 denuo
779 854 908 931 conponi
936 871 995 913 non
1024 855 1148 931 potest'.
1194 861 1227 913 ut
1261 858 1330 931 putu
1365 850 1435 913 felix
1462 850 1587 930 simplex

293 965 350 1018 est:
380 973 530 1035 conpone,
560 953 679 1015 infelix:
707 956 766 1015 iam
793 954 918 1016 ulterius
938 973 1000 1015 non
1023 962 1108 1033 potes
1130 972 1311 1033 conponere.
1355 962 1385 1015 et
1406 953 1495 1015 modo
1518 953 1611 1015 dicits

293 1058 382 1119 ‘licet
403 1056 490 1118 nobis
512 1058 601 1117 etiam
625 1055 816 1137 expluribus
838 1074 1025 1136 conponere,
1049 1064 1081 1117 ut
1102 1058 1339 1136 inperterritus'.
1375 1056 1494 1117 sidicit
1515 1075 1589 1136 quo-

293 1163 373 1221 niam
395 1161 489 1237 ligura
512 1160 664 1239 conposita
687 1177 746 1219 nou
768 1166 866 1240 potest
888 1161 1026 1239 conponi,
1043 1178 1101 1240 quo
1124 1158 1212 1220 modo
1235 1166 1333 1239 potest
1354 1178 1412 1220 une
1434 1159 1529 1237 ligure
1554 1157 1590 1218 tle

292 1262 427 1344 pluribus
450 1262 596 1341 conponit
628 1280 687 1323 nou
712 1263 789 1322 enim
813 1268 912 1340 potest
933 1261 969 1322 de
992 1260 1125 1340 pluribus
1148 1263 1291 1341 conponi,
1315 1263 1452 1323 nist-tam
1475 1282 1588 1342 conpo-

293 1368 381 1428 situm
410 1366 517 1425 iterum
546 1370 741 1444 conponatur.
786 1381 858 1441 crgo
887 1362 1005 1441 quando
1033 1366 1153 1425 territus
1182 1362 1263 1433 dico,
1288 1371 1332 1424 est
1354 1361 1493 1443 simplex:
1518 1384 1590 1443 per·
1669 1440 1670 1449 ἵ

292 1469 416 1530 territus
444 1466 562 1548 quaudo
589 1466 671 1536 dico,
702 1468 761 1527 iam
789 1468 975 1545 conpositum
1004 1473 1061 1535 est;
1090 1466 1300 1546 inperterritus
1329 1462 1333 1545 1
1363 1465 1480 1545 quando
1508 1466 1624 1537 dicon
1669 1450 1670 1535 l

292 1571 352 1631 iem
380 1570 566 1649 conpositum
594 1571 704 1629 iterum
732 1571 923 1647 conponitur,
958 1566 1036 1646 quod
1071 1570 1126 1628 iste
1160 1576 1248 1646 negat
1275 1586 1363 1647 posse
1395 1568 1468 1629 lieri.
1515 1568 1590 1647 quid

294 1689 381 1749 ergo,
410 1680 512 1732 contra
540 1688 573 1731 se
601 1671 719 1732 locutus
747 1671 809 1731 est?
837 1689 908 1731 non.
946 1672 1210 1749 quotienscumque
1234 1670 1312 1729 enim
1335 1669 1535 1748 conponimus
1559 1689 1591 1731 es
1669 1722 1670 1743 ,

294 1792 370 1854 quse
397 1775 549 1852 conposita
576 1773 702 1843 luerint,
731 1776 808 1833 scire
836 1771 928 1833 debes
956 1774 1022 1849 quia
1051 1774 1114 1851 ipsa
1142 1774 1305 1851 conpositio
1334 1771 1416 1850 prior
1437 1790 1492 1851 pro
1516 1774 1591 1831 sim·
1669 1764 1670 1815 ἕ

293 1876 362 1956 plici
385 1861 525 1945 habetur,
549 1884 582 1936 ut
602 1875 720 1956 quaudo
742 1874 869 1935 dicimus
899 1876 1086 1954 perterritus,
1131 1880 1160 1935 ct
1187 1874 1266 1935 unde
1288 1874 1345 1934 hoc
1367 1871 1591 1951 intellegimus?

294 1979 431 2059 quoniam
455 1978 621 2057 conpositio
644 1986 696 2039 eut
717 1978 871 2037 confirmat
893 1975 1003 2057 aliquid
1026 1984 1077 2039 aut
1099 1974 1233 2037 destruit.
1264 1978 1386 2036 territus
1403 1982 1446 2035 est
1462 1976 1591 2036 timens:
1607 1996 1629 2035 u

293 2080 469 2160 perterritus
491 2081 517 2141 si
540 2079 633 2149 dicus,
658 2086 703 2139 est
722 2080 830 2139 iterum
853 2080 974 2139 timens:
1004 2078 1060 2139 hoc
1083 2086 1129 2139 est
1149 2078 1270 2139 territus
1292 2076 1371 2157 quod
1396 2084 1424 2137 et
1446 2078 1594 2155 perterri-
1669 2082 1670 2089 ’

295 2189 352 2244 tus.
391 2198 463 2259 ergo
491 2184 517 2242 si
545 2181 672 2243 eundem
700 2180 882 2241 intellectum
917 2180 1006 2241 habet
1032 2180 1157 2259 simplex
1184 2180 1292 2257 iigmu,
1326 2197 1414 2260 quem
1442 2176 1536 2239 habet
1567 2186 1596 2239 et

294 2286 463 2366 conposita,
486 2284 604 2344 videtur
625 2286 680 2345 iste
703 2301 752 2344 res
776 2301 834 2343 non
859 2300 922 2343 esse
946 2282 1043 2343 denuo
1066 2278 1226 2361 conposite.
1271 2280 1350 2341 unde
1373 2288 1499 2359 apparet
1523 2299 1595 2343 eum

295 2406 354 2448 non
378 2392 481 2449 contre
508 2404 541 2447 se
568 2386 700 2447 locutum
723 2402 798 2445 esse.
845 2401 916 2461 ergo
939 2386 993 2445 iste
1016 2402 1065 2445 res
1087 2382 1203 2445 videtur
1224 2402 1284 2445 non
1307 2400 1373 2445 esse
1396 2381 1495 2443 denuo
1520 2401 1595 2443 con·
1645 2426 1646 2429 ,

293 2492 402 2571 positu,
426 2506 501 2569 quae
524 2505 584 2548 non
606 2488 635 2547 in
653 2488 835 2548 contrarium
850 2484 951 2556 vertit,
969 2486 1020 2547 secl
1036 2489 1132 2566 ipsum
1148 2484 1238 2546 habet
1253 2483 1444 2546 intellectum.
1469 2484 1596 2562 quando
1610 2506 1635 2546 so

294 2599 393 2654 autem
416 2590 544 2651 diximus
565 2589 650 2659 felix,
674 2587 799 2669 simplex
822 2596 881 2657 est;
905 2588 1022 2657 infelix,
1045 2588 1103 2651 iam
1126 2587 1183 2648 hoc
1206 2588 1391 2666 conpositum
1415 2596 1467 2649 est,
1491 2587 1523 2647 id
1550 2596 1599 2648 θεῖ
1669 2593 1670 2661 ζ

294 2695 433 2773 quotiens
460 2694 500 2754 ite
528 2693 714 2771 conpositum
745 2691 834 2752 luerit
860 2708 985 2759 nomeu,
1015 2697 1047 2750 ut
1074 2692 1137 2769 ipsa
1165 2691 1330 2769 conpositio
1352 2692 1381 2749 in
1405 2690 1598 2750 contrarium

294 2801 403 2867 mutet,
426 2794 458 2855 id
479 2813 590 2855 nomen
613 2812 674 2855 uon
695 2799 792 2873 potest
814 2792 911 2853 denuo
934 2794 1074 2870 conponi.
1118 2792 1144 2852 si
1165 2799 1263 2852 eutem
1288 2810 1304 2853 e
1327 2792 1477 2853 contrario
1500 2792 1600 2853 luerit

294 2900 337 2959 sic
359 2897 560 2976 conpositum,
593 2901 626 2955 ut
647 2904 820 2974 permaneat
842 2896 904 2974 ipse
934 2895 1111 2974 conpositio,
1136 2910 1259 2954 neccsse
1282 2900 1380 2954 estut
1402 2894 1599 2973 conpositum

295 3016 405 3060 nornen
426 2997 515 3059 liceat
537 2996 622 3058 nobis
643 2997 751 3057 iterum
773 3014 953 3076 conponere.
978 2990 982 3073 Ι
1613 3018 1637 3058 sc

838 3180 886 3226 DE
909 3178 1052 3227 GASIBVS

178 3280 283 3341 433212
382 3287 476 3348 Casus
504 3286 575 3347 dicti
603 3294 672 3348 suut
699 3286 736 3347 ab
765 3304 815 3355 eo,
846 3284 923 3363 quod
954 3284 1064 3345 iaciunt
1085 3303 1194 3346 nomen
1218 3284 1337 3354 cadere,
1362 3283 1392 3344 id
1415 3291 1459 3345 est
1482 3303 1602 3346 nomen

296 3391 403 3451 iaciant
432 3387 583 3449 declinari.
628 3396 698 3468 putu
726 3387 843 3467 quemlo
871 3387 937 3448 ‹lico
970 3387 1088 3457 doctus,
1124 3386 1202 3447 cadit
1230 3394 1259 3447 ct
1286 3387 1356 3447 lucit
1390 3386 1484 3455 docti,
1520 3389 1600 3448 item

296 3490 375 3553 cedit
402 3498 430 3551 et
459 3490 530 3552 lacit
557 3490 658 3564 docto,
686 3492 757 3550 item
787 3490 865 3551 cadit
894 3496 923 3549 et
948 3489 1019 3549 lacit
1045 3488 1178 3559 doctum,
1209 3476 1385 3550 ttem'cadit
1408 3496 1437 3547 et
1460 3489 1534 3549 lecit
1560 3488 1602 3549 ab
1669 3486 1670 3489 ’

280 3592 354 3652 'hoc
377 3591 473 3653 docto.
504 3592 572 3654 ideo
596 3609 666 3670 ergo
689 3591 760 3652 dicti
781 3600 851 3653 sunt
873 3610 966 3659 cesus,
989 3590 1026 3651 ab
1050 3610 1084 3651 co
1108 3590 1185 3671 quod
1208 3591 1317 3651 iaciunt
1339 3608 1446 3650 nomen
1470 3591 1600 3651 cedere.
1617 3616 1644 3654 so

296 3701 325 3754 et
354 3695 382 3755 sl
408 3693 466 3753 hoc
498 3702 557 3763 est,
586 3694 783 3755 nominativus
809 3712 870 3754 uon
901 3695 957 3753 erit
984 3711 1084 3761 cesus,
1115 3712 1148 3753 ea
1171 3693 1300 3761 tutione,
1325 3694 1391 3771 quie
1414 3711 1469 3771 per
1493 3694 1602 3771 ipsum

296 3814 356 3857 non
379 3796 458 3857 cadit
479 3814 603 3866 nomeu,
628 3794 680 3855 secl
702 3796 744 3855 sic
768 3805 826 3865 cst,
851 3814 910 3876 quo
933 3792 1022 3855 modo
1044 3795 1151 3856 luerat.
1186 3794 1238 3855 sed
1261 3794 1392 3873 quamvls
1415 3812 1469 3872 per
1493 3796 1604 3874 ipsum

296 3919 356 3960 non
378 3897 476 3967 cedat,
500 3905 599 3957 tamen
622 3898 796 3976 peripsum
819 3899 937 3967 scimus,
961 3896 1032 3977 quid
1055 3898 1093 3957 sit
1115 3894 1231 3957 cudere.
1278 3894 1395 3975 quando
1418 3896 1498 3954 enim
1524 3896 1604 3957 dico

297 4001 415 4071 doctus,
439 4017 498 4058 non
520 4001 579 4060 iam
602 3998 709 4059 cecidit
731 3998 788 4059 hoc
810 4016 937 4068 nomen,
962 3996 1013 4059 sed
1037 3999 1094 4068 sic,
1119 4015 1177 4077 quo
1200 3996 1288 4057 modo
1311 4004 1357 4057 est
1377 3994 1524 4065 naturale,
1554 4002 1604 4061 sic

367 4171 460 4222 litem
476 4170 707 4220 AGautemcorr.
726 4169 787 4218 item
805 4170 831 4218 B
879 4166 1226 4218 ldennoBGodencqu
1275 4162 1383 4231 simplex
1396 4166 1485 4227 omA,
1500 4168 1607 4219 cuma

365 4240 511 4306 5potest0
561 4239 623 4290 tex
641 4238 805 4304 conpluribus
818 4239 844 4288 B
896 4238 913 4288 8
927 4246 1011 4304 potest
1025 4238 1058 4287 de
1076 4234 1240 4304 conpluribus
1259 4238 1338 4301 (corr.
1354 4236 1470 4301 pluribus
1483 4234 1513 4297 a)
1532 4254 1607 4289 con-

296 4326 391 4378 ponere
403 4310 476 4360 ABG
525 4311 543 4362 9
560 4326 621 4376 ergo
637 4310 739 4374 quando
753 4318 791 4359 est
802 4309 912 4373 simplex
924 4308 1027 4359 territus
1039 4306 1096 4356 dico
1109 4307 1257 4373 perterritus
1275 4306 1375 4369 quando
1389 4306 1446 4355 dico
1458 4307 1510 4355 inm
1525 4311 1607 4373 (iam

296 4398 342 4433 orn.
360 4380 392 4444 G)
415 4380 574 4444 conpositum
598 4388 637 4431 est
657 4378 833 4444 inperterritus
853 4378 954 4441 quando
974 4379 1031 4429 dico
1049 4378 1100 4427 iam
1116 4378 1274 4443 conpositum
1294 4375 1345 4439 (est
1363 4376 1424 4429 add.
1446 4376 1478 4440 0)
1498 4378 1606 4430 iterum

297 4450 448 4515 conponitur
463 4450 515 4500 BG
538 4465 600 4514 ergo
621 4448 722 4513 qrtnndo
746 4456 784 4497 est
808 4448 920 4513 simplex
943 4449 1046 4499 territus
1069 4448 1125 4497 dico
1145 4448 1292 4511 perterritus
1311 4445 1412 4509 quando
1430 4482 1436 4492 .
1519 4448 1607 4512 (dico

296 4520 472 4585 inperterritus
495 4520 557 4572 add.
576 4537 606 4576 α,
633 4521 683 4569 ism
705 4519 872 4583 compositum
899 4526 937 4569 est
955 4526 981 4569 el
1002 4518 1104 4581 qnando
1125 4517 1182 4567 dico
1202 4517 1262 4569 add.
1282 4513 1326 4577 11¹¹)
1353 4518 1402 4565 inm
1427 4520 1608 4582 conpositum

296 4593 386 4640 iterum
412 4591 563 4655 componitur
581 4590 606 4638 A
678 4590 711 4640 14
729 4588 837 4638 dicimus
857 4590 1004 4654 perterritus
1023 4587 1085 4638 Bo*
1110 4587 1217 4637 dicimus
1236 4588 1338 4637 territus
1357 4586 1408 4635 Ac
1478 4587 1513 4638 16
1535 4605 1608 4652 per-

297 4661 398 4710 territus
418 4668 455 4709 est
477 4660 567 4709 iterum
586 4660 608 4711 si
627 4659 698 4710 dicus
717 4659 811 4709 timens
830 4658 915 4708 Atto
985 4657 1017 4709 18
1038 4658 1120 4708 denuo
1141 4658 1215 4709 Bca
1237 4658 1337 4706 denouo
1357 4656 1381 4705 A
1452 4657 1486 4708 19
1506 4657 1609 4711 denuo

298 4730 369 4780 BGa
388 4730 487 4779 denouo
504 4731 528 4779 A
598 4726 725 4793 20quue]
743 4728 861 4791 quonium
878 4728 931 4779 Bo
997 4727 1243 4778 estrumentum
1261 4727 1417 4777 mutetAin
1435 4730 1610 4779 contrarium

298 4814 400 4847 sensum
416 4807 494 4849 mutet
513 4800 584 4850 Bes
638 4797 1016 4861 uouenuosscauenouon
1067 4798 1292 4847 succentorum
1313 4792 1609 4852 cedit'etlacindocto

298 4870 355 4920 ideo
371 4884 431 4937 ergo
451 4869 472 4919 0
1484 4882 1489 4953 t¹
