3350 5442
325 375 361 448 14
876 345 1051 450 cliuoso

341 508 362 548 p.
377 495 433 537 tato.
447 496 471 537 lii
485 492 508 535 P.

315 576 411 637 olfieio
435 575 604 655 deputatur,
629 593 688 636 non
711 575 807 636 ollioio
829 577 985 655 potestatis
1008 575 1090 635 ducit
1112 584 1142 635 et
1162 592 1281 635 nomen.
1310 593 1369 654 qua
1392 574 1472 636 enim
1492 574 1609 636 ratione

315 696 423 738 nomen
445 678 556 757 poterit
577 677 689 738 habere
711 685 857 756 potestas,
881 695 958 756 quae
980 676 1059 737 diem
1081 675 1274 738 nonhabet?

399 779 435 841 Et
456 780 524 859 quia
546 778 844 858 praetermittendum
866 779 939 840 mihi
961 797 1022 839 non
1037 780 1133 840 visum
1149 786 1193 840 est
1209 778 1288 858 quod
1304 785 1427 840 eventus
1442 778 1608 846 admonuit,

314 881 442 961 quodam
464 887 615 962 tempore,
646 880 716 941 dum
744 899 792 942 ars
819 883 850 941 in
873 879 1018 960 Capitolio
1039 880 1088 941 die
1110 882 1292 959 competenti
1313 887 1506 951 tractaretur,
1530 897 1609 940 uuus

314 1001 330 1042 e
354 981 530 1045 florentibus
556 982 711 1063 ¹discipulis
737 982 886 1044 lohannes
916 1001 933 1042 a
959 984 1151 1060 grammatico
1175 983 1259 1042 venia
1280 981 1427 1062 postulata
1447 981 1631 1043 intendensa

314 1087 344 1144 in
374 1084 501 1146 alterum
530 1084 694 1147 sciscitatus
721 1094 780 1155 est,
810 1103 868 1164 qua
895 1083 1061 1145 dilierentia
1090 1083 1148 1146 diei
1175 1083 1282 1144 debeat
1309 1083 1529 1147 consularis*
1559 1087 1608 1163 qui

315 1187 434 1247 nomine
457 1205 510 1247 suo
532 1189 600 1248 anni
623 1186 776 1248 circulum.
802 1205 846 1268 sp

812 1372 862 1434 DE
884 1372 1106 1435 PRONOMINE

217 1529 274 1592 357,
288 1529 303 1578 4
319 1538 335 1568 s
364 1519 439 1585 met,
454 1519 580 1571 nosmet.
598 1543 637 1553 -
659 1509 841 1572 Persona:
865 1512 933 1589 quia
955 1510 1036 1571 finita
1058 1510 1234 1587 pronomina
1258 1527 1402 1588 personas
1425 1511 1543 1571 liabent.
1568 1545 1609 1554 —-

314 1614 441 1675 Casus:
466 1613 551 1674 sicuti
566 1612 596 1672 in
613 1613 746 1680 nomine,
770 1612 810 1672 ita
827 1612 900 1672 etin
916 1612 1104 1690 pronomine.
1136 1628 1196 1671 non
1219 1613 1317 1672 omnia
1339 1614 1515 1691 pronomina
1537 1629 1608 1690 per·
1623 1630 1644 1668 ro

288 1732 404 1783 asonas
418 1712 543 1782 habent,
560 1715 617 1776 nisi
631 1719 745 1775 tantum
758 1713 848 1774 linita.
865 1749 900 1758 —
914 1711 1104 1773 interdum
1120 1715 1274 1792 recipit:
1290 1713 1357 1774 ideo
1373 1711 1523 1774 interdum
1539 1715 1609 1790 quia

313 1816 391 1876 finita
414 1815 475 1877 sola
498 1833 641 1895 personas
663 1817 812 1894 recipiunt
829 1813 879 1893 [ab
894 1814 951 1874 hoc
966 1813 1045 1890 quod
1061 1813 1098 1874 de
1118 1816 1271 1893 praesenti
1291 1833 1420 1894 persona
1435 1815 1609 1894 tractetur}

288 1929 304 1977 o
321 1951 353 1961 -
372 1917 559 1997 Bipertita
576 1923 642 1977 est:
659 1935 720 1978 non
737 1925 782 1977 est
796 1915 947 1996 bipertita,
964 1915 1016 1978 sed
1032 1918 1189 1996 tripertita,
1206 1917 1273 1994 quia
1288 1924 1357 1977 sunt
1371 1917 1466 1987 linita,
1482 1918 1609 1988 infinita,

288 2020 413 2080 uminus
428 2037 516 2098 quam
532 2019 620 2080 finita.
648 2053 685 2064 -
708 2019 780 2096 Ego
803 2017 942 2079 tuille:
965 2016 1015 2078 alii
1030 2016 1131 2078 dicunt
1153 2017 1203 2078 ille
1225 2036 1286 2078 non
1309 2036 1375 2079 esse
1397 2020 1521 2088 finitum,
1538 2021 1610 2098 quia

288 2118 352 2183 ade
375 2119 506 2181 absentis
527 2138 654 2200 persona
678 2127 738 2190 est,
763 2128 792 2180 et
814 2127 859 2182 est
879 2120 1065 2181 verissimum
1089 2121 1182 2198 magis
1209 2139 1274 2181 esse
1295 2122 1450 2182 inlinitum.
1473 2155 1517 2164 —
1538 2119 1610 2182 Ea·
1624 2138 1646 2176 11·

313 2219 391 2281 dem
413 2221 508 2282 iere:
532 2221 599 2282 ideo
622 2223 732 2291 ‘leret
756 2223 824 2301 quia
847 2223 1010 2302 epicoenon
1033 2220 1216 2292 nonhabet,
1239 2232 1360 2301 praeter
1375 2224 1549 2302 epicoenon.
1566 2255 1611 2267 ·-

287 2325 357 2383 9Vt
378 2322 499 2403 qualis
517 2322 616 2384 talis:
641 2322 788 2403 qualitatis
802 2324 949 2393 infinitae,
970 2327 1039 2384 talis
1053 2328 1109 2402 vir,
1126 2323 1193 2385 talis
1207 2325 1327 2394 lemina,
1343 2324 1401 2385 tale
1415 2326 1609 2404 mancipium.

271 2434 302 2481 10
318 2460 352 2470 -
378 2424 434 2496 Qui
456 2426 620 2487 communis
646 2427 763 2486 numeri
787 2433 832 2486 est
853 2427 973 2504 generis
999 2425 1167 2496 masculini,
1197 2445 1273 2506 quae
1298 2425 1434 2488 similiter
1459 2428 1609 2489 lentinini.

271 2529 442 2588 audicimus
463 2529 541 2588 enim
565 2546 640 2607 quae
663 2526 769 2588 mulier
792 2535 822 2587 et
844 2547 919 2606 quae
940 2528 1091 2599 mulieres,
1116 2531 1165 2607 qui
1189 2532 1233 2590 vir
1256 2531 1358 2609 etqui
1381 2531 1445 2589 viri.
1468 2564 1511 2574 -
1533 2529 1610 2608 Ego

311 2645 517 2708 pronomen
540 2626 712 2710 lillnitum
735 2631 888 2708 generis
908 2627 1050 2712 omnis!
1075 2650 1228 2692 numero
1250 2631 1438 2710 singulari
1460 2632 1647 2709 liguraeso

312 2730 517 2811 simplicis:
547 2730 614 2792 ideo
647 2733 760 2810 ligurac
794 2730 953 2811 simplicis,
987 2735 1055 2810 quia
1087 2733 1157 2793 lacit
1189 2735 1387 2812 compositum
1415 2739 1541 2812 egomet.
1566 2767 1611 2777 —

272 2843 302 2890 tt
315 2833 502 2894 Personae
530 2835 687 2912 primae:
717 2835 811 2912 prima
842 2840 871 2893 et
893 2833 1023 2894 secunda
1051 2853 1179 2914 persona
1200 2837 1319 2914 generis
1346 2843 1415 2896 sunt
1437 2838 1544 2903 omnis.
1566 2871 1610 2878 —-

274 2932 340 2995 180
368 2953 385 2994 a
413 2953 466 2995 me
496 2929 662 3018 [ablativo]:
697 2937 727 2995 in
757 2933 899 3012 singulari
928 2954 1054 2996 numero
1072 2936 1175 3015 'prima
1203 2955 1331 3015 persona
1352 2938 1516 2998 vocativum
1545 2955 1610 2998 non

313 3035 418 3106 habet,
435 3037 502 3116 quia
524 3038 590 3115 ipse
614 3055 646 3097 se
667 3055 756 3097 nemo
777 3042 877 3114 potest
898 3055 1017 3106 vocare;
1040 3037 1186 3117 pluralem
1201 3039 1307 3111 inaltet.¹
1330 3041 1482 3116 genetivus
1496 3037 1609 3118 duplex

222 3125 223 3128 ¹
313 3146 372 3207 cst,
397 3136 450 3198 sed
473 3139 529 3197 mis
551 3140 671 3199 omnino
693 3140 724 3199 in
747 3156 800 3199 usu
823 3157 884 3199 non
907 3146 960 3199 est
993 3147 1022 3199 et
1045 3135 1118 3222 [hio]
1141 3141 1172 3200 in
1192 3139 1300 3221 plurali
1320 3143 1474 3218 genetivus
1494 3141 1608 3221 duplex
1624 3159 1649 3197 sa

272 3252 302 3298 at
318 3246 362 3299 ost
391 3237 550 3319 [septimus
578 3249 623 3300 est
650 3239 793 3320 generis]
822 3277 865 3287 —
891 3232 975 3301 Tunc
1001 3258 1168 3321 pronomen
1195 3241 1245 3304 ille
1267 3244 1381 3304 finitum
1405 3251 1463 3313 est,
1487 3244 1609 3322 quando

313 3341 350 3401 tle
377 3351 533 3421 praesente
560 3341 683 3411 (licitum
713 3349 784 3403 tunc
812 3343 975 3412 inlinitum,
1005 3342 1124 3420 quando
1151 3343 1189 3404 de
1211 3344 1341 3406 absente.
1373 3380 1410 3389 —
1439 3345 1551 3415 Finita,
1576 3355 1611 3406 ut

314 3459 369 3520 ego
391 3449 422 3503 tu
444 3442 511 3512 ille;
540 3445 637 3504 minus
665 3463 752 3523 quam
774 3445 871 3515 linita,
901 3451 935 3504 nt
955 3445 1020 3521 ipse
1041 3445 1117 3514 iste;
1148 3444 1331 3517 articularia,
1355 3455 1388 3507 ut
1409 3445 1459 3506 hic
1481 3445 1610 3508 ethaeo

313 3553 342 3604 ct
364 3543 436 3614 hoo;
466 3544 650 3607 subiunctiva
673 3545 719 3606 vel
740 3545 877 3617 relativa,
902 3553 935 3606 ut
955 3547 997 3614 ls;
1027 3546 1154 3616 infinita,
1178 3554 1212 3607 ut
1233 3549 1299 3627 quis
1321 3566 1397 3628 quae
1418 3549 1512 3628 quod;
1535 3568 1609 3628 pos-

312 3648 437 3718 sessiva,
460 3654 499 3708 ut'
514 3666 598 3708 meus
621 3654 689 3709 tuus
712 3657 814 3710 noster
838 3656 944 3709 vester.
968 3681 1009 3690 -
1036 3647 1070 3709 ln
1093 3649 1205 3709 neutris
1226 3650 1454 3729 pronominibus
1475 3653 1553 3713 sicut
1575 3654 1609 3712 in
1624 3669 1650 3708 ao

312 3749 482 3810 nominibus
510 3756 568 3810 tam
596 3751 626 3810 in
650 3750 799 3829 singulari
827 3769 915 3830 quam
941 3751 973 3810 in
1001 3747 1109 3827 plurali
1135 3768 1261 3812 numero
1287 3760 1349 3814 tres
1376 3771 1462 3815 casus
1493 3753 1610 3814 similes

312 3857 396 3921 sunt,
420 3847 646 3932 {nominativus
674 3854 856 3913 accusativus
883 3859 914 3912 et
941 3853 1099 3914 vocativus.
1132 3885 1167 3895 -
1196 3850 1293 3914 Minus
1320 3872 1409 3934 quam
1436 3856 1517 3916 linita
1544 3855 1608 3917 duo

271 3960 401 4023 tosunt,
424 3955 488 4033 ipse
512 3962 540 4014 et
561 3955 626 4014 iste.
661 3987 695 3997 -
729 3953 828 4034 lpslus
855 3952 1028 4016 naturaliter
1049 3955 1092 4015 sic
1118 3954 1224 4034 accipit
1245 3962 1414 4018 accentum:
1449 3955 1536 4036 longa
1560 3966 1610 4018 cst

269 4056 441 4125 memmi,
465 4055 542 4116 sicut
565 4053 703 4117 etillius.
738 4089 780 4102 -
811 4057 929 4118 Minus
956 4073 1061 4134 quam
1087 4054 1212 4116 linita:
1247 4073 1321 4135 quae
1348 4076 1404 4119 nec
1426 4058 1508 4119 imita
1535 4069 1611 4120 sunt

314 4175 367 4218 nee
388 4157 510 4217 infinita.
556 4157 636 4218 finita
664 4160 838 4237 pronomina
867 4167 1040 4238 praesentes
1068 4175 1211 4235 personas
1239 4157 1362 4230 iaciunt,
1391 4160 1492 4221 minus
1514 4179 1606 4240 quam
1622 4180 1651 4220 aa

382 4361 443 4416 God.
464 4361 544 4414 Bern.
567 4364 575 4411 l
594 4359 694 4412 s*-11
715 4363 751 4416 3.’
813 4364 826 4414 l
851 4363 1003 4429 depotentur
1020 4376 1071 4411 non
1090 4361 1175 4412 olllcia
1193 4365 1324 4428 potestatis
1339 4365 1410 4415 ducit
1427 4379 1533 4416 examen

313 4433 328 4481 2
346 4439 404 4494 port
422 4431 497 4482 habet
519 4433 623 4484 duorum
638 4448 752 4483 uersuum
771 4436 878 4498 epatium
893 4437 1004 4484 relietum
1017 4439 1057 4482 eat
1119 4431 1241 4483 lidebeat
1255 4431 1260 4499 Ι
1276 4435 1443 4500 consularis†
1458 4435 1463 4504 Ι
1479 4436 1610 4502 (requitur

313 4504 420 4566 cpolim
440 4502 544 4554 duorum
565 4500 690 4566 cerream)
713 4505 757 4567 qui
781 4505 884 4553 nomine
905 4518 952 4555 suo
976 4504 1035 4552 anni
1059 4502 1179 4552 circulum
1200 4501 1203 4566 l
1223 4501 1287 4566 (rena
1304 4505 1409 4569 scheda,
1429 4520 1494 4572 quoe
1514 4508 1610 4569 suerat

310 4572 394 4635 prima
413 4573 516 4623 secundi
539 4575 723 4640 quaternionis,
746 4572 837 4639 periit)
861 4583 912 4624 met
934 4581 1034 4625 nosmet
1105 4573 1135 4623 tt
1155 4589 1205 4623 nou
1224 4589 1280 4623 esse
1297 4573 1368 4623 linita
1438 4577 1469 4627 17
1487 4578 1545 4627 talis
1565 4580 1610 4627 vir

314 4657 362 4695 o.
435 4641 468 4692 18
487 4642 594 4693 dicimus
615 4659 660 4693 om.
732 4643 763 4694 21
788 4645 928 4709 composita
997 4642 1163 4695 25mieom.
1234 4643 1268 4695 30
1287 4646 1314 4693 in
1333 4647 1547 4696 neutris-iste
1565 4648 1613 4698 bie

313 4714 410 4776 scripta
427 4723 484 4764 sunt
559 4710 592 4764 tt
611 4712 628 4777 l]
647 4713 689 4764 hic

384 4887 417 4942 25
436 4886 482 4938 sed
501 4887 548 4936 mis
563 4887 685 4954 Hagenue
754 4883 788 4941 26
807 4885 852 4937 sed
871 4886 953 4938 omnis
972 4891 1011 4938 est
1028 4886 1131 4956 generis
1148 4885 1213 4936 idem
