3350 5442
265 277 326 342 136
390 341 393 347 ,
833 276 986 339 nonnuli

288 389 398 441 pst-tn
413 386 435 427 L.

263 467 398 551 eoquod
422 474 466 527 est
487 470 588 528 ‘torve
611 465 745 536 olamat’‚
775 466 977 528 ‘horrendum
1000 471 1137 528 resonat'
1161 485 1217 547 pro
1240 486 1275 529 eo
1298 466 1377 547 quod
1401 474 1446 528 est
1468 466 1558 527 ‘bor-

262 570 355 631 rende
383 570 530 630 resouat'.
568 588 639 629 ecoe
667 571 787 630 nomina
817 570 903 649 ponis
930 588 986 649 pro
1014 568 1170 631 adverbiis.
1208 571 1277 631 item
1306 569 1445 632 adverbia
1473 570 1559 649 ponis

262 671 503 752 pronominibus
519 673 710 742 econtrario,
734 673 760 732 si
781 671 862 732 dicas
878 689 944 732 oras
966 690 1062 732 mane.
1093 672 1165 733 dicit
1181 671 1325 751 Vergilius
1341 671 1374 732 ‘d
1385 692 1439 733 um
1455 691 1483 734 m
1493 690 1559 733 ane

264 778 426 836 novum':
456 776 523 860 iam·
543 793 629 836 mane
657 792 716 835 non
739 773 800 835 vuit
820 792 886 834 esse
908 773 1095 845 adverbium,
1126 774 1178 835 sed
1202 792 1323 835 nomen:
1362 794 1457 854 genus
1481 774 1558 834 eninr

184 929 187 933 .
263 896 323 939 non
347 878 455 938 accidit
476 876 632 947 adverbio,
656 874 709 937 sed
725 877 850 937 nomini.
881 894 917 936 ex
933 894 968 936 eo
984 877 1064 954 quod
1078 876 1152 937 dixit
1167 876 1272 937 ‘mane
1288 881 1414 939 novum'
1431 876 1588 937 ostendito

263 997 375 1058 genus:
408 980 433 1040 si
460 979 591 1040 ostendit
621 997 730 1057 genus,
763 979 835 1040 iecit
865 994 982 1039 nomen.
1025 979 1097 1039 item
1131 999 1188 1059 quo
1217 978 1304 1040 modo
1338 980 1407 1040 dicit
1439 980 1562 1040 Persius

264 1078 380 1142 ‘aliud
411 1086 526 1142 oras':
565 1080 645 1142 aliud
674 1099 740 1142 oras
767 1082 792 1141 si
814 1078 905 1141 babet
927 1098 1036 1159 genus,
1059 1082 1124 1142 sine
1146 1080 1237 1142 dubio
1260 1100 1367 1143 nomeu
1391 1091 1446 1143 est.
1489 1082 1561 1141 item

264 1202 354 1264 quem
377 1183 412 1243 ad
436 1182 556 1245 modum
579 1182 652 1243 dicit
673 1182 831 1243 Terentius
1184 1176 1202 1209 ⁰

1087 1311 1285 1382 praeterea

416 1407 496 1485 ipso
518 1404 673 1465 meridie
696 1405 828 1466 iaeiam
857 1410 896 1465 ut
924 1403 1084 1483 stipulas
1113 1404 1285 1483 colligat:
1581 1446 1607 1483 ,0

266 1528 331 1605 ipso
353 1524 489 1594 meridie,
515 1541 610 1602 genus
631 1525 746 1603 posuit,
769 1525 834 1583 sine
858 1522 947 1584 dubio
971 1541 1079 1583 nomen
1103 1532 1156 1584 est.
1192 1524 1263 1604 quid
1287 1527 1376 1603 ergo?
1400 1525 1485 1606 [ergo
1510 1544 1564 1585 no-

266 1628 347 1687 mina
369 1625 489 1707 quando
510 1635 581 1687 sunt
602 1625 756 1696 adverbia,
780 1627 838 1687 iam
861 1626 1008 1705 incipiunt
1029 1644 1115 1687 casus
1137 1625 1274 1708 babere]¹
1298 1625 1354 1687 boo
1376 1630 1458 1689 scito.
1491 1646 1564 1705 ergo

267 1731 387 1791 nomina
410 1729 529 1810 quando
552 1736 620 1789 sunt
641 1727 794 1799 adverbia,
818 1729 966 1807 incipiunt
987 1746 1074 1791 casus
1097 1747 1155 1789 non
1179 1726 1299 1789 babere.
1345 1748 1403 1809 qua
1429 1730 1565 1790 ratione?

267 1832 346 1910 quia,
370 1833 395 1893 si
419 1832 536 1893 nomina
560 1830 649 1894 modo
672 1850 733 1893 non
754 1850 808 1910 pro
831 1828 1002 1891 nominibus
1024 1832 1121 1909 posita
1142 1838 1220 1902 sunt,
1244 1831 1295 1891 sed
1318 1851 1373 1911 pro
1396 1830 1565 1913 advenibiis,

267 1933 405 1996 adverbia
428 1942 527 1996 autem
550 1952 635 1995 casus
658 1952 718 1994 non
741 1932 865 2004 babent,
891 1930 1000 1993 debent
1015 1932 1103 1995 etiam
1118 1932 1168 1994 iiia
1192 1935 1319 2003 nomina,
1344 1952 1418 2014 qnae
1434 1934 1565 2011 iungun·
1582 1952 1607 1991 15

267 2045 316 2097 tur
339 2037 432 2098 vicem
455 2035 678 2105 adverbiorum,
702 2044 789 2096 casus
808 2054 868 2095 non
891 2034 1011 2095 habere.
1049 2036 1119 2095 item
1143 2034 1307 2105 videamus,
1331 2045 1429 2098 utrum
1453 2055 1470 2096 e
1493 2055 1565 2097 con·

267 2140 363 2198 trario
386 2137 443 2198 boo
465 2139 562 2217 ipsum
584 2139 679 2217 possit
701 2138 776 2204 deri,
800 2143 897 2198 utrum
921 2135 1058 2199 adverbia
1082 2139 1193 2215 possint
1215 2156 1269 2217 pro
1293 2138 1460 2199 nominibus
1484 2140 1567 2218 poni.

268 2258 329 2302 non
351 2246 452 2320 potest
472 2240 552 2300 deri:
576 2241 695 2300 nomina
719 2240 798 2299 enim
820 2257 906 2299 rasus
928 2240 1086 2319 recipiunt.
1118 2241 1206 2318 nequi
1225 2240 1277 2301 tibi
1293 2240 1371 2300 dioat
1392 2242 1434 2300 ‘si
1449 2240 1565 2320 aliquo-

268 2344 346 2404 tiens
367 2342 518 2419 fungimur
541 2340 681 2402 adverbio
703 2360 759 2421 pro
782 2342 916 2409 nomine,
941 2339 1082 2402 debemus
1105 2342 1192 2402 etiam
1215 2341 1364 2403 declinare
1387 2342 1444 2403 boo
1466 2344 1566 2422 ipsum

269 2444 472 2506 adverbinm’.
505 2461 564 2503 non
587 2450 693 2523 potest.
723 2460 792 2503 nam
814 2461 923 2503 nomen
947 2442 1064 2523 quando
1087 2460 1141 2521 pro
1164 2442 1303 2503 adverbio
1326 2444 1459 2523 ponitur,
1485 2452 1567 2505 tenet
1581 2464 1607 2503 ao

269 2565 369 2614 casum
393 2545 566 2606 adverbium
591 2565 661 2607 vero
684 2544 802 2625 quaudo
825 2546 933 2606 transit
954 2546 985 2604 in
1008 2562 1134 2616 nomen,
1160 2564 1344 2626 nequaquam
1367 2553 1465 2626 potest
1487 2548 1565 2607 aoei-

269 2668 342 2730 pere
369 2668 481 2710 casum.
518 2666 557 2708 ne
584 2646 667 2708 dicas
694 2646 782 2716 mibi,
811 2645 886 2707 ‘boc
908 2663 1009 2707 mane:
1041 2665 1112 2725 orgo
1140 2648 1166 2707 si
1188 2648 1245 2708 boo
1267 2668 1353 2709 mane
1377 2668 1486 2710 uomen
1511 2657 1566 2719 est,

269 2750 362 2812 debes
384 2749 534 2811 declinare
557 2750 643 2810 buius
665 2750 761 2810 manis
784 2747 854 2809 huic
885 2750 990 2809 mani'.
1030 2768 1089 2809 non
1111 2751 1278 2810 invenimus
1300 2752 1444 2811 rationem
1468 2750 1566 2817 istam,

269 2872 330 2914 non
358 2859 456 2932 potest
483 2853 567 2928 sequi
595 2860 627 2912 ut
650 2849 826 2912 declinetur.
865 2857 962 2913 tamen
985 2849 1111 2928 legimus
1134 2852 1210 2931 apud
1233 2851 1370 2913 Plautum
1393 2852 1567 2913 declinatio-

271 2974 338 3016 nem
367 2956 477 3033 ipsam,
507 2957 541 3011 ‘a
569 2954 687 3033 primo
716 2953 840 3012 mani'.
880 2952 958 3013 unde
987 2936 1067 3013 venit
1093 2972 1109 3012 a
1139 2954 1231 3024 urani,
1262 2955 1317 3013 nisi
1347 2955 1385 3014 sit
1407 2953 1567 3015 declinatio
1581 2976 1606 3017 25

189 3117 191 3120 ,
270 3075 357 3118 mane
381 3057 476 3117 manis
499 3056 597 3116 mauii
619 3072 721 3123 mane,
745 3054 824 3114 unde
848 3056 927 3113 venit
950 3073 965 3115 a
989 3055 1086 3134 primo
1109 3056 1203 3123 mani,
1234 3057 1303 3116 iecit
1326 3054 1566 3116 declinationem.

269 3158 322 3229 sed
345 3164 444 3218 tamen
467 3175 522 3217 nos
545 3175 604 3217 non
627 3155 769 3217 debemus
791 3155 951 3216 declinare.
985 3162 1041 3236 qna
1066 3157 1198 3217 ratione?
1233 3158 1274 3218 vis
1296 3159 1390 3217 seire?
1427 3158 1566 3236 quoniam

270 3260 444 3322 odvmbium
467 3260 586 3339 penitus
609 3276 668 3318 non
690 3265 789 3338 potest
810 3257 967 3327 declinari,
992 3278 1048 3319 neo
1070 3258 1120 3319 iile
1143 3258 1284 3329 deeiinat,
1309 3262 1360 3339 qui
1383 3278 1493 3319 nomen
1516 3259 1568 3319 ad·

272 3363 372 3424 sumit.
405 3361 523 3440 quando
545 3361 672 3422 dicimus
694 3362 827 3421 ‘torvum
851 3360 985 3429 elamat’,
1011 3368 1126 3422 torvum
1150 3361 1238 3422 modo
1261 3360 1433 3423 adverbium
1457 3372 1515 3431 est,
1541 3369 1570 3422 et

271 3466 402 3545 positum
426 3473 471 3525 est
492 3471 608 3524 torvum
630 3481 686 3542 pro
709 3471 801 3523 torve.
834 3462 975 3543 numquid
999 3461 1069 3523 lieet
1084 3463 1156 3523 mihi
1179 3462 1278 3524 dicere
1300 3470 1368 3543 puta
1391 3466 1485 3524 ‘torvi
1507 3464 1566 3525 oia·
1582 3490 1606 3527 ao

272 3572 361 3637 mat’,
384 3566 485 3626 ‘torvo
508 3563 643 3634 clamat',
666 3564 700 3625 ‘a
723 3572 807 3625 torvo
830 3562 972 3625 oiamat'?
1000 3564 1165 3635 nonlicet,
1195 3565 1246 3626 sed
1270 3564 1274 3647 Ι
1299 3564 1382 3626 ilium
1405 3584 1494 3627 unum
1519 3586 1570 3627 oa·

271 3688 336 3736 sum
364 3685 449 3729 sumo
477 3666 513 3727 ad
544 3669 779 3746 usurpationem.
815 3669 840 3728 si
869 3686 942 3745 ergo
971 3685 1062 3727 unum
1092 3684 1193 3728 nasum
1221 3686 1319 3737 sumo,
1350 3667 1468 3747 quando
1492 3670 1570 3729 facio

273 3770 460 3840 adverbium,
485 3776 515 3829 et
537 3786 652 3847 nequeo
676 3768 749 3829 aiios
771 3788 858 3830 casus
881 3770 1052 3837 adsumere,
1077 3770 1119 3829 sic
1143 3770 1232 3830 etiam
1255 3769 1427 3830 adverbium
1450 3770 1570 3850 quando

273 3873 422 3936 transiero
444 3874 475 3932 in
498 3888 621 3942 nomen,
645 3890 705 3931 non
729 3872 801 3932 mibi
823 3870 925 3932 iicebit
940 3870 1103 3941 declinare,
1127 3871 1179 3933 sed
1203 3869 1259 3932 boo
1281 3872 1379 3951 ipsum
1394 3872 1569 3933 adverbium

272 3995 327 4058 pro
351 3976 470 4037 nomine
492 3991 614 4052 ponere.
1584 3998 1607 4035 aa

343 4231 439 4282 ddum
458 4226 543 4294 mane]
568 4230 647 4294 Verp.
662 4244 752 4295 peorp.
768 4229 801 4278 ru
820 4228 871 4280 325
941 4231 956 4280 4
976 4228 1022 4279 sed
1044 4243 1133 4277 nomen
1152 4242 1197 4278 om.
1216 4228 1250 4288 Α,
1268 4229 1329 4283 odd.
1349 4246 1365 4279 a
1436 4232 1503 4279 enim
1522 4244 1569 4281 orn.

274 4304 309 4366 A,
328 4304 389 4354 add.
408 4317 425 4351 a
494 4300 510 4352 6
529 4296 643 4365 Persius]
664 4310 713 4352 eat.
731 4298 756 4362 b,
773 4297 808 4349 68
878 4298 895 4349 8
912 4296 1057 4364 Terentius]
1075 4298 1183 4363 Adelph.
1204 4298 1263 4361 v3,
1280 4298 1312 4350 61
1386 4300 1419 4352 10
1438 4298 1529 4349 iuriam
1545 4312 1571 4348 nt

275 4373 383 4437 stipulas
401 4368 489 4422 nea·
507 4370 599 4419 iactam
616 4410 705 4423 .....
719 4368 826 4436 stipulas
840 4368 865 4419 A
918 4370 949 4421 11
969 4369 1031 4431 quid
1050 4384 1111 4433 ergo
1131 4370 1240 4420 nominat.
1252 4370 1353 4433 quando
1373 4377 1433 4419 sunt
1449 4369 1571 4419 aduerbia

275 4444 325 4493 iam
344 4442 471 4509 incipiunt
488 4455 563 4490 cesus
582 4436 632 4489 n'on
652 4438 813 4503 habereque
831 4440 928 4489 ratione
946 4438 997 4489 BG
1055 4439 1087 4489 14
1105 4440 1179 4502 qrrasi
1198 4440 1300 4489 nomina
1315 4439 1374 4489 AB
1391 4440 1453 4504 quia
1467 4440 1570 4490 nomina

276 4511 316 4563 Gb
387 4512 420 4563 lo
438 4511 521 4561 uicem
539 4510 716 4561 AGuooeB
733 4508 823 4558 niced
896 4510 927 4560 17
942 4508 1003 4575 poni
1017 4515 1042 4557 et
1059 4524 1133 4557 ossus
1152 4508 1278 4559 baberet
1350 4510 1384 4559 ¹20
1403 4510 1506 4575 ponitur
1520 4524 1569 4557 non

276 4588 344 4631 tenet
361 4581 386 4632 B
455 4582 490 4631 24
508 4581 576 4646 apud
597 4576 723 4646 Plautum]
746 4578 859 4631 Moeteli.
882 4578 958 4640 1112,
979 4577 1013 4629 80
1033 4579 1096 4641 (767
1110 4578 1158 4643 R):
1177 4578 1212 4641 os.
1233 4580 1302 4642 infra
1316 4595 1345 4643 p.
1362 4579 1414 4631 358
1430 4580 1470 4633 ed.
1491 4580 1570 4633 nina.

345 4701 380 4753 25
397 4700 448 4750 nisi
465 4702 499 4751 sit
515 4700 554 4751 Ob
581 4702 629 4750 nisi
646 4701 669 4750 si
685 4701 718 4752 sit
736 4700 760 4749 Α
779 4700 828 4749 nisi
850 4741 874 4753 ..
895 4700 928 4751 sit
947 4701 972 4750 B
1042 4700 1076 4751 26
1094 4714 1168 4749 mane
1184 4700 1265 4750 manis
1285 4700 1360 4750 noa
1379 4715 1452 4750 mane
1471 4676 1571 4752 menide

277 4771 301 4822 Α
372 4785 388 4820 a
404 4772 487 4836 primo
507 4770 575 4821 mani
591 4769 683 4821 noa*
701 4786 715 4820 a
730 4770 813 4837 primo
831 4784 905 4821 mnne
923 4771 947 4820 Α
1000 4771 1033 4821 27
1053 4770 1202 4820 adverbium
1218 4785 1265 4822 orn.
1279 4769 1363 4822 ABG
