3350 5442
154 1972 326 2034 Fluentibus
347 1971 446 2034 verbis
469 1969 574 2032 scribis
597 1972 633 2032 ad
656 1991 718 2042 me,
741 1977 775 2030 ut
790 1989 823 2032 ea
840 1972 961 2051 quaein
976 1977 1039 2031 arte
1055 1975 1177 2048 utraque
1192 1965 1355 2026 doctissimi

85 2077 176 2137 donati
197 2074 339 2137 nebulosa
363 2073 488 2152 caligine
510 2073 635 2154 legentis
657 2073 818 2135 obscurant
838 2074 986 2134 inscitiam
1007 2070 1106 2133 lucido
1121 2086 1258 2130 sermone
1274 2065 1311 2127 ad
1326 2074 1356 2127 te

84 2176 246 2256 perferenda
268 2175 446 2246 rescribam,
471 2179 554 2257 quasi
577 2176 738 2256 quidquam
760 2176 798 2237 sit
819 2175 898 2255 quod
917 2174 1087 2254 indaginem
1102 2173 1144 2232 tui
1159 2173 1251 2232 vitare
1265 2170 1358 2249 possit

64 2279 182 2356 sugerii
203 2286 232 2358 et
252 2277 374 2340 alterius
389 2278 501 2358 laqueis
515 2280 640 2340 inretiri.
679 2296 782 2358 parce,
806 2277 989 2347 doctissime,
1013 2283 1150 2356 protervo
1165 2274 1281 2341 forsan,
1304 2270 1357 2332 sed

82 2389 157 2458 grato
178 2383 321 2442 sermoni:
351 2399 368 2440 o
391 2380 448 2441 tide
477 2379 615 2442 omnibus
642 2388 672 2442 et
693 2381 724 2441 in
746 2379 883 2442 omnibus
904 2379 976 2449 fide,
1004 2378 1062 2439 hoc
1089 2382 1203 2438 tantum
1230 2374 1358 2454 reperiri

84 2485 180 2562 potuit,
202 2485 232 2546 in
255 2501 313 2562 quo
336 2483 379 2544 ias
401 2483 438 2542 sit
460 2481 513 2542 tibi
536 2482 594 2544 dici
617 2483 793 2544 ‘mentiris’.
820 2481 890 2573 quid
912 2482 1002 2560 igitur
1023 2480 1147 2542 faciam?
1169 2477 1255 2538 video
1270 2459 1357 2555 quarn

84 2583 225 2666 scopuloso
253 2583 424 2662 difficilique
453 2585 484 2645 in
512 2583 577 2645 loco
600 2584 785 2646 necessitudo
809 2592 949 2645 versetur.
980 2582 1135 2643 indevotus
1162 2599 1210 2640 me
1238 2596 1357 2658 quoque

85 2694 225 2748 accusante
239 2687 388 2767 reperiar,
412 2685 568 2764 adgrediar
590 2689 764 2748 temeritatis
779 2685 912 2757 flatibus,
936 2691 1019 2746 aestu
1033 2682 1199 2763 procelloso
1214 2681 1356 2743 iactabor,

54 2797 124 2850 nest
142 2791 223 2860 tanti,
252 2789 427 2850 temerarius
448 2791 595 2868 corrigar,
625 2807 712 2868 quam
735 2790 856 2850 nomine
877 2786 1041 2848 conditoris
1063 2785 1187 2856 afficiar,
1216 2803 1271 2864 pro
1300 2801 1358 2863 quo

84 2890 116 2950 de
141 2891 257 2953 dirersis
277 2897 281 2966 Ι
300 2889 452 2952 veteribus
479 2897 563 2971 aptos
590 2891 658 2953 huic
688 2893 771 2972 operi
798 2891 909 2969 sumpsi
935 2894 1076 2950 tractatus
1103 2895 1190 2968 atque
1218 2885 1265 2946 his
1292 2903 1358 2946 mea

84 3011 202 3074 quoque,
224 3001 256 3054 ut
278 2994 360 3073 potui
383 3001 413 3054 et
434 3011 509 3073 quae
530 2993 626 3073 potui,
649 3013 704 3073 pro
727 2991 874 3054 bacchare
889 2991 1024 3072 copulavi
1038 2988 1202 3070 ablatisque
1216 2987 1359 3049 limitibus

84 3113 178 3174 rampo
208 3094 297 3176 plano
330 3095 471 3176 dispersi,
506 3103 539 3155 ut
565 3094 753 3156 inoffensibili
782 3113 871 3156 cursu
898 3094 1012 3156 tructus
1043 3094 1098 3156 sibi
1123 3092 1219 3158 lector
1241 3089 1360 3169 colligat

83 3204 231 3258 maturatos
252 3215 318 3258 usu.
341 3216 390 3259 me
412 3199 469 3258 tuis
492 3199 658 3278 praeceptis
673 3197 843 3276 adgressum
860 3198 1066 3276 circumspice,
1090 3194 1256 3257 luxuriosos
1270 3191 1360 3253 tonde

55 3313 238 3368 esermones,
264 3298 432 3376 doctiloqua
448 3300 526 3360 serie
541 3300 719 3376 corrigentis
736 3298 862 3359 extende
877 3306 976 3368 curta,
999 3298 1154 3367 caudiiica,
1177 3302 1211 3356 ut
1226 3295 1262 3356 ad
1277 3302 1359 3356 tuum

84 3398 229 3461 arbitrium
252 3407 358 3462 cuncta
382 3401 536 3463 videantur
560 3408 681 3463 tractata
704 3399 813 3462 relecta
837 3400 959 3480 digesta.
983 3399 1082 3474 valet

144 3656 229 3708 Codex
245 3657 387 3708 Bemensia
406 3655 416 3706 1
436 3659 459 3708 1.
479 3655 519 3709 1*.
605 3651 623 3708 '1
641 3671 703 3708 sono
724 3696 771 3709 ...
792 3670 841 3706 aar
925 3669 1046 3706 lauturus
1065 3651 1070 3719 Ι
1093 3668 1229 3704 onnooruos
1248 3649 1362 3719 (litterae

84 3729 167 3777 receuti
182 3743 254 3777 manu
272 3727 396 3778 obductae
416 3738 482 3781 sunt.
511 3730 536 3778 in
554 3730 640 3778 altera
658 3727 777 3791 morpinis
795 3733 871 3790 porte
888 3727 984 3775 recenti
1000 3741 1073 3773 rnonu
1090 3725 1242 3786 adscriptum
1256 3731 1295 3773 est
1310 3723 1359 3772 cle-

84 3797 144 3845 donii
158 3798 162 3857 Ι
177 3797 287 3848 clenodii
306 3791 468 3864 gratmctioa,
486 3800 512 3848 ic
530 3801 614 3848 attero
632 3800 771 3848 recentiore
796 3797 869 3846 etiarn
895 3812 969 3846 manu
994 3795 1129 3845 Cteuodins
1155 3794 1181 3842 in
1206 3793 1314 3859 primam
1337 3803 1361 3842 et

84 3867 208 3916 meandum
220 3870 306 3918 Artem
320 3865 425 3929 Donati)
439 3868 509 3934 c†u›
518 3883 631 3920 aricinos
647 3881 758 3917 nnnronn
777 3880 892 3917 usrnnno
908 3864 913 3928 Ι
929 3880 1087 3916 nnrrxrsrsrr
1100 3903 1123 3918 ..
1134 3905 1157 3916 ..
1173 3880 1219 3914 nro
1238 3878 1299 3914 cncr
1311 3879 1366 3927 oon¹

85 3937 251 3989 transaricus
320 3938 578 3989 tobscurntinscitia
598 3941 637 3988 vel
650 3965 683 3973 —
701 3952 729 3986 as
790 3945 842 3986 otte
910 3936 1066 4000 equiquam
1137 3934 1293 4000 ‘irepperiri

85 4005 226 4071 dquoquae
298 4007 330 4058 10
354 4009 484 4071 repperiar
555 4008 587 4058 l‘t
610 4007 691 4058 sumai
761 4017 836 4070 arque
860 4004 913 4070 his]
939 4005 1044 4070 aquebis
1116 4005 1149 4054 14
1167 4003 1244 4070 piano
1266 4005 1364 4053 recenti

85 4091 145 4125 mn
161 4079 338 4212 scriptionlect
407 4077 439 4129 15
457 4077 653 4128 maturatosiusn
671 4083 699 4126 ot
715 4077 813 4128 videtur
884 4089 989 4143 agressa
1006 4082 1035 4125 ut
1052 4076 1151 4126 cidem
1221 4071 1362 4139 leoque

144 4147 174 4198 17
196 4155 285 4197 cuncta
316 4155 391 4198 cunta

142 4371 158 4422 3
177 4373 302 4439 Apicibus
317 4371 423 4424 meliore
436 4369 539 4422 metallo
558 4367 650 4420 defixis
669 4369 726 4420 stilo
746 4367 825 4420 multo
844 4369 945 4419 tectiore
957 4367 1094 4420 fluentibus
1112 4373 1159 4416 etc.
1179 4365 1284 4415 wniecit
1295 4363 1364 4413 Her-
1458 4388 1464 4402 ·

86 4457 176 4494 amu
187 4443 312 4510 anerme
364 4443 537 4493 iobscurnnt
556 4440 587 4490 ob
603 4439 727 4490 inscitiam
746 4440 877 4506 ingenium
891 4440 954 4490 idem
1024 4439 1055 4488 12
1074 4449 1148 4500 arque
1164 4432 1217 4500 his]
1238 4449 1253 4484 a
1271 4434 1364 4497 quibus

88 4511 206 4564 nocuas
278 4515 310 4565 15
329 4521 471 4564 maturatos
490 4515 548 4562 nisu
566 4510 698 4561 hormino
