<?xml version="1.0" encoding="UTF-8"?>
<!DOCTYPE html PUBLIC "-//W3C//DTD XHTML 1.0 Transitional//EN"
    "http://www.w3.org/TR/xhtml1/DTD/xhtml1-transitional.dtd">
<html xmlns="http://www.w3.org/1999/xhtml" xml:lang="en" lang="en">
 <head>
  <title>
</title>
<meta http-equiv="Content-Type" content="text/html;charset=utf-8" />
  <meta name='ocr-system' content='tesseract 3.04.00' />
  <meta name='ocr-capabilities' content='ocr_page ocr_carea ocr_par ocr_line ocrx_word'/>
</head>
<body>
  <div class='ocr_page' id='page_1' title='image "./grammaticilatin02hagagoog_0168.png"; bbox 0 0 3350 5442; ppageno 0'>
   <div class='ocr_carea' id='block_1_1' title="bbox 591 394 1360 461">
    <p class='ocr_par' dir='ltr' id='par_1_1' title="bbox 591 394 1360 461">
     <span class='ocr_line' id='line_1_1' title="bbox 591 394 1360 461; baseline -0.004 0"><span class='ocrx_word' id='word_1_1' title='bbox 591 399 829 461; x_wconf 81' lang='lat' dir='ltr'><strong>COMMENTVM</strong></span> <span class='ocrx_word' id='word_1_2' title='bbox 1300 394 1360 459; x_wconf 84' lang='lat'><strong>159</strong></span> 
     </span>
    </p>
   </div>
   <div class='ocr_carea' id='block_1_2' title="bbox 41 504 1363 2687">
    <p class='ocr_par' dir='ltr' id='par_1_2' title="bbox 52 504 1362 1483">
     <span class='ocr_line' id='line_1_2' title="bbox 1176 504 1334 559; baseline -0.006 -14"><span class='ocrx_word' id='word_1_3' title='bbox 1176 516 1197 559; x_wconf 91' lang='lat' dir='ltr'><strong>p.</strong></span> <span class='ocrx_word' id='word_1_4' title='bbox 1212 506 1300 546; x_wconf 78' lang='grc'><strong>142-44</strong></span> <span class='ocrx_word' id='word_1_5' title='bbox 1314 504 1334 545; x_wconf 72' lang='grc' dir='ltr'><strong>Ι,</strong></span> 
     </span>
     <span class='ocr_line' id='line_1_3' title="bbox 75 586 1360 665; baseline -0.005 -15"><span class='ocrx_word' id='word_1_6' title='bbox 75 592 101 650; x_wconf 92' lang='lat' dir='ltr'><strong>iu</strong></span> <span class='ocrx_word' id='word_1_7' title='bbox 127 608 212 651; x_wconf 90' lang='lat' dir='ltr'><strong>usum</strong></span> <span class='ocrx_word' id='word_1_8' title='bbox 240 594 400 658; x_wconf 85' lang='lat' dir='ltr'><strong>venerunt,</strong></span> <span class='ocrx_word' id='word_1_9' title='bbox 430 588 549 665; x_wconf 70' lang='lat' dir='ltr'><strong>ernaudo</strong></span> <span class='ocrx_word' id='word_1_10' title='bbox 577 588 680 650; x_wconf 81' lang='lat' dir='ltr'><strong>ilicunt</strong></span> <span class='ocrx_word' id='word_1_11' title='bbox 708 590 822 649; x_wconf 71' lang='lat' dir='ltr'><strong>‘Aenea</strong></span> <span class='ocrx_word' id='word_1_12' title='bbox 852 588 1040 648; x_wconf 79' lang='lat' dir='ltr'><strong>fortissime’.</strong></span> <span class='ocrx_word' id='word_1_13' title='bbox 1079 588 1104 646; x_wconf 90' lang='lat' dir='ltr'><strong>si</strong></span> <span class='ocrx_word' id='word_1_14' title='bbox 1133 586 1212 646; x_wconf 84' lang='lat' dir='ltr'><strong>dicas</strong></span> <span class='ocrx_word' id='word_1_15' title='bbox 1244 588 1360 646; x_wconf 79' lang='lat' dir='ltr'><strong>‘Aenea</strong></span> 
     </span>
     <span class='ocr_line' id='line_1_4' title="bbox 75 687 1361 771; baseline -0.003 -20"><span class='ocrx_word' id='word_1_16' title='bbox 75 692 254 771; x_wconf 84' lang='lat' dir='ltr'><strong>lortissime’,</strong></span> <span class='ocrx_word' id='word_1_17' title='bbox 277 707 337 751; x_wconf 90' lang='lat' dir='ltr'><strong>non</strong></span> <span class='ocrx_word' id='word_1_18' title='bbox 361 688 453 750; x_wconf 85' lang='lat' dir='ltr'><strong>hebet</strong></span> <span class='ocrx_word' id='word_1_19' title='bbox 480 692 641 760; x_wconf 87' lang='lat' dir='ltr'><strong>rationem,</strong></span> <span class='ocrx_word' id='word_1_20' title='bbox 671 691 729 750; x_wconf 88' lang='lat' dir='ltr'><strong>nisi</strong></span> <span class='ocrx_word' id='word_1_21' title='bbox 757 690 900 767; x_wconf 85' lang='lat' dir='ltr'><strong>adiungas</strong></span> <span class='ocrx_word' id='word_1_22' title='bbox 926 688 1012 758; x_wconf 90' lang='lat' dir='ltr'><strong>alios,</strong></span> <span class='ocrx_word' id='word_1_23' title='bbox 1042 687 1149 767; x_wconf 86' lang='lat' dir='ltr'><strong>quibus</strong></span> <span class='ocrx_word' id='word_1_24' title='bbox 1171 689 1270 767; x_wconf 88' lang='lat' dir='ltr'><strong>possis</strong></span> <span class='ocrx_word' id='word_1_25' title='bbox 1293 705 1361 747; x_wconf 88' lang='lat' dir='ltr'><strong>curn</strong></span> 
     </span>
     <span class='ocr_line' id='line_1_5' title="bbox 74 788 1361 873; baseline -0.004 -20"><span class='ocrx_word' id='word_1_26' title='bbox 74 793 233 873; x_wconf 79' lang='lat' dir='ltr'><strong>praeferre:</strong></span> <span class='ocrx_word' id='word_1_27' title='bbox 262 800 333 871; x_wconf 86' lang='lat' dir='ltr'><strong>puta</strong></span> <span class='ocrx_word' id='word_1_28' title='bbox 361 794 386 852; x_wconf 90' lang='lat' dir='ltr'><strong>si</strong></span> <span class='ocrx_word' id='word_1_29' title='bbox 414 792 496 852; x_wconf 84' lang='lat' dir='ltr'><strong>dicas</strong></span> <span class='ocrx_word' id='word_1_30' title='bbox 518 794 633 853; x_wconf 77' lang='lat' dir='ltr'><strong>‘Aenea</strong></span> <span class='ocrx_word' id='word_1_31' title='bbox 655 794 814 853; x_wconf 79' lang='lat' dir='ltr'><strong>fortissime</strong></span> <span class='ocrx_word' id='word_1_32' title='bbox 837 791 1033 853; x_wconf 91' lang='lat' dir='ltr'><strong>Troianorum</strong></span> <span class='ocrx_word' id='word_1_33' title='bbox 1042 794 1062 861; x_wconf 79' lang='lat'><strong>⁹,</strong></span> <span class='ocrx_word' id='word_1_34' title='bbox 1086 789 1174 851; x_wconf 91' lang='lat' dir='ltr'><strong>modo</strong></span> <span class='ocrx_word' id='word_1_35' title='bbox 1196 797 1253 849; x_wconf 83' lang='lat' dir='ltr'><strong>stat</strong></span> <span class='ocrx_word' id='word_1_36' title='bbox 1273 788 1361 868; x_wconf 89' lang='lat' dir='ltr'><strong>plena</strong></span> 
     </span>
     <span class='ocr_line' id='line_1_6' title="bbox 74 889 1359 971; baseline -0.004 -16"><span class='ocrx_word' id='word_1_37' title='bbox 74 896 204 955; x_wconf 84' lang='lat' dir='ltr'><strong>elocutio.</strong></span> <span class='ocrx_word' id='word_1_38' title='bbox 251 896 277 955; x_wconf 92' lang='lat' dir='ltr'><strong>si</strong></span> <span class='ocrx_word' id='word_1_39' title='bbox 305 901 403 955; x_wconf 81' lang='lat' dir='ltr'><strong>eutem</strong></span> <span class='ocrx_word' id='word_1_40' title='bbox 432 894 513 955; x_wconf 76' lang='lat' dir='ltr'><strong>elices</strong></span> <span class='ocrx_word' id='word_1_41' title='bbox 541 896 657 956; x_wconf 70' lang='lat' dir='ltr'><strong>‘Aenea</strong></span> <span class='ocrx_word' id='word_1_42' title='bbox 684 895 875 964; x_wconf 82' lang='lat' dir='ltr'><strong>fortissime&#39;‚</strong></span> <span class='ocrx_word' id='word_1_43' title='bbox 904 912 964 954; x_wconf 91' lang='lat' dir='ltr'><strong>non</strong></span> <span class='ocrx_word' id='word_1_44' title='bbox 991 892 1080 953; x_wconf 82' lang='lat' dir='ltr'><strong>stabit</strong></span> <span class='ocrx_word' id='word_1_45' title='bbox 1107 891 1194 971; x_wconf 90' lang='lat' dir='ltr'><strong>plena</strong></span> <span class='ocrx_word' id='word_1_46' title='bbox 1224 889 1359 952; x_wconf 81' lang='lat' dir='ltr'><strong>elocutio.</strong></span> 
     </span>
     <span class='ocr_line' id='line_1_7' title="bbox 52 992 1360 1076; baseline -0.001 -23"><span class='ocrx_word' id='word_1_47' title='bbox 52 998 145 1058; x_wconf 74' lang='lat' dir='ltr'><strong>ruurie</strong></span> <span class='ocrx_word' id='word_1_48' title='bbox 169 996 226 1057; x_wconf 89' lang='lat' dir='ltr'><strong>hoc</strong></span> <span class='ocrx_word' id='word_1_49' title='bbox 248 994 423 1074; x_wconf 80' lang='lat' dir='ltr'><strong>probamus,</strong></span> <span class='ocrx_word' id='word_1_50' title='bbox 447 998 587 1076; x_wconf 86' lang='lat' dir='ltr'><strong>quoniam</strong></span> <span class='ocrx_word' id='word_1_51' title='bbox 609 998 651 1057; x_wconf 87' lang='lat' dir='ltr'><strong>ita</strong></span> <span class='ocrx_word' id='word_1_52' title='bbox 675 996 764 1058; x_wconf 84' lang='lat' dir='ltr'><strong>debet</strong></span> <span class='ocrx_word' id='word_1_53' title='bbox 786 996 862 1057; x_wconf 77' lang='lat' dir='ltr'><strong>elici?</strong></span> <span class='ocrx_word' id='word_1_54' title='bbox 890 994 927 1055; x_wconf 90' lang='lat' dir='ltr'><strong>de</strong></span> <span class='ocrx_word' id='word_1_55' title='bbox 949 995 1138 1074; x_wconf 88' lang='lat' dir='ltr'><strong>conparatiro</strong></span> <span class='ocrx_word' id='word_1_56' title='bbox 1159 992 1210 1053; x_wconf 95' lang='lat' dir='ltr'><strong>illo</strong></span> <span class='ocrx_word' id='word_1_57' title='bbox 1232 993 1278 1053; x_wconf 87' lang='lat' dir='ltr'><strong>iac</strong></span> <span class='ocrx_word' id='word_1_58' title='bbox 1301 993 1360 1053; x_wconf 88' lang='lat' dir='ltr'><strong>elo·</strong></span> 
     </span>
     <span class='ocr_line' id='line_1_8' title="bbox 74 1094 1360 1177; baseline -0.004 -18"><span class='ocrx_word' id='word_1_59' title='bbox 74 1100 234 1167; x_wconf 89' lang='lat' dir='ltr'><strong>cntionem,</strong></span> <span class='ocrx_word' id='word_1_60' title='bbox 259 1104 289 1158; x_wconf 90' lang='lat' dir='ltr'><strong>et</strong></span> <span class='ocrx_word' id='word_1_61' title='bbox 309 1097 394 1168; x_wconf 87' lang='lat' dir='ltr'><strong>ride,</strong></span> <span class='ocrx_word' id='word_1_62' title='bbox 417 1100 529 1159; x_wconf 86' lang='lat' dir='ltr'><strong>sistat.</strong></span> <span class='ocrx_word' id='word_1_63' title='bbox 564 1098 696 1161; x_wconf 71' lang='lat' dir='ltr'><strong>‘Aeneas</strong></span> <span class='ocrx_word' id='word_1_64' title='bbox 718 1098 850 1168; x_wconf 80' lang='lat' dir='ltr'><strong>torrior’,</strong></span> <span class='ocrx_word' id='word_1_65' title='bbox 875 1096 1019 1177; x_wconf 88' lang='lat' dir='ltr'><strong>numquid</strong></span> <span class='ocrx_word' id='word_1_66' title='bbox 1040 1104 1138 1176; x_wconf 83' lang='lat' dir='ltr'><strong>potest</strong></span> <span class='ocrx_word' id='word_1_67' title='bbox 1160 1112 1224 1155; x_wconf 89' lang='lat' dir='ltr'><strong>csse</strong></span> <span class='ocrx_word' id='word_1_68' title='bbox 1246 1094 1360 1174; x_wconf 85' lang='lat' dir='ltr'><strong>aliquis,</strong></span> 
     </span>
     <span class='ocr_line' id='line_1_9' title="bbox 73 1198 1362 1279; baseline -0.003 -20"><span class='ocrx_word' id='word_1_69' title='bbox 73 1202 116 1279; x_wconf 70' lang='lat' dir='ltr'><strong>«pu</strong></span> <span class='ocrx_word' id='word_1_70' title='bbox 138 1199 195 1261; x_wconf 87' lang='lat' dir='ltr'><strong>lroc</strong></span> <span class='ocrx_word' id='word_1_71' title='bbox 217 1198 314 1260; x_wconf 80' lang='lat' dir='ltr'><strong>dicati</strong></span> <span class='ocrx_word' id='word_1_72' title='bbox 342 1200 395 1261; x_wconf 76' lang='lat' dir='ltr'><strong>scel</strong></span> <span class='ocrx_word' id='word_1_73' title='bbox 418 1200 499 1261; x_wconf 87' lang='lat' dir='ltr'><strong>dicat</strong></span> <span class='ocrx_word' id='word_1_74' title='bbox 521 1202 654 1261; x_wconf 74' lang='lat' dir='ltr'><strong>‘Aeneas</strong></span> <span class='ocrx_word' id='word_1_75' title='bbox 675 1201 782 1261; x_wconf 81' lang='lat' dir='ltr'><strong>fortior</strong></span> <span class='ocrx_word' id='word_1_76' title='bbox 804 1200 969 1260; x_wconf 84' lang='lat' dir='ltr'><strong>Troianis&#39;.</strong></span> <span class='ocrx_word' id='word_1_77' title='bbox 1014 1199 1038 1259; x_wconf 93' lang='lat' dir='ltr'><strong>si</strong></span> <span class='ocrx_word' id='word_1_78' title='bbox 1062 1216 1134 1275; x_wconf 88' lang='lat' dir='ltr'><strong>ergo</strong></span> <span class='ocrx_word' id='word_1_79' title='bbox 1156 1198 1362 1276; x_wconf 84' lang='lat' dir='ltr'><strong>conparativus</strong></span> 
     </span>
     <span class='ocr_line' id='line_1_10' title="bbox 74 1298 1361 1383; baseline -0.002 -22"><span class='ocrx_word' id='word_1_80' title='bbox 74 1304 158 1379; x_wconf 81' lang='lat' dir='ltr'><strong>erigit</strong></span> <span class='ocrx_word' id='word_1_81' title='bbox 180 1319 341 1381; x_wconf 81' lang='lat' dir='ltr'><strong>personas,</strong></span> <span class='ocrx_word' id='word_1_82' title='bbox 365 1302 474 1381; x_wconf 84' lang='lat' dir='ltr'><strong>quibus</strong></span> <span class='ocrx_word' id='word_1_83' title='bbox 496 1310 690 1383; x_wconf 81' lang='lat' dir='ltr'><strong>conparetur,</strong></span> <span class='ocrx_word' id='word_1_84' title='bbox 714 1308 826 1382; x_wconf 87' lang='lat' dir='ltr'><strong>quanto</strong></span> <span class='ocrx_word' id='word_1_85' title='bbox 848 1304 944 1377; x_wconf 75' lang='lat' dir='ltr'><strong>erupis</strong></span> <span class='ocrx_word' id='word_1_86' title='bbox 966 1298 1159 1379; x_wconf 88' lang='lat' dir='ltr'><strong>superlativus</strong></span> <span class='ocrx_word' id='word_1_87' title='bbox 1182 1300 1272 1377; x_wconf 83' lang='lat' dir='ltr'><strong>erigit</strong></span> <span class='ocrx_word' id='word_1_88' title='bbox 1293 1317 1361 1378; x_wconf 92' lang='lat' dir='ltr'><strong>pcr-</strong></span> 
     </span>
     <span class='ocr_line' id='line_1_11' title="bbox 73 1400 1360 1483; baseline -0.002 -19"><span class='ocrx_word' id='word_1_89' title='bbox 73 1422 169 1473; x_wconf 89' lang='lat' dir='ltr'><strong>sonas,</strong></span> <span class='ocrx_word' id='word_1_90' title='bbox 206 1404 314 1483; x_wconf 86' lang='lat' dir='ltr'><strong>quihus</strong></span> <span class='ocrx_word' id='word_1_91' title='bbox 345 1406 565 1483; x_wconf 74' lang='lat' dir='ltr'><strong>praeponatur?</strong></span> <span class='ocrx_word' id='word_1_92' title='bbox 599 1422 670 1482; x_wconf 90' lang='lat' dir='ltr'><strong>ergo</strong></span> <span class='ocrx_word' id='word_1_93' title='bbox 697 1404 781 1464; x_wconf 76' lang='lat' dir='ltr'><strong>vicies</strong></span> <span class='ocrx_word' id='word_1_94' title='bbox 809 1404 879 1483; x_wconf 84' lang='lat' dir='ltr'><strong>quia</strong></span> <span class='ocrx_word' id='word_1_95' title='bbox 906 1421 965 1463; x_wconf 89' lang='lat' dir='ltr'><strong>non</strong></span> <span class='ocrx_word' id='word_1_96' title='bbox 993 1420 1150 1481; x_wconf 92' lang='lat' dir='ltr'><strong>possumus</strong></span> <span class='ocrx_word' id='word_1_97' title='bbox 1177 1402 1217 1461; x_wconf 87' lang='lat' dir='ltr'><strong>ita</strong></span> <span class='ocrx_word' id='word_1_98' title='bbox 1251 1400 1360 1462; x_wconf 75' lang='lat' dir='ltr'><strong>(licere.</strong></span> 
     </span>
    </p>

    <p class='ocr_par' dir='ltr' id='par_1_3' title="bbox 44 1501 1361 1994">
     <span class='ocr_line' id='line_1_12' title="bbox 44 1501 1360 1585; baseline 0.002 -25"><span class='ocrx_word' id='word_1_99' title='bbox 44 1516 166 1566; x_wconf 69' lang='lat' dir='ltr'><strong>tutamen</strong></span> <span class='ocrx_word' id='word_1_100' title='bbox 194 1507 314 1567; x_wconf 82' lang='lat' dir='ltr'><strong>inventa</strong></span> <span class='ocrx_word' id='word_1_101' title='bbox 340 1514 385 1567; x_wconf 85' lang='lat' dir='ltr'><strong>cst</strong></span> <span class='ocrx_word' id='word_1_102' title='bbox 412 1506 547 1567; x_wconf 82' lang='lat' dir='ltr'><strong>defensio</strong></span> <span class='ocrx_word' id='word_1_103' title='bbox 574 1513 678 1567; x_wconf 87' lang='lat' dir='ltr'><strong>contra</strong></span> <span class='ocrx_word' id='word_1_104' title='bbox 707 1504 783 1565; x_wconf 89' lang='lat' dir='ltr'><strong>lranc</strong></span> <span class='ocrx_word' id='word_1_105' title='bbox 804 1524 889 1576; x_wconf 90' lang='lat' dir='ltr'><strong>rem,</strong></span> <span class='ocrx_word' id='word_1_106' title='bbox 913 1505 1023 1584; x_wconf 84' lang='lat' dir='ltr'><strong>optima</strong></span> <span class='ocrx_word' id='word_1_107' title='bbox 1046 1502 1164 1581; x_wconf 89' lang='lat' dir='ltr'><strong>quidem</strong></span> <span class='ocrx_word' id='word_1_108' title='bbox 1188 1512 1217 1563; x_wconf 88' lang='lat' dir='ltr'><strong>ct</strong></span> <span class='ocrx_word' id='word_1_109' title='bbox 1238 1501 1360 1585; x_wconf 69' lang='lat' dir='ltr'><strong>calliolo,</strong></span> 
     </span>
     <span class='ocr_line' id='line_1_13' title="bbox 72 1604 1360 1687; baseline -0.001 -22"><span class='ocrx_word' id='word_1_110' title='bbox 72 1608 117 1667; x_wconf 79' lang='lat' dir='ltr'><strong>seri</strong></span> <span class='ocrx_word' id='word_1_111' title='bbox 139 1608 240 1669; x_wconf 89' lang='lat' dir='ltr'><strong>minus</strong></span> <span class='ocrx_word' id='word_1_112' title='bbox 260 1607 360 1687; x_wconf 88' lang='lat' dir='ltr'><strong>plena.</strong></span> <span class='ocrx_word' id='word_1_113' title='bbox 387 1607 490 1668; x_wconf 83' lang='lat' dir='ltr'><strong>dicunt</strong></span> <span class='ocrx_word' id='word_1_114' title='bbox 511 1607 583 1668; x_wconf 89' lang='lat' dir='ltr'><strong>hoc:</strong></span> <span class='ocrx_word' id='word_1_115' title='bbox 607 1607 725 1686; x_wconf 89' lang='lat' dir='ltr'><strong>quando</strong></span> <span class='ocrx_word' id='word_1_116' title='bbox 740 1606 807 1667; x_wconf 76' lang='lat' dir='ltr'><strong>ilico</strong></span> <span class='ocrx_word' id='word_1_117' title='bbox 829 1607 945 1667; x_wconf 77' lang='lat' dir='ltr'><strong>‘Aenea</strong></span> <span class='ocrx_word' id='word_1_118' title='bbox 961 1606 1120 1668; x_wconf 84' lang='lat' dir='ltr'><strong>fortissime</strong></span> <span class='ocrx_word' id='word_1_119' title='bbox 1136 1604 1332 1665; x_wconf 88' lang='lat' dir='ltr'><strong>Troianorum</strong></span> <span class='ocrx_word' id='word_1_120' title='bbox 1341 1608 1360 1674; x_wconf 82' lang='lat'><strong>²,</strong></span> 
     </span>
     <span class='ocr_line' id='line_1_14' title="bbox 74 1705 1360 1778; baseline -0.002 -9"><span class='ocrx_word' id='word_1_121' title='bbox 74 1710 158 1770; x_wconf 77' lang='lat' dir='ltr'><strong>riocco</strong></span> <span class='ocrx_word' id='word_1_122' title='bbox 193 1728 263 1771; x_wconf 91' lang='lat' dir='ltr'><strong>eum</strong></span> <span class='ocrx_word' id='word_1_123' title='bbox 295 1710 488 1770; x_wconf 81' lang='lat' dir='ltr'><strong>fortissimum</strong></span> <span class='ocrx_word' id='word_1_124' title='bbox 522 1728 587 1770; x_wconf 88' lang='lat' dir='ltr'><strong>esse</strong></span> <span class='ocrx_word' id='word_1_125' title='bbox 609 1710 821 1778; x_wconf 64' lang='lat' dir='ltr'><strong>Troianorum</strong></span> <span class='ocrx_word' id='word_1_126' title='bbox 855 1711 880 1769; x_wconf 93' lang='lat' dir='ltr'><strong>si</strong></span> <span class='ocrx_word' id='word_1_127' title='bbox 908 1716 1007 1769; x_wconf 84' lang='lat' dir='ltr'><strong>autern</strong></span> <span class='ocrx_word' id='word_1_128' title='bbox 1037 1706 1132 1767; x_wconf 91' lang='lat' dir='ltr'><strong>solum</strong></span> <span class='ocrx_word' id='word_1_129' title='bbox 1166 1705 1222 1765; x_wconf 88' lang='lat' dir='ltr'><strong>lroc</strong></span> <span class='ocrx_word' id='word_1_130' title='bbox 1255 1706 1360 1775; x_wconf 84' lang='lat' dir='ltr'><strong>dicum,</strong></span> 
     </span>
     <span class='ocr_line' id='line_1_15' title="bbox 72 1810 1361 1891; baseline -0.002 -20"><span class='ocrx_word' id='word_1_131' title='bbox 72 1814 180 1872; x_wconf 71' lang='lat' dir='ltr'><strong>‘Aenea</strong></span> <span class='ocrx_word' id='word_1_132' title='bbox 213 1812 405 1882; x_wconf 81' lang='lat' dir='ltr'><strong>fortissime&#39;,</strong></span> <span class='ocrx_word' id='word_1_133' title='bbox 437 1812 548 1891; x_wconf 89' lang='lat' dir='ltr'><strong>incipio</strong></span> <span class='ocrx_word' id='word_1_134' title='bbox 582 1810 683 1871; x_wconf 86' lang='lat' dir='ltr'><strong>dicere</strong></span> <span class='ocrx_word' id='word_1_135' title='bbox 709 1813 808 1872; x_wconf 77' lang='lat' dir='ltr'><strong>Aenea</strong></span> <span class='ocrx_word' id='word_1_136' title='bbox 841 1811 1000 1871; x_wconf 85' lang='lat' dir='ltr'><strong>lortlssimc</strong></span> <span class='ocrx_word' id='word_1_137' title='bbox 1033 1812 1181 1877; x_wconf 90' lang='lat' dir='ltr'><strong>omnium,</strong></span> <span class='ocrx_word' id='word_1_138' title='bbox 1214 1810 1272 1869; x_wconf 88' lang='lat' dir='ltr'><strong>iarn</strong></span> <span class='ocrx_word' id='word_1_139' title='bbox 1301 1826 1361 1868; x_wconf 90' lang='lat' dir='ltr'><strong>uon</strong></span> 
     </span>
     <span class='ocr_line' id='line_1_16' title="bbox 73 1910 1361 1994; baseline -0.002 -21"><span class='ocrx_word' id='word_1_140' title='bbox 73 1914 264 1975; x_wconf 81' lang='lat' dir='ltr'><strong>Troianorum</strong></span> <span class='ocrx_word' id='word_1_141' title='bbox 287 1912 399 1984; x_wconf 85' lang='lat' dir='ltr'><strong>solum,</strong></span> <span class='ocrx_word' id='word_1_142' title='bbox 422 1914 474 1975; x_wconf 87' lang='lat' dir='ltr'><strong>sed</strong></span> <span class='ocrx_word' id='word_1_143' title='bbox 499 1914 642 1974; x_wconf 88' lang='lat' dir='ltr'><strong>omnium.</strong></span> <span class='ocrx_word' id='word_1_144' title='bbox 687 1922 732 1973; x_wconf 89' lang='lat' dir='ltr'><strong>est</strong></span> <span class='ocrx_word' id='word_1_145' title='bbox 753 1912 872 1994; x_wconf 83' lang='lat' dir='ltr'><strong>quidem</strong></span> <span class='ocrx_word' id='word_1_146' title='bbox 895 1912 971 1973; x_wconf 79' lang='lat' dir='ltr'><strong>ratio</strong></span> <span class='ocrx_word' id='word_1_147' title='bbox 994 1910 1086 1981; x_wconf 85' lang='lat' dir='ltr'><strong>boue,</strong></span> <span class='ocrx_word' id='word_1_148' title='bbox 1110 1910 1161 1971; x_wconf 73' lang='lat' dir='ltr'><strong>secl</strong></span> <span class='ocrx_word' id='word_1_149' title='bbox 1185 1910 1361 1972; x_wconf 82' lang='lat' dir='ltr'><strong>contradici-</strong></span> 
     </span>
    </p>

    <p class='ocr_par' dir='ltr' id='par_1_4' title="bbox 44 2014 1363 2501">
     <span class='ocr_line' id='line_1_17' title="bbox 44 2014 1360 2095; baseline 0.001 -23"><span class='ocrx_word' id='word_1_150' title='bbox 44 2026 115 2075; x_wconf 81' lang='lat' dir='ltr'><strong>crur</strong></span> <span class='ocrx_word' id='word_1_151' title='bbox 146 2014 234 2075; x_wconf 85' lang='lat' dir='ltr'><strong>uobis</strong></span> <span class='ocrx_word' id='word_1_152' title='bbox 266 2016 335 2093; x_wconf 86' lang='lat' dir='ltr'><strong>qnia</strong></span> <span class='ocrx_word' id='word_1_153' title='bbox 366 2016 563 2095; x_wconf 90' lang='lat' dir='ltr'><strong>superlativus</strong></span> <span class='ocrx_word' id='word_1_154' title='bbox 590 2023 693 2076; x_wconf 92' lang='lat' dir='ltr'><strong>nostro</strong></span> <span class='ocrx_word' id='word_1_155' title='bbox 721 2016 825 2093; x_wconf 82' lang='lat' dir='ltr'><strong>generi</strong></span> <span class='ocrx_word' id='word_1_156' title='bbox 854 2032 907 2075; x_wconf 92' lang='lat' dir='ltr'><strong>nos</strong></span> <span class='ocrx_word' id='word_1_157' title='bbox 939 2014 1085 2093; x_wconf 79' lang='lat' dir='ltr'><strong>praefert,</strong></span> <span class='ocrx_word' id='word_1_158' title='bbox 1117 2030 1177 2073; x_wconf 91' lang='lat' dir='ltr'><strong>non</strong></span> <span class='ocrx_word' id='word_1_159' title='bbox 1210 2021 1360 2074; x_wconf 82' lang='lat' dir='ltr'><strong>eruaueo.</strong></span> 
     </span>
     <span class='ocr_line' id='line_1_18' title="bbox 73 2114 1361 2195; baseline -0.001 -19"><span class='ocrx_word' id='word_1_160' title='bbox 73 2136 137 2195; x_wconf 91' lang='lat' dir='ltr'><strong>ergo</strong></span> <span class='ocrx_word' id='word_1_161' title='bbox 159 2118 185 2177; x_wconf 91' lang='lat' dir='ltr'><strong>si</strong></span> <span class='ocrx_word' id='word_1_162' title='bbox 209 2116 322 2178; x_wconf 82' lang='lat' dir='ltr'><strong>dixeris</strong></span> <span class='ocrx_word' id='word_1_163' title='bbox 343 2118 459 2177; x_wconf 75' lang='lat' dir='ltr'><strong>‘Aenea</strong></span> <span class='ocrx_word' id='word_1_164' title='bbox 487 2118 677 2185; x_wconf 81' lang='lat' dir='ltr'><strong>fortissime’,</strong></span> <span class='ocrx_word' id='word_1_165' title='bbox 706 2134 827 2195; x_wconf 91' lang='lat' dir='ltr'><strong>possum</strong></span> <span class='ocrx_word' id='word_1_166' title='bbox 855 2114 1029 2193; x_wconf 83' lang='lat' dir='ltr'><strong>intellegere</strong></span> <span class='ocrx_word' id='word_1_167' title='bbox 1051 2116 1210 2175; x_wconf 78' lang='lat' dir='ltr'><strong>fortissime</strong></span> <span class='ocrx_word' id='word_1_168' title='bbox 1233 2117 1361 2175; x_wconf 85' lang='lat' dir='ltr'><strong>Graeco·</strong></span> 
     </span>
     <span class='ocr_line' id='line_1_19' title="bbox 74 2217 1363 2299; baseline -0.002 -21"><span class='ocrx_word' id='word_1_169' title='bbox 74 2238 144 2278; x_wconf 92' lang='lat' dir='ltr'><strong>rum.</strong></span> <span class='ocrx_word' id='word_1_170' title='bbox 189 2217 244 2279; x_wconf 86' lang='lat' dir='ltr'><strong>scd</strong></span> <span class='ocrx_word' id='word_1_171' title='bbox 266 2236 456 2299; x_wconf 87' lang='lat' dir='ltr'><strong>nequaquam</strong></span> <span class='ocrx_word' id='word_1_172' title='bbox 478 2218 536 2279; x_wconf 90' lang='lat' dir='ltr'><strong>lroc</strong></span> <span class='ocrx_word' id='word_1_173' title='bbox 558 2220 748 2299; x_wconf 88' lang='lat' dir='ltr'><strong>permittitur.</strong></span> <span class='ocrx_word' id='word_1_174' title='bbox 785 2217 856 2279; x_wconf 89' lang='lat' dir='ltr'><strong>inde</strong></span> <span class='ocrx_word' id='word_1_175' title='bbox 878 2217 993 2278; x_wconf 86' lang='lat' dir='ltr'><strong>ridetur</strong></span> <span class='ocrx_word' id='word_1_176' title='bbox 1015 2235 1075 2277; x_wconf 91' lang='lat' dir='ltr'><strong>non</strong></span> <span class='ocrx_word' id='word_1_177' title='bbox 1098 2236 1163 2277; x_wconf 90' lang='lat' dir='ltr'><strong>esse</strong></span> <span class='ocrx_word' id='word_1_178' title='bbox 1186 2218 1271 2276; x_wconf 84' lang='lat' dir='ltr'><strong>ratio.</strong></span> <span class='ocrx_word' id='word_1_179' title='bbox 1317 2223 1363 2276; x_wconf 87' lang='lat' dir='ltr'><strong>est</strong></span> 
     </span>
     <span class='ocr_line' id='line_1_20' title="bbox 72 2318 1362 2399; baseline -0.002 -19"><span class='ocrx_word' id='word_1_180' title='bbox 72 2320 186 2399; x_wconf 78' lang='lat' dir='ltr'><strong>quidem</strong></span> <span class='ocrx_word' id='word_1_181' title='bbox 208 2318 340 2390; x_wconf 85' lang='lat' dir='ltr'><strong>subtilis,</strong></span> <span class='ocrx_word' id='word_1_182' title='bbox 363 2339 424 2381; x_wconf 90' lang='lat' dir='ltr'><strong>non</strong></span> <span class='ocrx_word' id='word_1_183' title='bbox 447 2328 545 2382; x_wconf 91' lang='lat' dir='ltr'><strong>tamen</strong></span> <span class='ocrx_word' id='word_1_184' title='bbox 566 2338 651 2391; x_wconf 80' lang='lat' dir='ltr'><strong>vera,</strong></span> <span class='ocrx_word' id='word_1_185' title='bbox 675 2322 815 2399; x_wconf 88' lang='lat' dir='ltr'><strong>quoniam</strong></span> <span class='ocrx_word' id='word_1_186' title='bbox 836 2318 935 2380; x_wconf 94' lang='lat' dir='ltr'><strong>locum</strong></span> <span class='ocrx_word' id='word_1_187' title='bbox 958 2318 1008 2379; x_wconf 87' lang='lat' dir='ltr'><strong>dat</strong></span> <span class='ocrx_word' id='word_1_188' title='bbox 1029 2318 1202 2379; x_wconf 86' lang='lat' dir='ltr'><strong>calumniae.</strong></span> <span class='ocrx_word' id='word_1_189' title='bbox 1247 2336 1314 2399; x_wconf 81' lang='lat' dir='ltr'><strong>nam</strong></span> <span class='ocrx_word' id='word_1_190' title='bbox 1337 2320 1362 2377; x_wconf 88' lang='lat' dir='ltr'><strong>si</strong></span> 
     </span>
     <span class='ocr_line' id='line_1_21' title="bbox 73 2419 1362 2501; baseline -0.002 -20"><span class='ocrx_word' id='word_1_191' title='bbox 73 2430 113 2481; x_wconf 88' lang='lat' dir='ltr'><strong>est</strong></span> <span class='ocrx_word' id='word_1_192' title='bbox 145 2420 219 2481; x_wconf 88' lang='lat' dir='ltr'><strong>mihi</strong></span> <span class='ocrx_word' id='word_1_193' title='bbox 251 2420 371 2483; x_wconf 85' lang='lat' dir='ltr'><strong>licentia</strong></span> <span class='ocrx_word' id='word_1_194' title='bbox 409 2428 442 2483; x_wconf 90' lang='lat' dir='ltr'><strong>ut</strong></span> <span class='ocrx_word' id='word_1_195' title='bbox 472 2422 642 2501; x_wconf 81' lang='lat' dir='ltr'><strong>intellegam</strong></span> <span class='ocrx_word' id='word_1_196' title='bbox 675 2424 823 2492; x_wconf 83' lang='lat' dir='ltr'><strong>omnium,</strong></span> <span class='ocrx_word' id='word_1_197' title='bbox 852 2438 925 2499; x_wconf 91' lang='lat' dir='ltr'><strong>ergo</strong></span> <span class='ocrx_word' id='word_1_198' title='bbox 959 2430 988 2482; x_wconf 85' lang='lat' dir='ltr'><strong>et</strong></span> <span class='ocrx_word' id='word_1_199' title='bbox 1016 2419 1206 2480; x_wconf 86' lang='lat' dir='ltr'><strong>Graecorum.</strong></span> <span class='ocrx_word' id='word_1_200' title='bbox 1252 2420 1304 2481; x_wconf 86' lang='lat' dir='ltr'><strong>sed</strong></span> <span class='ocrx_word' id='word_1_201' title='bbox 1337 2421 1362 2479; x_wconf 93' lang='lat' dir='ltr'><strong>si</strong></span> 
     </span>
    </p>

    <p class='ocr_par' dir='ltr' id='par_1_5' title="bbox 41 2522 1361 2687">
     <span class='ocr_line' id='line_1_22' title="bbox 41 2522 1361 2604; baseline 0 -23"><span class='ocrx_word' id='word_1_202' title='bbox 41 2523 170 2584; x_wconf 76' lang='lat' dir='ltr'><strong>odirero</strong></span> <span class='ocrx_word' id='word_1_203' title='bbox 192 2524 393 2595; x_wconf 88' lang='lat' dir='ltr'><strong>Graecorum,</strong></span> <span class='ocrx_word' id='word_1_204' title='bbox 417 2543 489 2602; x_wconf 90' lang='lat' dir='ltr'><strong>ergo</strong></span> <span class='ocrx_word' id='word_1_205' title='bbox 512 2534 542 2585; x_wconf 91' lang='lat' dir='ltr'><strong>et</strong></span> <span class='ocrx_word' id='word_1_206' title='bbox 561 2522 757 2604; x_wconf 87' lang='lat' dir='ltr'><strong>superlativus</strong></span> <span class='ocrx_word' id='word_1_207' title='bbox 777 2522 911 2603; x_wconf 73' lang='lat' dir='ltr'><strong>praeiere</strong></span> <span class='ocrx_word' id='word_1_208' title='bbox 932 2541 979 2583; x_wconf 91' lang='lat' dir='ltr'><strong>me</strong></span> <span class='ocrx_word' id='word_1_209' title='bbox 1003 2530 1143 2583; x_wconf 84' lang='lat' dir='ltr'><strong>extraneo</strong></span> <span class='ocrx_word' id='word_1_210' title='bbox 1166 2524 1269 2601; x_wconf 87' lang='lat' dir='ltr'><strong>generi</strong></span> <span class='ocrx_word' id='word_1_211' title='bbox 1291 2540 1361 2582; x_wconf 90' lang='lat' dir='ltr'><strong>con·</strong></span> 
     </span>
     <span class='ocr_line' id='line_1_23' title="bbox 72 2632 239 2687; baseline 0.024 -4"><span class='ocrx_word' id='word_1_212' title='bbox 72 2634 112 2687; x_wconf 88' lang='lat' dir='ltr'><strong>tra</strong></span> <span class='ocrx_word' id='word_1_213' title='bbox 133 2632 239 2687; x_wconf 88' lang='lat' dir='ltr'><strong>artern.</strong></span> 
     </span>
    </p>
   </div>
   <div class='ocr_carea' id='block_1_3' title="bbox 584 2792 850 2842">
    <p class='ocr_par' dir='ltr' id='par_1_6' title="bbox 584 2792 850 2842">
     <span class='ocr_line' id='line_1_24' title="bbox 584 2792 850 2842; baseline 0.008 -2"><span class='ocrx_word' id='word_1_214' title='bbox 584 2794 632 2841; x_wconf 80' lang='lat' dir='ltr'><strong>DE</strong></span> <span class='ocrx_word' id='word_1_215' title='bbox 654 2792 850 2842; x_wconf 76' lang='lat' dir='ltr'><strong>enunnmvs</strong></span> 
     </span>
    </p>
   </div>
   <div class='ocr_carea' id='block_1_4' title="bbox 42 2882 1479 4102">
    <p class='ocr_par' dir='ltr' id='par_1_7' title="bbox 149 2882 1479 2997">
     <span class='ocr_line' id='line_1_25' title="bbox 149 2882 1479 2997; baseline 0.001 -38"><span class='ocrx_word' id='word_1_216' title='bbox 149 2898 272 2959; x_wconf 85' lang='lat' dir='ltr'><strong>Tractat</strong></span> <span class='ocrx_word' id='word_1_217' title='bbox 300 2897 338 2959; x_wconf 89' lang='lat' dir='ltr'><strong>de</strong></span> <span class='ocrx_word' id='word_1_218' title='bbox 359 2898 528 2977; x_wconf 88' lang='lat' dir='ltr'><strong>generibus.</strong></span> <span class='ocrx_word' id='word_1_219' title='bbox 564 2900 656 2961; x_wconf 80' lang='lat' dir='ltr'><strong>Varro</strong></span> <span class='ocrx_word' id='word_1_220' title='bbox 679 2901 721 2961; x_wconf 80' lang='lat' dir='ltr'><strong>ait</strong></span> <span class='ocrx_word' id='word_1_221' title='bbox 741 2917 853 2978; x_wconf 84' lang='lat' dir='ltr'><strong>genera</strong></span> <span class='ocrx_word' id='word_1_222' title='bbox 874 2906 988 2960; x_wconf 90' lang='lat' dir='ltr'><strong>tautum</strong></span> <span class='ocrx_word' id='word_1_223' title='bbox 1011 2899 1061 2960; x_wconf 90' lang='lat' dir='ltr'><strong>illa</strong></span> <span class='ocrx_word' id='word_1_224' title='bbox 1084 2882 1149 2959; x_wconf 70' lang='lat' dir='ltr'><strong>e&#39;sse</strong></span> <span class='ocrx_word' id='word_1_225' title='bbox 1172 2916 1248 2979; x_wconf 82' lang='lat' dir='ltr'><strong>quae</strong></span> <span class='ocrx_word' id='word_1_226' title='bbox 1269 2917 1360 2979; x_wconf 86' lang='lat' dir='ltr'><strong>gene·</strong></span> <span class='ocrx_word' id='word_1_227' title='bbox 1373 2936 1433 2997; x_wconf 78' lang='lat'><strong>407,</strong></span> <span class='ocrx_word' id='word_1_228' title='bbox 1446 2936 1479 2986; x_wconf 81' lang='lat'><strong>³9</strong></span> 
     </span>
    </p>

    <p class='ocr_par' dir='ltr' id='par_1_8' title="bbox 42 2999 1478 4102">
     <span class='ocr_line' id='line_1_26' title="bbox 71 2999 1478 3081; baseline 0.005 -22"><span class='ocrx_word' id='word_1_229' title='bbox 71 3006 144 3061; x_wconf 88' lang='lat' dir='ltr'><strong>rant:</strong></span> <span class='ocrx_word' id='word_1_230' title='bbox 169 2999 220 3060; x_wconf 87' lang='lat' dir='ltr'><strong>illa</strong></span> <span class='ocrx_word' id='word_1_231' title='bbox 243 3002 367 3081; x_wconf 86' lang='lat' dir='ltr'><strong>proprie</strong></span> <span class='ocrx_word' id='word_1_232' title='bbox 388 3001 527 3063; x_wconf 83' lang='lat' dir='ltr'><strong>dicuutur</strong></span> <span class='ocrx_word' id='word_1_233' title='bbox 542 3019 662 3081; x_wconf 87' lang='lat' dir='ltr'><strong>genera.</strong></span> <span class='ocrx_word' id='word_1_234' title='bbox 692 3001 799 3081; x_wconf 82' lang='lat' dir='ltr'><strong>quodsi</strong></span> <span class='ocrx_word' id='word_1_235' title='bbox 819 3020 979 3081; x_wconf 89' lang='lat' dir='ltr'><strong>sequemur</strong></span> <span class='ocrx_word' id='word_1_236' title='bbox 1002 3003 1205 3062; x_wconf 86' lang='lat' dir='ltr'><strong>auctoritatem</strong></span> <span class='ocrx_word' id='word_1_237' title='bbox 1231 2999 1235 3081; x_wconf 88' lang='grc' dir='ltr'>Ι</span> <span class='ocrx_word' id='word_1_238' title='bbox 1259 3003 1360 3081; x_wconf 89' lang='lat' dir='ltr'><strong>ipsius,</strong></span> <span class='ocrx_word' id='word_1_239' title='bbox 1373 3006 1433 3066; x_wconf 78' lang='lat'><strong>492,</strong></span> <span class='ocrx_word' id='word_1_240' title='bbox 1446 3006 1478 3055; x_wconf 81' lang='lat'><strong>3‘1</strong></span> 
     </span>
     <span class='ocr_line' id='line_1_27' title="bbox 42 3102 1359 3187; baseline 0.002 -26"><span class='ocrx_word' id='word_1_241' title='bbox 42 3120 124 3162; x_wconf 79' lang='lat' dir='ltr'><strong>ouon</strong></span> <span class='ocrx_word' id='word_1_242' title='bbox 146 3110 238 3164; x_wconf 85' lang='lat' dir='ltr'><strong>eruut</strong></span> <span class='ocrx_word' id='word_1_243' title='bbox 259 3120 371 3181; x_wconf 84' lang='lat' dir='ltr'><strong>genera</strong></span> <span class='ocrx_word' id='word_1_244' title='bbox 392 3105 451 3165; x_wconf 89' lang='lat' dir='ltr'><strong>nisi</strong></span> <span class='ocrx_word' id='word_1_245' title='bbox 473 3104 546 3175; x_wconf 86' lang='lat' dir='ltr'><strong>duo,</strong></span> <span class='ocrx_word' id='word_1_246' title='bbox 569 3102 767 3166; x_wconf 89' lang='lat' dir='ltr'><strong>masculinum</strong></span> <span class='ocrx_word' id='word_1_247' title='bbox 789 3110 819 3163; x_wconf 88' lang='lat' dir='ltr'><strong>ct</strong></span> <span class='ocrx_word' id='word_1_248' title='bbox 840 3104 1024 3165; x_wconf 75' lang='lat' dir='ltr'><strong>femininum.</strong></span> <span class='ocrx_word' id='word_1_249' title='bbox 1056 3102 1135 3165; x_wconf 87' lang='lat' dir='ltr'><strong>nulla</strong></span> <span class='ocrx_word' id='word_1_250' title='bbox 1157 3104 1236 3187; x_wconf 89' lang='lat' dir='ltr'><strong>enim</strong></span> <span class='ocrx_word' id='word_1_251' title='bbox 1251 3122 1359 3183; x_wconf 84' lang='lat' dir='ltr'><strong>genera</strong></span> 
     </span>
     <span class='ocr_line' id='line_1_28' title="bbox 71 3204 1359 3285; baseline 0.004 -23"><span class='ocrx_word' id='word_1_252' title='bbox 71 3222 170 3264; x_wconf 84' lang='lat' dir='ltr'><strong>creare</strong></span> <span class='ocrx_word' id='word_1_253' title='bbox 197 3214 324 3285; x_wconf 91' lang='lat' dir='ltr'><strong>possunt</strong></span> <span class='ocrx_word' id='word_1_254' title='bbox 350 3208 406 3265; x_wconf 88' lang='lat' dir='ltr'><strong>nisi</strong></span> <span class='ocrx_word' id='word_1_255' title='bbox 432 3206 506 3267; x_wconf 88' lang='lat' dir='ltr'><strong>haec</strong></span> <span class='ocrx_word' id='word_1_256' title='bbox 532 3205 601 3268; x_wconf 83' lang='lat' dir='ltr'><strong>duo.</strong></span> <span class='ocrx_word' id='word_1_257' title='bbox 644 3205 694 3269; x_wconf 91' lang='lat' dir='ltr'><strong>iila</strong></span> <span class='ocrx_word' id='word_1_258' title='bbox 716 3224 787 3266; x_wconf 88' lang='lat' dir='ltr'><strong>rero</strong></span> <span class='ocrx_word' id='word_1_259' title='bbox 810 3204 866 3267; x_wconf 87' lang='lat' dir='ltr'><strong>alia</strong></span> <span class='ocrx_word' id='word_1_260' title='bbox 889 3205 1009 3267; x_wconf 85' lang='lat' dir='ltr'><strong>abusive</strong></span> <span class='ocrx_word' id='word_1_261' title='bbox 1031 3224 1141 3285; x_wconf 84' lang='lat' dir='ltr'><strong>genera</strong></span> <span class='ocrx_word' id='word_1_262' title='bbox 1164 3208 1359 3278; x_wconf 85' lang='lat' dir='ltr'><strong>nominamus,</strong></span> 
     </span>
     <span class='ocr_line' id='line_1_29' title="bbox 69 3304 1363 3389; baseline 0.004 -25"><span class='ocrx_word' id='word_1_263' title='bbox 69 3304 95 3363; x_wconf 81' lang='lat' dir='ltr'><strong>iri</strong></span> <span class='ocrx_word' id='word_1_264' title='bbox 114 3310 167 3387; x_wconf 63' lang='lat' dir='ltr'><strong>jest</strong></span> <span class='ocrx_word' id='word_1_265' title='bbox 194 3307 318 3367; x_wconf 90' lang='lat' dir='ltr'><strong>nomine</strong></span> <span class='ocrx_word' id='word_1_266' title='bbox 346 3315 458 3368; x_wconf 83' lang='lat' dir='ltr'><strong>tantum</strong></span> <span class='ocrx_word' id='word_1_267' title='bbox 487 3318 556 3371; x_wconf 85' lang='lat' dir='ltr'><strong>sunt</strong></span> <span class='ocrx_word' id='word_1_268' title='bbox 581 3328 707 3389; x_wconf 88' lang='lat' dir='ltr'><strong>genera,</strong></span> <span class='ocrx_word' id='word_1_269' title='bbox 736 3326 797 3368; x_wconf 91' lang='lat' dir='ltr'><strong>non</strong></span> <span class='ocrx_word' id='word_1_270' title='bbox 823 3318 938 3370; x_wconf 84' lang='lat' dir='ltr'><strong>natura.</strong></span> <span class='ocrx_word' id='word_1_271' title='bbox 983 3308 1053 3370; x_wconf 87' lang='lat' dir='ltr'><strong>lriuc</strong></span> <span class='ocrx_word' id='word_1_272' title='bbox 1080 3309 1228 3378; x_wconf 86' lang='lat' dir='ltr'><strong>nascitur,</strong></span> <span class='ocrx_word' id='word_1_273' title='bbox 1257 3307 1288 3367; x_wconf 89' lang='lat' dir='ltr'><strong>id</strong></span> <span class='ocrx_word' id='word_1_274' title='bbox 1318 3316 1363 3369; x_wconf 88' lang='lat' dir='ltr'><strong>est</strong></span> 
     </span>
     <span class='ocr_line' id='line_1_30' title="bbox 71 3408 1360 3491; baseline 0.006 -26"><span class='ocrx_word' id='word_1_275' title='bbox 71 3408 134 3467; x_wconf 84' lang='lat' dir='ltr'><strong>irinc</strong></span> <span class='ocrx_word' id='word_1_276' title='bbox 157 3410 313 3469; x_wconf 79' lang='lat' dir='ltr'><strong>inventum</strong></span> <span class='ocrx_word' id='word_1_277' title='bbox 335 3418 395 3480; x_wconf 87' lang='lat' dir='ltr'><strong>est,</strong></span> <span class='ocrx_word' id='word_1_278' title='bbox 423 3419 456 3471; x_wconf 88' lang='lat' dir='ltr'><strong>ut</strong></span> <span class='ocrx_word' id='word_1_279' title='bbox 475 3409 634 3491; x_wconf 80' lang='lat' dir='ltr'><strong>lpossimus</strong></span> <span class='ocrx_word' id='word_1_280' title='bbox 656 3412 716 3472; x_wconf 82' lang='lat' dir='ltr'><strong>&#39;nos</strong></span> <span class='ocrx_word' id='word_1_281' title='bbox 743 3429 899 3480; x_wconf 85' lang='lat' dir='ltr'><strong>excusare,</strong></span> <span class='ocrx_word' id='word_1_282' title='bbox 923 3419 970 3481; x_wconf 86' lang='lat' dir='ltr'><strong>ut,</strong></span> <span class='ocrx_word' id='word_1_283' title='bbox 994 3412 1259 3491; x_wconf 83' lang='lat' dir='ltr'><strong>quotienscumque</strong></span> <span class='ocrx_word' id='word_1_284' title='bbox 1281 3412 1360 3473; x_wconf 89' lang='lat' dir='ltr'><strong>circa</strong></span> 
     </span>
     <span class='ocr_line' id='line_1_31' title="bbox 71 3502 1362 3593; baseline 0.005 -24"><span class='ocrx_word' id='word_1_285' title='bbox 71 3528 176 3586; x_wconf 84' lang='lat' dir='ltr'><strong>genera</strong></span> <span class='ocrx_word' id='word_1_286' title='bbox 206 3513 443 3591; x_wconf 84' lang='lat' dir='ltr'><strong>peccaverimus,</strong></span> <span class='ocrx_word' id='word_1_287' title='bbox 473 3502 621 3574; x_wconf 79' lang='lat' dir='ltr'><strong>excusatio</strong></span> <span class='ocrx_word' id='word_1_288' title='bbox 649 3515 701 3584; x_wconf 83' lang='lat' dir='ltr'><strong>sit,</strong></span> <span class='ocrx_word' id='word_1_289' title='bbox 738 3532 797 3574; x_wconf 89' lang='lat' dir='ltr'><strong>uon</strong></span> <span class='ocrx_word' id='word_1_290' title='bbox 823 3515 970 3593; x_wconf 88' lang='lat' dir='ltr'><strong>inperitia.</strong></span> <span class='ocrx_word' id='word_1_291' title='bbox 1016 3521 1087 3591; x_wconf 82' lang='lat' dir='ltr'><strong>puta</strong></span> <span class='ocrx_word' id='word_1_292' title='bbox 1115 3514 1140 3572; x_wconf 94' lang='lat' dir='ltr'><strong>si</strong></span> <span class='ocrx_word' id='word_1_293' title='bbox 1166 3513 1260 3574; x_wconf 79' lang='lat' dir='ltr'><strong>ilicem</strong></span> <span class='ocrx_word' id='word_1_294' title='bbox 1288 3512 1362 3575; x_wconf 88' lang='lat' dir='ltr'><strong>lraec</strong></span> 
     </span>
     <span class='ocr_line' id='line_1_32' title="bbox 46 3614 1360 3695; baseline 0.003 -23"><span class='ocrx_word' id='word_1_295' title='bbox 46 3614 181 3689; x_wconf 64' lang='lat' dir='ltr'><strong>aperies,</strong></span> <span class='ocrx_word' id='word_1_296' title='bbox 211 3632 336 3692; x_wconf 91' lang='lat' dir='ltr'><strong>possum</strong></span> <span class='ocrx_word' id='word_1_297' title='bbox 362 3634 410 3675; x_wconf 92' lang='lat' dir='ltr'><strong>me</strong></span> <span class='ocrx_word' id='word_1_298' title='bbox 438 3634 579 3677; x_wconf 85' lang='lat' dir='ltr'><strong>excusare</strong></span> <span class='ocrx_word' id='word_1_299' title='bbox 608 3623 637 3676; x_wconf 87' lang='lat' dir='ltr'><strong>et</strong></span> <span class='ocrx_word' id='word_1_300' title='bbox 663 3615 765 3677; x_wconf 85' lang='lat' dir='ltr'><strong>dicere</strong></span> <span class='ocrx_word' id='word_1_301' title='bbox 793 3614 873 3695; x_wconf 85' lang='lat' dir='ltr'><strong>quod</strong></span> <span class='ocrx_word' id='word_1_302' title='bbox 900 3614 970 3676; x_wconf 91' lang='lat' dir='ltr'><strong>licet</strong></span> <span class='ocrx_word' id='word_1_303' title='bbox 997 3614 1070 3675; x_wconf 88' lang='lat' dir='ltr'><strong>milri</strong></span> <span class='ocrx_word' id='word_1_304' title='bbox 1098 3614 1155 3675; x_wconf 89' lang='lat' dir='ltr'><strong>lroc</strong></span> <span class='ocrx_word' id='word_1_305' title='bbox 1182 3614 1291 3677; x_wconf 88' lang='lat' dir='ltr'><strong>dicere.</strong></span> <span class='ocrx_word' id='word_1_306' title='bbox 1336 3617 1360 3676; x_wconf 92' lang='lat' dir='ltr'><strong>si</strong></span> 
     </span>
     <span class='ocr_line' id='line_1_33' title="bbox 74 3714 1361 3797; baseline 0.005 -24"><span class='ocrx_word' id='word_1_307' title='bbox 74 3715 144 3775; x_wconf 87' lang='lat' dir='ltr'><strong>eninr</strong></span> <span class='ocrx_word' id='word_1_308' title='bbox 173 3714 318 3776; x_wconf 85' lang='lat' dir='ltr'><strong>dicuntur</strong></span> <span class='ocrx_word' id='word_1_309' title='bbox 345 3736 455 3796; x_wconf 88' lang='lat' dir='ltr'><strong>genera</strong></span> <span class='ocrx_word' id='word_1_310' title='bbox 483 3716 541 3778; x_wconf 88' lang='lat' dir='ltr'><strong>duo</strong></span> <span class='ocrx_word' id='word_1_311' title='bbox 569 3736 634 3778; x_wconf 91' lang='lat' dir='ltr'><strong>esse</strong></span> <span class='ocrx_word' id='word_1_312' title='bbox 662 3726 693 3777; x_wconf 91' lang='lat' dir='ltr'><strong>et</strong></span> <span class='ocrx_word' id='word_1_313' title='bbox 713 3717 780 3777; x_wconf 87' lang='lat' dir='ltr'><strong>ideo</strong></span> <span class='ocrx_word' id='word_1_314' title='bbox 804 3716 881 3777; x_wconf 86' lang='lat' dir='ltr'><strong>dicta</strong></span> <span class='ocrx_word' id='word_1_315' title='bbox 903 3734 1027 3795; x_wconf 87' lang='lat' dir='ltr'><strong>genera,</strong></span> <span class='ocrx_word' id='word_1_316' title='bbox 1051 3716 1089 3777; x_wconf 89' lang='lat' dir='ltr'><strong>ab</strong></span> <span class='ocrx_word' id='word_1_317' title='bbox 1112 3734 1148 3777; x_wconf 89' lang='lat' dir='ltr'><strong>eo</strong></span> <span class='ocrx_word' id='word_1_318' title='bbox 1170 3719 1249 3797; x_wconf 84' lang='lat' dir='ltr'><strong>quod</strong></span> <span class='ocrx_word' id='word_1_319' title='bbox 1271 3736 1361 3797; x_wconf 89' lang='lat' dir='ltr'><strong>gene-</strong></span> 
     </span>
     <span class='ocr_line' id='line_1_34' title="bbox 73 3817 1361 3898; baseline 0.005 -24"><span class='ocrx_word' id='word_1_320' title='bbox 73 3825 145 3886; x_wconf 82' lang='lat' dir='ltr'><strong>mut,</strong></span> <span class='ocrx_word' id='word_1_321' title='bbox 173 3818 278 3897; x_wconf 89' lang='lat' dir='ltr'><strong>paries</strong></span> <span class='ocrx_word' id='word_1_322' title='bbox 305 3828 404 3880; x_wconf 87' lang='lat' dir='ltr'><strong>autern</strong></span> <span class='ocrx_word' id='word_1_323' title='bbox 431 3837 491 3881; x_wconf 93' lang='lat' dir='ltr'><strong>non</strong></span> <span class='ocrx_word' id='word_1_324' title='bbox 516 3828 640 3898; x_wconf 85' lang='lat' dir='ltr'><strong>generat</strong></span> <span class='ocrx_word' id='word_1_325' title='bbox 668 3838 724 3880; x_wconf 89' lang='lat' dir='ltr'><strong>nec</strong></span> <span class='ocrx_word' id='word_1_326' title='bbox 745 3825 923 3898; x_wconf 87' lang='lat' dir='ltr'><strong>generatur,</strong></span> <span class='ocrx_word' id='word_1_327' title='bbox 946 3817 1016 3881; x_wconf 84' lang='lat' dir='ltr'><strong>licet</strong></span> <span class='ocrx_word' id='word_1_328' title='bbox 1038 3818 1110 3879; x_wconf 90' lang='lat' dir='ltr'><strong>mihi</strong></span> <span class='ocrx_word' id='word_1_329' title='bbox 1132 3838 1188 3898; x_wconf 92' lang='lat' dir='ltr'><strong>pro</strong></span> <span class='ocrx_word' id='word_1_330' title='bbox 1211 3819 1361 3881; x_wconf 88' lang='lat' dir='ltr'><strong>voluntate</strong></span> 
     </span>
     <span class='ocr_line' id='line_1_35' title="bbox 74 3918 1361 4001; baseline 0.005 -24"><span class='ocrx_word' id='word_1_331' title='bbox 74 3936 131 3978; x_wconf 85' lang='lat' dir='ltr'><strong>nea</strong></span> <span class='ocrx_word' id='word_1_332' title='bbox 152 3937 246 3999; x_wconf 87' lang='lat' dir='ltr'><strong>quern</strong></span> <span class='ocrx_word' id='word_1_333' title='bbox 268 3918 305 3979; x_wconf 90' lang='lat' dir='ltr'><strong>ad</strong></span> <span class='ocrx_word' id='word_1_334' title='bbox 329 3920 448 3982; x_wconf 87' lang='lat' dir='ltr'><strong>modurn</strong></span> <span class='ocrx_word' id='word_1_335' title='bbox 471 3920 591 3983; x_wconf 90' lang='lat' dir='ltr'><strong>voluero</strong></span> <span class='ocrx_word' id='word_1_336' title='bbox 613 3922 722 3982; x_wconf 79' lang='lat' dir='ltr'><strong>elicere.</strong></span> <span class='ocrx_word' id='word_1_337' title='bbox 754 3921 823 3982; x_wconf 83' lang='lat' dir='ltr'><strong>irinc</strong></span> <span class='ocrx_word' id='word_1_338' title='bbox 846 3929 890 3980; x_wconf 83' lang='lat' dir='ltr'><strong>est</strong></span> <span class='ocrx_word' id='word_1_339' title='bbox 912 3922 999 3981; x_wconf 88' lang='lat' dir='ltr'><strong>etiarn</strong></span> <span class='ocrx_word' id='word_1_340' title='bbox 1021 3920 1095 3982; x_wconf 90' lang='lat' dir='ltr'><strong>illud</strong></span> <span class='ocrx_word' id='word_1_341' title='bbox 1118 3921 1197 4001; x_wconf 89' lang='lat' dir='ltr'><strong>quod</strong></span> <span class='ocrx_word' id='word_1_342' title='bbox 1220 3922 1361 3983; x_wconf 87' lang='lat' dir='ltr'><strong>habemus</strong></span> 
     </span>
     <span class='ocr_line' id='line_1_36' title="bbox 74 4020 1358 4102; baseline 0.006 -25"><span class='ocrx_word' id='word_1_343' title='bbox 74 4020 141 4098; x_wconf 84' lang='lat' dir='ltr'><strong>apud</strong></span> <span class='ocrx_word' id='word_1_344' title='bbox 164 4029 323 4083; x_wconf 88' lang='lat' dir='ltr'><strong>auctores:</strong></span> <span class='ocrx_word' id='word_1_345' title='bbox 348 4023 496 4102; x_wconf 89' lang='lat' dir='ltr'><strong>Vergilius</strong></span> <span class='ocrx_word' id='word_1_346' title='bbox 516 4022 589 4084; x_wconf 86' lang='lat' dir='ltr'><strong>dicit</strong></span> <span class='ocrx_word' id='word_1_347' title='bbox 609 4023 667 4086; x_wconf 88' lang='lat' dir='ltr'><strong>alio</strong></span> <span class='ocrx_word' id='word_1_348' title='bbox 689 4022 755 4085; x_wconf 92' lang='lat' dir='ltr'><strong>loco</strong></span> <span class='ocrx_word' id='word_1_349' title='bbox 777 4022 826 4084; x_wconf 91' lang='lat' dir='ltr'><strong>hic</strong></span> <span class='ocrx_word' id='word_1_350' title='bbox 849 4028 966 4093; x_wconf 77' lang='lat' dir='ltr'><strong>corten,</strong></span> <span class='ocrx_word' id='word_1_351' title='bbox 990 4022 1047 4085; x_wconf 93' lang='lat' dir='ltr'><strong>alio</strong></span> <span class='ocrx_word' id='word_1_352' title='bbox 1070 4022 1135 4084; x_wconf 90' lang='lat' dir='ltr'><strong>loco</strong></span> <span class='ocrx_word' id='word_1_353' title='bbox 1157 4024 1231 4085; x_wconf 88' lang='lat' dir='ltr'><strong>lraec</strong></span> <span class='ocrx_word' id='word_1_354' title='bbox 1246 4034 1358 4101; x_wconf 84' lang='lat' dir='ltr'><strong>cortex,</strong></span> 
     </span>
    </p>
   </div>
   <div class='ocr_carea' id='block_1_5' title="bbox 75 4210 1363 4347">
    <p class='ocr_par' dir='ltr' id='par_1_9' title="bbox 75 4210 1363 4347">
     <span class='ocr_line' id='line_1_37' title="bbox 134 4210 1359 4275; baseline 0.002 -15"><span class='ocrx_word' id='word_1_355' title='bbox 134 4210 148 4260; x_wconf 91' lang='lat'>1</span> <span class='ocrx_word' id='word_1_356' title='bbox 168 4210 195 4259; x_wconf 89' lang='lat' dir='ltr'><strong>in</strong></span> <span class='ocrx_word' id='word_1_357' title='bbox 217 4224 293 4259; x_wconf 82' lang='lat' dir='ltr'><strong>neum</strong></span> <span class='ocrx_word' id='word_1_358' title='bbox 309 4220 434 4260; x_wconf 87' lang='lat' dir='ltr'><strong>uenerunt</strong></span> <span class='ocrx_word' id='word_1_359' title='bbox 449 4212 472 4261; x_wconf 84' lang='lat' dir='ltr'><strong>si</strong></span> <span class='ocrx_word' id='word_1_360' title='bbox 491 4212 561 4261; x_wconf 81' lang='lat' dir='ltr'><strong>dicae</strong></span> <span class='ocrx_word' id='word_1_361' title='bbox 579 4226 658 4262; x_wconf 80' lang='lat' dir='ltr'><strong>aeneo</strong></span> <span class='ocrx_word' id='word_1_362' title='bbox 674 4210 812 4263; x_wconf 72' lang='lat' dir='ltr'><strong>fortissime</strong></span> <span class='ocrx_word' id='word_1_363' title='bbox 830 4212 933 4275; x_wconf 87' lang='lat' dir='ltr'><strong>quando</strong></span> <span class='ocrx_word' id='word_1_364' title='bbox 954 4212 1041 4265; x_wconf 85' lang='lat' dir='ltr'><strong>dicunt</strong></span> <span class='ocrx_word' id='word_1_365' title='bbox 1057 4228 1136 4262; x_wconf 77' lang='lat' dir='ltr'><strong>aeneo</strong></span> <span class='ocrx_word' id='word_1_366' title='bbox 1154 4212 1290 4263; x_wconf 82' lang='lat' dir='ltr'><strong>lortissime</strong></span> <span class='ocrx_word' id='word_1_367' title='bbox 1309 4228 1359 4263; x_wconf 88' lang='lat' dir='ltr'><strong>non</strong></span> 
     </span>
     <span class='ocr_line' id='line_1_38' title="bbox 75 4276 1363 4347; baseline 0.006 -22"><span class='ocrx_word' id='word_1_368' title='bbox 75 4276 140 4327; x_wconf 82' lang='lat' dir='ltr'><strong>labet</strong></span> <span class='ocrx_word' id='word_1_369' title='bbox 157 4279 247 4331; x_wconf 79' lang='lat' dir='ltr'><strong>Ano</strong></span> <span class='ocrx_word' id='word_1_370' title='bbox 314 4280 331 4329; x_wconf 86' lang='lat'><strong>7</strong></span> <span class='ocrx_word' id='word_1_371' title='bbox 347 4296 427 4331; x_wconf 78' lang='lat' dir='ltr'><strong>aenea</strong></span> <span class='ocrx_word' id='word_1_372' title='bbox 444 4281 533 4331; x_wconf 86' lang='lat' dir='ltr'><strong>lortior</strong></span> <span class='ocrx_word' id='word_1_373' title='bbox 550 4281 575 4330; x_wconf 79' lang='lat' dir='ltr'><em>A</em></span> <span class='ocrx_word' id='word_1_374' title='bbox 643 4282 662 4339; x_wconf 80' lang='lat'><strong>8</strong></span> <span class='ocrx_word' id='word_1_375' title='bbox 682 4290 777 4345; x_wconf 82' lang='lat' dir='ltr'><strong>quanto</strong></span> <span class='ocrx_word' id='word_1_376' title='bbox 796 4282 878 4347; x_wconf 75' lang='lat' dir='ltr'><strong>megin</strong></span> <span class='ocrx_word' id='word_1_377' title='bbox 896 4282 1096 4334; x_wconf 78' lang='lat' dir='ltr'><strong>Lindemannuc:</strong></span> <span class='ocrx_word' id='word_1_378' title='bbox 1113 4284 1197 4347; x_wconf 86' lang='lat' dir='ltr'><strong>rungis</strong></span> <span class='ocrx_word' id='word_1_379' title='bbox 1215 4298 1261 4333; x_wconf 87' lang='lat' dir='ltr'><strong>om.</strong></span> <span class='ocrx_word' id='word_1_380' title='bbox 1279 4284 1363 4333; x_wconf 84' lang='lat' dir='ltr'><strong>ABC</strong></span> 
     </span>
    </p>
   </div>
   <div class='ocr_carea' id='block_1_6' title="bbox 134 4348 1362 4459">
    <p class='ocr_par' dir='ltr' id='par_1_10' title="bbox 134 4348 1362 4459">
     <span class='ocr_line' id='line_1_39' title="bbox 134 4348 1362 4419; baseline 0.002 -20"><span class='ocrx_word' id='word_1_381' title='bbox 134 4348 233 4416; x_wconf 82' lang='lat' dir='ltr'><strong>llergo</strong></span> <span class='ocrx_word' id='word_1_382' title='bbox 251 4350 324 4401; x_wconf 85' lang='lat' dir='ltr'><strong>uides</strong></span> <span class='ocrx_word' id='word_1_383' title='bbox 342 4353 402 4414; x_wconf 85' lang='lat' dir='ltr'><strong>quie</strong></span> <span class='ocrx_word' id='word_1_384' title='bbox 420 4366 470 4401; x_wconf 91' lang='lat' dir='ltr'><strong>nou</strong></span> <span class='ocrx_word' id='word_1_385' title='bbox 488 4366 625 4417; x_wconf 85' lang='lat' dir='ltr'><strong>possumus</strong></span> <span class='ocrx_word' id='word_1_386' title='bbox 643 4354 679 4401; x_wconf 83' lang='lat' dir='ltr'><strong>ita</strong></span> <span class='ocrx_word' id='word_1_387' title='bbox 697 4353 781 4402; x_wconf 86' lang='lat' dir='ltr'><strong>dicere</strong></span> <span class='ocrx_word' id='word_1_388' title='bbox 798 4352 873 4402; x_wconf 80' lang='lat' dir='ltr'><strong>nea</strong></span> <span class='ocrx_word' id='word_1_389' title='bbox 890 4366 951 4417; x_wconf 86' lang='lat' dir='ltr'><strong>ergo</strong></span> <span class='ocrx_word' id='word_1_390' title='bbox 1038 4354 1062 4401; x_wconf 85' lang='lat' dir='ltr'><strong>iu</strong></span> <span class='ocrx_word' id='word_1_391' title='bbox 1080 4360 1119 4401; x_wconf 87' lang='lat' dir='ltr'><strong>est</strong></span> <span class='ocrx_word' id='word_1_392' title='bbox 1133 4354 1192 4415; x_wconf 84' lang='lat' dir='ltr'><strong>quio</strong></span> <span class='ocrx_word' id='word_1_393' title='bbox 1206 4366 1255 4402; x_wconf 90' lang='lat' dir='ltr'><strong>nou</strong></span> <span class='ocrx_word' id='word_1_394' title='bbox 1271 4368 1362 4419; x_wconf 87' lang='lat' dir='ltr'><strong>possu-</strong></span> 
     </span>
     <span class='ocr_line' id='line_1_40' title="bbox 1153 4430 1202 4459; baseline 0.02 -3"><span class='ocrx_word' id='word_1_395' title='bbox 1153 4430 1202 4459; x_wconf 68' lang='lat'><strong>(³8⁸0</strong></span> 
     </span>
    </p>
   </div>
   <div class='ocr_carea' id='block_1_7' title="bbox 76 4470 1359 4943">
    <p class='ocr_par' dir='ltr' id='par_1_11' title="bbox 76 4470 1359 4943">
     <span class='ocr_line' id='line_1_41' title="bbox 77 4470 1294 4537; baseline 0.006 -21"><span class='ocrx_word' id='word_1_396' title='bbox 77 4482 122 4519; x_wconf 78' lang='lat' dir='ltr'><strong>nus</strong></span> <span class='ocrx_word' id='word_1_397' title='bbox 134 4471 222 4521; x_wconf 82' lang='lat' dir='ltr'><strong>dicere</strong></span> <span class='ocrx_word' id='word_1_398' title='bbox 240 4471 265 4520; x_wconf 87' lang='lat' dir='ltr'><em>A</em></span> <span class='ocrx_word' id='word_1_399' title='bbox 337 4472 370 4523; x_wconf 91' lang='grc'><strong>14</strong></span> <span class='ocrx_word' id='word_1_400' title='bbox 388 4472 532 4523; x_wconf 84' lang='lat' dir='ltr'><strong>solumsed</strong></span> <span class='ocrx_word' id='word_1_401' title='bbox 550 4473 662 4524; x_wconf 88' lang='lat' dir='ltr'><strong>omnium</strong></span> <span class='ocrx_word' id='word_1_402' title='bbox 680 4488 726 4527; x_wconf 82' lang='lat' dir='ltr'><strong>om.</strong></span> <span class='ocrx_word' id='word_1_403' title='bbox 745 4470 1011 4526; x_wconf 77' lang='lat' dir='ltr'><strong>Arsolumadrl.a*</strong></span> <span class='ocrx_word' id='word_1_404' title='bbox 1081 4472 1173 4524; x_wconf 67' lang='lat' dir='ltr'><strong>rarus</strong></span> <span class='ocrx_word' id='word_1_405' title='bbox 1190 4474 1294 4537; x_wconf 82' lang='lat' dir='ltr'><strong>quaeC</strong></span> 
     </span>
     <span class='ocr_line' id='line_1_42' title="bbox 76 4538 1359 4609; baseline 0.005 -22"><span class='ocrx_word' id='word_1_406' title='bbox 76 4538 103 4587; x_wconf 74' lang='grc'><strong>21</strong></span> <span class='ocrx_word' id='word_1_407' title='bbox 113 4554 251 4603; x_wconf 86' lang='lat' dir='ltr'><strong>sequemur</strong></span> <span class='ocrx_word' id='word_1_408' title='bbox 270 4540 326 4590; x_wconf 84' lang='lat' dir='ltr'><strong>AB</strong></span> <span class='ocrx_word' id='word_1_409' title='bbox 348 4543 480 4606; x_wconf 79' lang='lat' dir='ltr'><strong>sequimur</strong></span> <span class='ocrx_word' id='word_1_410' title='bbox 499 4544 541 4593; x_wconf 84' lang='lat' dir='ltr'><strong>Cb</strong></span> <span class='ocrx_word' id='word_1_411' title='bbox 611 4543 646 4593; x_wconf 78' lang='lat'><strong>28</strong></span> <span class='ocrx_word' id='word_1_412' title='bbox 667 4544 796 4609; x_wconf 86' lang='lat' dir='ltr'><strong>possimus</strong></span> <span class='ocrx_word' id='word_1_413' title='bbox 814 4544 860 4593; x_wconf 85' lang='lat' dir='ltr'><strong>Ac</strong></span> <span class='ocrx_word' id='word_1_414' title='bbox 882 4558 1016 4609; x_wconf 88' lang='lat' dir='ltr'><strong>possemus</strong></span> <span class='ocrx_word' id='word_1_415' title='bbox 1037 4543 1088 4593; x_wconf 78' lang='lat' dir='ltr'><strong>Be</strong></span> <span class='ocrx_word' id='word_1_416' title='bbox 1156 4558 1202 4593; x_wconf 86' lang='lat' dir='ltr'><strong>nos</strong></span> <span class='ocrx_word' id='word_1_417' title='bbox 1221 4543 1288 4593; x_wconf 86' lang='lat' dir='ltr'><strong>Bac</strong></span> <span class='ocrx_word' id='word_1_418' title='bbox 1308 4559 1359 4596; x_wconf 91' lang='lat' dir='ltr'><strong>uon</strong></span> 
     </span>
     <span class='ocr_line' id='line_1_43' title="bbox 77 4608 1359 4680; baseline 0.008 -25"><span class='ocrx_word' id='word_1_419' title='bbox 77 4608 118 4658; x_wconf 80' lang='lat' dir='ltr'><strong>AC</strong></span> <span class='ocrx_word' id='word_1_420' title='bbox 161 4612 198 4663; x_wconf 74' lang='lat'><strong>20</strong></span> <span class='ocrx_word' id='word_1_421' title='bbox 216 4612 348 4661; x_wconf 70' lang='lat' dir='ltr'><strong>excusatio</strong></span> <span class='ocrx_word' id='word_1_422' title='bbox 362 4622 400 4662; x_wconf 87' lang='lat' dir='ltr'><strong>est</strong></span> <span class='ocrx_word' id='word_1_423' title='bbox 414 4627 465 4662; x_wconf 93' lang='lat' dir='ltr'><strong>non</strong></span> <span class='ocrx_word' id='word_1_424' title='bbox 482 4614 671 4676; x_wconf 84' lang='lat' dir='ltr'><strong>peritinABC</strong></span> <span class='ocrx_word' id='word_1_425' title='bbox 721 4614 1359 4680; x_wconf 63' lang='lat' dir='ltr'><strong>31quongeneranteaquougenevensem.</strong></span> 
     </span>
     <span class='ocr_line' id='line_1_44' title="bbox 77 4681 1355 4751; baseline 0.006 -24"><span class='ocrx_word' id='word_1_426' title='bbox 77 4681 174 4730; x_wconf 72' lang='lat' dir='ltr'><strong>mre</strong></span> <span class='ocrx_word' id='word_1_427' title='bbox 191 4681 262 4744; x_wconf 87' lang='lat' dir='ltr'><strong>qnod</strong></span> <span class='ocrx_word' id='word_1_428' title='bbox 278 4695 374 4747; x_wconf 82' lang='lat' dir='ltr'><strong>genere</strong></span> <span class='ocrx_word' id='word_1_429' title='bbox 391 4692 452 4733; x_wconf 88' lang='lat' dir='ltr'><strong>snnt</strong></span> <span class='ocrx_word' id='word_1_430' title='bbox 469 4682 495 4731; x_wconf 84' lang='lat' dir='ltr'><em>A</em></span> <span class='ocrx_word' id='word_1_431' title='bbox 581 4684 616 4733; x_wconf 79' lang='lat'><strong>33</strong></span> <span class='ocrx_word' id='word_1_432' title='bbox 634 4683 694 4733; x_wconf 88' lang='lat' dir='ltr'><strong>lriue</strong></span> <span class='ocrx_word' id='word_1_433' title='bbox 711 4684 898 4734; x_wconf 77' lang='lat' dir='ltr'><strong>Lindenrannuc</strong></span> <span class='ocrx_word' id='word_1_434' title='bbox 914 4682 956 4732; x_wconf 85' lang='lat' dir='ltr'><strong>lrie</strong></span> <span class='ocrx_word' id='word_1_435' title='bbox 973 4682 1058 4736; x_wconf 82' lang='lat' dir='ltr'><strong>ABG</strong></span> <span class='ocrx_word' id='word_1_436' title='bbox 1143 4687 1177 4735; x_wconf 85' lang='grc'><strong>34</strong></span> <span class='ocrx_word' id='word_1_437' title='bbox 1195 4683 1237 4733; x_wconf 90' lang='lat' dir='ltr'><strong>hic</strong></span> <span class='ocrx_word' id='word_1_438' title='bbox 1257 4682 1355 4751; x_wconf 87' lang='lat' dir='ltr'><strong>cortex]</strong></span> 
     </span>
     <span class='ocr_line' id='line_1_45' title="bbox 80 4748 1358 4821; baseline 0.003 -20"><span class='ocrx_word' id='word_1_439' title='bbox 80 4748 147 4812; x_wconf 59' lang='grc' dir='ltr'><strong>Γᾶν.</strong></span> <span class='ocrx_word' id='word_1_440' title='bbox 159 4766 252 4816; x_wconf 77' lang='lat' dir='ltr'><strong>georg.</strong></span> <span class='ocrx_word' id='word_1_441' title='bbox 273 4753 294 4800; x_wconf 91' lang='lat' dir='ltr'><strong>il</strong></span> <span class='ocrx_word' id='word_1_442' title='bbox 311 4753 346 4801; x_wconf 80' lang='grc'><strong>74</strong></span> <span class='ocrx_word' id='word_1_443' title='bbox 364 4768 461 4815; x_wconf 78' lang='lat' dir='ltr'><strong>quase</strong></span> <span class='ocrx_word' id='word_1_444' title='bbox 479 4753 564 4803; x_wconf 85' lang='lat' dir='ltr'><strong>medio</strong></span> <span class='ocrx_word' id='word_1_445' title='bbox 580 4754 685 4803; x_wconf 87' lang='lat' dir='ltr'><strong>trudunt</strong></span> <span class='ocrx_word' id='word_1_446' title='bbox 698 4753 730 4802; x_wconf 88' lang='lat' dir='ltr'><strong>de</strong></span> <span class='ocrx_word' id='word_1_447' title='bbox 747 4756 840 4803; x_wconf 86' lang='lat' dir='ltr'><strong>cortice</strong></span> <span class='ocrx_word' id='word_1_448' title='bbox 857 4769 983 4821; x_wconf 80' lang='lat' dir='ltr'><strong>gemmae,</strong></span> <span class='ocrx_word' id='word_1_449' title='bbox 1003 4755 1067 4807; x_wconf 84' lang='lat' dir='ltr'><strong>Aen.</strong></span> <span class='ocrx_word' id='word_1_450' title='bbox 1085 4754 1130 4803; x_wconf 93' lang='lat' dir='ltr'><strong>Vll</strong></span> <span class='ocrx_word' id='word_1_451' title='bbox 1147 4756 1198 4805; x_wconf 77' lang='grc'><strong>142</strong></span> <span class='ocrx_word' id='word_1_452' title='bbox 1219 4766 1308 4821; x_wconf 86' lang='lat' dir='ltr'><strong>raptus</strong></span> <span class='ocrx_word' id='word_1_453' title='bbox 1326 4758 1358 4805; x_wconf 89' lang='lat' dir='ltr'><strong>de</strong></span> 
     </span>
     <span class='ocr_line' id='line_1_46' title="bbox 76 4819 1359 4895; baseline 0.012 -32"><span class='ocrx_word' id='word_1_454' title='bbox 76 4819 154 4869; x_wconf 64' lang='lat' dir='ltr'><strong>sebee</strong></span> <span class='ocrx_word' id='word_1_455' title='bbox 177 4829 282 4877; x_wconf 82' lang='lat' dir='ltr'><strong>cortex.</strong></span> <span class='ocrx_word' id='word_1_456' title='bbox 305 4822 373 4873; x_wconf 82' lang='lat' dir='ltr'><strong>Aen.</strong></span> <span class='ocrx_word' id='word_1_457' title='bbox 394 4824 466 4874; x_wconf 88' lang='lat' dir='ltr'><strong>Vilil</strong></span> <span class='ocrx_word' id='word_1_458' title='bbox 482 4823 533 4873; x_wconf 86' lang='grc'><strong>743</strong></span> <span class='ocrx_word' id='word_1_459' title='bbox 556 4824 588 4873; x_wconf 86' lang='lat' dir='ltr'><strong>de</strong></span> <span class='ocrx_word' id='word_1_460' title='bbox 612 4824 705 4875; x_wconf 85' lang='lat' dir='ltr'><strong>cortice</strong></span> <span class='ocrx_word' id='word_1_461' title='bbox 725 4825 804 4875; x_wconf 88' lang='lat' dir='ltr'><strong>crudo</strong></span> <span class='ocrx_word' id='word_1_462' title='bbox 867 4825 931 4874; x_wconf 78' lang='lat' dir='ltr'><strong>lineo</strong></span> <span class='ocrx_word' id='word_1_463' title='bbox 954 4824 1052 4894; x_wconf 82' lang='lat' dir='ltr'><strong>cortex]</strong></span> <span class='ocrx_word' id='word_1_464' title='bbox 1083 4826 1162 4895; x_wconf 81' lang='lat' dir='ltr'><strong>Verp.</strong></span> <span class='ocrx_word' id='word_1_465' title='bbox 1179 4826 1259 4881; x_wconf 82' lang='lat' dir='ltr'><strong>bucol,</strong></span> <span class='ocrx_word' id='word_1_466' title='bbox 1279 4826 1359 4894; x_wconf 58' lang='lat'><strong>6‚,6‘2</strong></span> 
     </span>
     <span class='ocr_line' id='line_1_47' title="bbox 78 4892 287 4943; baseline 0.024 -6"><span class='ocrx_word' id='word_1_467' title='bbox 78 4903 166 4941; x_wconf 74' lang='lat' dir='ltr'><strong>emotae</strong></span> <span class='ocrx_word' id='word_1_468' title='bbox 183 4892 287 4943; x_wconf 81' lang='lat' dir='ltr'><strong>corticis</strong></span> 
     </span>
    </p>
   </div>
   <div class='ocr_carea' id='block_1_8' title="bbox 0 0 1680 5442">
    <p class='ocr_par' dir='ltr' id='par_1_12' title="bbox 0 0 1680 5442">
     <span class='ocr_line' id='line_1_48' title="bbox 0 0 1680 5442; baseline 0 0"><span class='ocrx_word' id='word_1_469' title='bbox 0 0 1680 5442; x_wconf 95' lang='lat' dir='ltr'><strong> </strong></span> 
     </span>
    </p>
   </div>
  </div>
 </body>
</html>
