3350 5442
682 402 752 463 AllS
1306 398 1369 461 539

1173 520 1194 561 p.
1207 506 1308 547 ramas
1320 505 1344 548 P.

76 591 141 649 ossi
165 588 222 649 boc
245 608 278 649 os
301 606 318 647 0
340 608 373 649 00
395 588 433 649 ab
456 590 512 649 boc
534 607 615 658 osse,
644 597 675 649 ot
696 588 852 668 pluraliter
879 589 952 648 baec
973 606 1039 649 ossa
1062 588 1167 648 horum
1190 590 1300 647 ossium
1322 588 1370 646 bis

76 674 200 734 ossibus
228 675 301 735 baec
329 692 395 734 ossa
423 693 440 734 o
468 693 535 737 ossa
558 674 594 735 ab
617 674 664 733 bis
686 672 812 734 ossibus.
857 674 908 733 sed
931 675 987 734 boc
1008 691 1117 734 nomen
1139 674 1316 751 corripimus
1338 674 1369 731 in

77 761 264 819 nominativo
286 758 446 837 singulari;
475 758 511 820 ab
540 778 575 819 eo
604 777 672 819 vero
695 759 772 838 quod
795 766 866 818 sunt
886 777 953 827 ora,
982 758 1012 818 id
1034 765 1081 818 est
1102 757 1214 827 vultus,
1236 760 1369 817 nomina·

78 846 142 903 tivo
166 842 309 921 singulari
332 842 507 923 producitur
529 862 576 913 os,
605 851 635 903 et
664 844 735 903 lacit
762 843 817 903 boc
846 862 880 902 os
909 841 997 904 buius
1018 844 1080 903 oris
1101 842 1171 902 huic
1193 844 1239 902 ori
1260 842 1316 901 boc
1338 860 1370 901 os

41 950 61 988 5
78 948 97 987 o
122 947 156 987 os
178 927 215 989 ab
237 928 293 988 boc
315 946 383 998 ore,
406 934 436 988 et
458 929 616 1008 pluraliter
637 928 710 987 baec
733 946 784 989 ora
807 928 914 988 hovum
936 946 1021 989 orum
1035 927 1084 987 his
1098 925 1202 987 oribus
1223 927 1296 987 baec
1318 944 1370 986 ora

79 1033 97 1071 0
121 1030 175 1072 010
197 1012 234 1073 ab
258 1013 304 1073 bis
326 1012 439 1073 oribus.

167 1098 231 1158 Alia
260 1098 364 1176 regula
392 1105 450 1167 est,
480 1116 538 1177 quo
567 1096 653 1158 modo
681 1097 815 1157 declines
838 1104 919 1175 terga
942 1106 971 1159 et
994 1105 1121 1175 tergora.
1165 1105 1249 1174 terga
1271 1104 1371 1157 autem

79 1190 152 1243 sunt
174 1182 276 1252 dorsa,
300 1190 330 1242 et
352 1190 470 1261 tergora
493 1185 615 1243 veniunt
637 1200 653 1243 a
675 1200 784 1260 genere
801 1190 907 1243 neutro
927 1182 1005 1263 quod
1028 1184 1059 1243 in
1082 1200 1117 1241 us
1139 1183 1200 1241 exit
1222 1184 1253 1241 in
1275 1183 1370 1241 nomi-

78 1269 182 1327 nativo
204 1267 364 1345 singulari,
387 1274 421 1328 ut
443 1268 498 1327 boc
521 1274 637 1345 tergus,
661 1274 692 1327 et
712 1267 868 1347 pluraliter
890 1269 1071 1328 nominativo
1092 1266 1167 1327 baec
1188 1273 1317 1343 tergora.
1341 1273 1371 1325 et

29 1376 62 1413 ιο
80 1351 247 1413 declinabis
269 1352 325 1412 boc
347 1370 454 1413 nomen
477 1354 535 1422 sic,
559 1370 617 1432 quo
639 1352 726 1411 modo
748 1370 840 1431 pecus
862 1360 892 1412 et
912 1352 1029 1413 vulnus.
1060 1358 1176 1428 tergum
1199 1358 1297 1411 autem
1319 1351 1370 1410 de·

80 1435 225 1505 clinabis,
248 1456 307 1516 quo
328 1437 415 1498 modo
437 1438 528 1517 templ
582 1484 589 1497 .

169 1521 232 1583 Alia
255 1522 357 1599 regula
381 1530 440 1583 est:
464 1456 583 1582 1¹0AE
606 1538 723 1601 semper
745 1523 865 1599 generis
891 1521 1046 1582 masculini
1069 1529 1099 1581 et
1120 1521 1272 1590 seminini,
1296 1538 1370 1599 qnae

82 1606 245 1667 lrabuerint
267 1625 283 1667 a
310 1608 341 1667 in
368 1608 562 1676 nominativo,
585 1608 755 1685 genetivum
776 1614 806 1666 et
829 1606 960 1667 dativum
982 1608 1013 1666 in
1036 1624 1070 1666 ae
1092 1609 1227 1675 mittunt,
1250 1613 1371 1685 utputa

82 1692 134 1751 bic
149 1690 262 1752 Seneca
284 1691 372 1751 huius
388 1690 518 1752 Senecae
540 1691 609 1753 huic
625 1690 770 1760 Senecae,
794 1691 868 1751 baec
883 1691 957 1752 lulia
972 1692 1061 1751 huius
1074 1691 1167 1752 Iuliae
1184 1691 1254 1750 buic
1269 1690 1371 1750 iuliae.

35 1798 65 1837 rs
82 1776 137 1836 sed
160 1778 353 1837 inveniuntur
381 1794 473 1856 pauca
501 1779 621 1838 nomina
649 1776 693 1836 vel
715 1778 890 1855 pronomina
912 1783 1016 1837 contra
1037 1775 1114 1836 banc
1135 1776 1269 1853 regulam
1290 1776 1373 1835 veni·

83 1862 180 1929 entia,
204 1868 250 1931 ut,
276 1880 342 1921 cum
366 1863 396 1922 in
420 1864 600 1923 nominativo
622 1861 747 1921 asolnm
763 1859 908 1931 habeant,
931 1864 962 1921 in
984 1863 1123 1938 genetivo
1145 1863 1193 1920 ius
1215 1862 1371 1939 accipiant,

82 1950 117 2006 in
139 1944 236 2007 dativo
258 1947 282 2017 i,
306 1953 339 2006 ut
362 1946 421 2007 sola
444 1945 537 2007 solius
560 1946 629 2015 soli,
653 1952 713 2007 tota
729 1948 820 2006 totius
834 1948 904 2016 toti,
928 1964 987 2006 una
1008 1948 1097 2006 unius
1119 1948 1186 2014 uni,
1209 1945 1268 2006 ulla
1283 1945 1373 2005 ullius

83 2031 153 2099 ulli,
177 2031 256 2091 nulla
279 2031 388 2091 nullius
410 2031 498 2101 nulli,
522 2036 588 2092 utra
609 2028 716 2111 ultrius
738 2032 807 2099 utri,
832 2030 929 2111 aliqua
952 2030 1078 2091 alicuius
1100 2030 1198 2099 alicui,
1221 2030 1271 2089 illa
1292 2029 1374 2089 illius

82 2116 143 2184 illi,
170 2117 226 2176 ista
247 2118 337 2176 istius
359 2117 423 2184 isti,
447 2118 510 2195 ipsa
535 2118 630 2196 ipsius
653 2117 722 2194 ipsi.
766 2134 861 2195 pauca
883 2123 966 2184 sunt,
995 2133 1070 2194 quae
1093 2114 1215 2175 turbare
1238 2133 1291 2174 nos
1313 2132 1373 2173 non

34 2224 65 2263 00
81 2200 205 2260 debent.
249 2202 386 2279 superior
416 2210 513 2261 autem
546 2200 648 2279 regula
682 2202 713 2260 in
747 2202 924 2260 immensum
956 2200 1104 2269 tenditur,
1131 2207 1165 2260 ut
1191 2200 1263 2260 baec
1291 2198 1372 2259 Musa

82 2286 175 2345 liuius
201 2285 311 2346 Musae.
357 2285 429 2345 baec
458 2286 591 2363 analogia
620 2292 681 2355 ost,
711 2284 742 2344 id
770 2292 815 2344 est
843 2284 946 2362 regula
973 2292 1127 2363 perpetua.
1170 2284 1277 2345 borum
1303 2301 1373 2343 vero

79 2372 237 2430 nominum
261 2376 291 2429 et
313 2372 522 2449 pronominum
544 2370 690 2430 anomalia
713 2377 772 2439 est,
796 2370 826 2429 id
850 2377 896 2429 est
917 2369 1082 2449 inaequalis
1097 2368 1255 2429 declinatio
1270 2375 1373 2429 contra

81 2455 233 2532 regulam;
257 2454 308 2514 sed
331 2456 362 2516 in
384 2457 487 2534 paucis
509 2462 567 2539 est,
591 2462 624 2514 ut
645 2455 717 2515 dixi.

169 2538 295 2602 Nomina
323 2558 398 2619 quae
427 2541 458 2600 in
486 2558 518 2599 as
547 2547 655 2599 exeunt
683 2546 752 2599 tunc
780 2545 889 2599 exeunt
917 2542 947 2599 in
975 2538 1141 2599 eablativo
1164 2540 1323 2616 singulari,
1347 2540 1371 2597 si

36 2648 65 2686 aa
81 2626 239 2702 genetivus
267 2626 293 2684 is
320 2623 471 2693 babuerit,
500 2632 534 2685 ut
555 2623 710 2685 Maecenas
733 2622 912 2684 Maecenatis
938 2622 976 2685 ab
1003 2624 1059 2684 boc
1081 2624 1260 2684 Maecenate.
1305 2623 1373 2683 ideo

81 2710 145 2769 dixi
175 2708 386 2769 attendendum
415 2728 480 2769 esse
510 2712 678 2785 genetivum
713 2709 909 2786 singularem,
933 2710 1003 2788 quia
1031 2709 1225 2768 inveniuntur
1253 2710 1372 2772 nomina

81 2812 160 2873 iprae
188 2796 220 2854 in
249 2813 281 2853 as
308 2801 417 2853 exeunt
444 2801 474 2853 et
502 2802 600 2853 tamen
630 2812 687 2853 non
716 2796 746 2853 in
774 2813 790 2853 o
814 2797 936 2855 mittunt
957 2792 1132 2862 ablativum,
1156 2792 1207 2853 sed
1231 2794 1261 2853 in
1284 2812 1316 2863 a,
1341 2800 1395 2852 ιιι·

83 2884 199 2939 Aeneas
227 2878 264 2937 ab
294 2878 349 2937 lroc
378 2879 492 2947 Aenea,
520 2878 665 2939 Menalcas
694 2877 730 2937 ab
757 2878 813 2937 lroc
842 2878 983 2939 Menalca.
1028 2895 1099 2954 ergo
1127 2896 1195 2938 curn
1222 2880 1374 2943 inveneris

82 2966 265 3023 nominativo
285 2981 332 3031 as,
356 2965 523 3039 genetivum
548 2963 679 3023 attende:
704 2964 729 3022 si
745 2963 941 3033 habueritis,
965 2964 1008 3023 sic
1030 2964 1204 3043 pronuntia,
1228 2961 1373 3022 ablativus

40 3048 163 3128 siquod
185 3049 217 3107 in
238 3066 254 3106 e
277 3050 348 3108 exit.
393 3048 444 3107 sed
472 3049 497 3107 si
526 3048 582 3107 tibi
611 3046 755 3108 ablativus
783 3056 871 3108 notus
898 3056 945 3108 est
973 3056 1004 3108 et
1025 3048 1061 3107 de
1083 3049 1221 3125 genetivo
1243 3046 1371 3116 dubitas,

81 3134 159 3193 scito
182 3134 250 3212 quia
273 3134 303 3191 in
326 3134 353 3192 is
375 3134 451 3201 exit,
475 3150 542 3191 curn
564 3134 594 3192 in
618 3151 634 3191 e
657 3133 749 3193 luerit
771 3131 915 3194 ablativus
936 3134 1123 3193 terminatus,
1154 3132 1277 3209 gentilia
1300 3150 1372 3213 quo·

81 3236 140 3297 que
165 3216 325 3277 ablativum
347 3219 377 3277 in
402 3219 411 3276 i
434 3219 569 3285 mittunt,
592 3225 625 3277 ut
647 3217 772 3297 Arpinas
795 3218 945 3297 Arpinati,
975 3217 1108 3297 Capenas
1130 3217 1282 3296 Capenati.
1320 3217 1372 3276 sed

82 3309 201 3361 veteres
216 3301 288 3361 baec
303 3304 422 3362 nomina
437 3305 531 3379 magis
553 3304 583 3361 in
607 3304 633 3361 is
655 3309 685 3361 et
704 3286 737 3363 ln
760 3321 776 3361 e
799 3304 981 3362 nominativo
1002 3300 1245 3380 pronuntiabant,
1270 3309 1303 3362 ut
1324 3302 1372 3361 1110

81 3394 113 3446 01
135 3386 210 3446 baec
231 3386 383 3465 Arpinatis
406 3394 436 3446 et
459 3386 513 3446 boc
536 3388 686 3465 Arpinate.

42 3492 68 3531 aa
169 3470 372 3531 Nominativus
399 3474 430 3531 in
463 3490 495 3531 es
524 3469 682 3531 ablativum
717 3473 747 3531 in
776 3490 792 3530 0
820 3473 928 3541 mittit,
968 3479 1002 3530 ut
1030 3470 1118 3530 heres
1152 3470 1276 3540 beredo,
1314 3473 1373 3530 nisi

80 3558 239 3634 genetivus
261 3557 292 3616 in
315 3574 349 3617 00
372 3558 493 3625 exierit,
518 3564 551 3616 nt
572 3555 716 3616 Anchises
730 3556 891 3615 Anchisae:
919 3563 989 3615 tunc
1012 3557 1093 3615 enim
1115 3554 1260 3616 ablativus
1283 3556 1372 3615 etiam

81 3645 114 3701 in
137 3660 153 3702 a
177 3643 254 3701 exit:
278 3647 307 3700 et
330 3640 475 3721 locupleS,
498 3641 577 3720 qrtod
600 3642 697 3701 omnis
719 3642 838 3717 generis
861 3646 922 3709 est,
947 3659 963 3700 a
984 3640 1131 3719 locuplete
1153 3640 1198 3699 vel
1220 3639 1371 3720 locupleti.

170 3725 373 3786 Nominativus
388 3729 419 3785 tn
432 3728 458 3785 is
473 3728 499 3785 si
515 3728 606 3786 luerit
622 3728 651 3786 in
667 3742 776 3802 genere
792 3725 955 3785 masculino
969 3725 1017 3785 vel
1037 3726 1196 3794 feminino,
1213 3724 1372 3785 ablativum

81 3811 112 3871 in
136 3829 152 3869 c
175 3812 281 3880 mittit,
305 3818 338 3870 ut
359 3810 408 3870 bic
431 3810 512 3871 collis
534 3810 583 3871 bic
606 3813 698 3871 vomis
719 3809 769 3870 bic
792 3810 880 3889 lapiS,
904 3808 941 3869 ab
962 3809 1018 3869 hoc
1033 3810 1107 3871 colle
1123 3828 1241 3870 vomere
1265 3809 1370 3888 lapide,

44 3916 68 3955 10
81 3896 157 3956 baec
185 3895 222 3955 lis
250 3894 286 3954 ab
316 3895 370 3956 bac
400 3896 469 3965 lite,
498 3894 572 3956 haec
600 3897 668 3956 vitis
695 3894 731 3955 ab
760 3895 814 3954 bac
841 3897 917 3964 vite,
945 3894 1019 3955 haec
1047 3896 1124 3955 cutis
1152 3892 1189 3953 ab
1217 3894 1271 3954 bac
1294 3901 1371 3954 cute.

82 3998 177 4059 pauca
200 3998 270 4039 vero
292 3980 454 4041 masculina
477 3983 507 4042 in
530 3982 538 4039 1
561 3980 607 4040 101
629 3982 660 4040 in
683 3998 699 4039 e
721 3982 857 4048 mittunt,
879 3986 915 4039 nt
935 3981 1014 4057 ignis
1036 3981 1129 4039 vectis
1150 3980 1245 4038 amnis
1268 3981 1373 4056 anguis

81 4067 187 4143 postis.
232 4064 281 4125 illa
309 4083 427 4144 quoque
456 4066 597 4126 leminina
625 4066 656 4125 in
684 4067 805 4124 letiam
828 4071 950 4134 exeunt,
979 4082 1054 4144 quae
1077 4064 1256 4124 accusativos
1277 4065 1309 4123 in
1331 4066 1372 4122 im

81 4152 219 4217 mittunt,
243 4158 276 4209 ut
297 4152 421 4230 puppim
443 4152 551 4229 puppi,
574 4152 679 4209 vestim
695 4150 783 4219 resti;
817 4157 848 4209 et
869 4148 906 4210 ab
928 4149 975 4209 his
997 4168 1071 4229 quae
1094 4156 1164 4210 sunt
1185 4151 1229 4209 vis
1251 4155 1281 4209 et
1302 4150 1371 4207 stri·

81 4234 152 4311 gilis
175 4233 211 4293 ab
233 4233 288 4295 bac
310 4237 339 4293 11
363 4234 399 4295 ab
423 4233 478 4294 bac
500 4235 609 4312 strigili
632 4232 773 4295 ablativos
795 4234 936 4304 dicimus;
965 4233 1002 4294 ab
1025 4253 1061 4294 eo
1082 4233 1162 4314 quod
1184 4240 1230 4293 est
1251 4235 1312 4293 avis
1334 4232 1371 4293 ab

45 4338 135 4379 nave
158 4319 205 4379 vel
227 4320 282 4379 011.
326 4322 356 4379 in
386 4322 534 4379 communi
562 4336 678 4400 quoque
712 4336 821 4396 genere
850 4322 877 4379 is
905 4320 934 4379 in
958 4319 1138 4379 nominativo
1160 4316 1319 4379 ablativum
1340 4319 1373 4377 in

82 4424 98 4463 e
123 4406 230 4473 mittit,
259 4406 318 4465 nisi
346 4412 484 4465 nentrum
513 4420 607 4481 genus
635 4406 674 4463 sit
696 4406 727 4464 in
751 4423 782 4474 e,
806 4410 930 4484 utputa
952 4403 1001 4464 bic
1025 4399 1029 4485 1
1053 4411 1083 4463 01
1110 4404 1184 4463 baec
1212 4403 1307 4463 hostis
1335 4401 1372 4462 ab

81 4489 138 4549 boc
161 4496 190 4549 et
212 4490 251 4549 ab
273 4490 331 4550 boc
353 4488 453 4560 boste;
476 4490 548 4549 licet
569 4490 643 4549 civis
665 4507 681 4549 a
703 4491 767 4549 0110
789 4488 835 4549 101
858 4491 916 4549 0111
937 4489 1036 4549 100101.

153 4674 185 4727 1²
204 4674 337 4725 masculini
356 4674 506 4740 lemininlqa
523 4674 544 4725 si
564 4674 698 4725 habuerint
718 4676 745 4726 V
797 4675 829 4727 19
849 4676 899 4741 ipsi
914 4674 960 4725 sed
979 4688 1044 4739 quae
1060 4688 1144 4740 panca
1161 4682 1321 4729 0001110ος

82 4744 115 4795 29
134 4747 247 4796 ablativo
265 4746 291 4797 V
306 4745 444 4797 abiaticum
462 4758 479 4800 ς
548 4745 583 4795 34
598 4743 738 4812 Arpinatis]
758 4746 861 4811 arpinas
880 4757 896 4800 ς
965 4742 1000 4796 38
1018 4744 1189 4794 nominatiuos
1206 4742 1230 4793 is
1248 4745 1271 4793 si
1289 4744 1313 4792 V
1328 4758 1371 4793 no·

83 4817 222 4867 minatiuus
236 4816 258 4865 ai
275 4816 298 4864 is
317 4828 333 4871 ς
402 4816 435 4867 11
455 4811 527 4881 1010]
546 4817 610 4867 allec
633 4814 661 4866 V
726 4814 759 4867 43
773 4817 814 4867 uis
831 4824 857 4866 et
876 4815 913 4882 (et
930 4830 976 4867 om.
993 4812 1023 4885 ς)
1038 4813 1144 4881 strigilis
1161 4821 1190 4863 ut
1202 4812 1234 4862 ab
1257 4814 1284 4862 V
1286 4827 1303 4871 ς

83 4890 115 4938 tt
135 4895 161 4936 et
178 4886 210 4936 ab
229 4884 276 4935 bac
296 4902 333 4937 οιιι
357 4886 403 4941 Vs

1102 4966 1169 5035 35*
