3350 5442
301 307 365 371 304
668 271 670 288 '
871 310 1025 388 rouruu
1473 297 1477 306 ’
1650 344 1651 401 y

326 415 486 470 μιει-εεε
1650 470 1651 475 η

384 497 459 557 Sunt
480 499 550 557 item
573 496 648 558 duae
670 498 790 576 figurae,
815 497 1047 579 homoeoptoton
1074 509 1104 561 et
1126 500 1395 566 homoeoteleuton.
1440 506 1519 566 inter
1541 506 1592 566 ho·
1650 482 1651 553 l

300 607 490 678 moeoptoton
518 606 548 660 et
574 599 834 661 homoeoteleuton
858 601 915 668 hoc
936 603 1076 673 interest,
1106 604 1183 684 quod
1206 605 1439 687 homoeoptoton
1461 607 1497 667 de
1521 612 1592 668 casi-

300 700 354 760 bus
376 701 423 771 nt,
446 700 707 762 homoeoteleuton
730 701 767 762 de
789 700 890 762 verbis
912 703 953 764 iit.
998 702 1230 785 homoeoptoton
1254 716 1314 777 est,
1338 709 1363 769 si
1384 710 1426 769 ita
1447 707 1546 778 dicas,
1650 740 1651 743 ¹

451 811 640 865 merentes
662 802 804 864 flentes
827 802 1076 867 lacrimantes
1099 807 1427 871 commiserantes:
1650 800 1651 805 ¹

299 904 353 965 hos
386 911 549 974 merentes,
580 904 634 965 hos
667 903 787 976 dentes,
815 906 871 967 hos
899 907 1103 978 lacrimantes,
1142 910 1198 970 hos
1228 913 1488 983 commiserantes;
1526 932 1612 973 ccccc
1650 930 1651 993 ι

298 1024 402 1068 omnes
435 1025 521 1068 casus
554 1008 713 1068 accusativi
745 1017 822 1067 sunt.
867 1008 937 1069 inde
975 1010 1088 1073 dictum
1121 1019 1165 1070 εει
1198 1011 1445 1093 homoeoptoton:
1488 1015 1592 1076 Gracci
1650 1034 1651 1077 3

299 1111 377 1170 enim
405 1111 500 1190 ptosis
528 1107 630 1168 dicunt
657 1126 753 1169 casus
798 1106 1057 1173 homoeoteleuton
1080 1122 1144 1183 est,
1174 1115 1311 1193 quotiens
1333 1116 1363 1175 in
1385 1115 1475 1178 verba
1499 1118 1592 1176 exitus
1650 1120 1651 1155 ³

299 1220 343 1271 est
358 1212 447 1271 unius
462 1211 536 1272 so'ni.
568 1218 637 1289 puta
659 1208 802 1270 habemus
823 1211 901 1291 apud
917 1209 1100 1292 Cilceronem
1123 1216 1308 1295 apertissime
1330 1219 1477 1296 positum,
1501 1222 1590 1278 ‘ita-

298 1314 429 1393 quein
458 1311 561 1373 illum
590 1330 662 1372 non
690 1312 1010 1386 animadvertisti,
1044 1316 1108 1378 sed
1137 1315 1325 1396 hospitem
1356 1315 1591 1399 reliquisti';
1650 1322 1651 1355 l

297 1431 392 1495 paene
419 1433 495 1475 unus
523 1421 567 1475 est
594 1415 688 1474 exitus
714 1432 815 1474 rerum
843 1416 985 1476 omnium.
1030 1419 1183 1499 antiquum
1212 1426 1258 1480 εει
1284 1417 1342 1480 hoc
1369 1420 1619 1492 totum,hodie1o
1650 1440 1651 1463 1

298 1535 385 1578 nemo
409 1516 494 1587 lacit;
519 1517 596 1595 siqui
618 1516 736 1586 lecerit,
760 1515 886 1576 ridetur.

381 1617 556 1700 Polyptoton
573 1625 618 1679 est
633 1617 789 1680 multitudo
806 1637 945 1690 casuum,
966 1620 1019 1682 sed
1035 1620 1153 1683 diverso
1168 1621 1257 1685 modo
1272 1625 1382 1705 posita,
1400 1631 1433 1686 ut
1447 1633 1495 1686 est
1508 1624 1590 1693 illud,
1650 1668 1651 1703 3

447 1719 562 1781 litora
584 1719 768 1780 litoribus
791 1725 999 1794 contraria,
1024 1722 1207 1785 lluctihus
1229 1725 1354 1786 undas.
1650 1706 1651 1735 ¹

299 1821 421 1904 [collige
449 1830 479 1882 ot
504 1824 638 1883 invenies
667 1841 769 1883 omnes
803 1841 903 1887 casus:
943 1834 987 1886 est
1019 1827 1216 1887 nominativus
1247 1829 1400 1904 genetivus
1433 1825 1589 1909 ablativus]
1650 1824 1651 1829 ’

264 1978 268 1988 ,
298 1925 382 1987 litora
412 1923 548 1984 litoribus
576 1923 714 1985 [luctibus
742 1922 851 1996 undas,
879 1927 1038 1988 multitudo
1067 1935 1113 1988 est
1139 1947 1259 1989 casuum
1288 1931 1322 1995 in
1348 1947 1409 1990 uno
1431 1927 1515 2000 loeo,
1539 1930 1618 1990 seda

223 2077 224 2082 ,
296 2030 377 2088 vario
405 2026 494 2087 modo
524 2027 691 2086 constituta.
738 2026 852 2088 hirmos
880 2036 924 2088 est
952 2030 1135 2090 continuatio
1164 2030 1307 2110 quaedam
1338 2030 1413 2111 (vide
1442 2040 1588 2112 nepotes

297 2129 356 2190 hoo
379 2147 442 2189 esse
465 2128 598 2198 hirmon,
624 2127 701 2207 quod
726 2137 770 2189 εει
792 2131 879 2190 edam
903 2147 1042 2208 zeugma:
1077 2132 1149 2191 satis
1175 2133 1255 2192 enim
1281 2132 1378 2192 simile
1401 2143 1446 2192 εει
1467 2152 1588 2211 zeugma
1650 2142 1651 2217 j

298 2231 350 2310 ei),
374 2228 403 2290 id
427 2241 473 2292 est
495 2231 675 2291 continuatio
697 2249 804 2292 sensus
827 2248 881 2310 per
904 2230 1050 2310 plurimos
1072 2250 1184 2294 versus.
1229 2232 1342 2296 hirmos
1365 2242 1410 2295 est
1430 2242 1501 2314 puta

447 2333 639 2412 principio
662 2329 807 2394 caelum
831 2351 871 2393 ac
895 2342 1019 2394 terras
1042 2351 1265 2412 camposque
1286 2334 1491 2414 liquentes,

295 2453 388 2515 usquc
416 2433 452 2494 ad
481 2433 565 2495 illum
587 2433 700 2504 locum,
730 2437 842 2497 ‘nuno
864 2439 956 2512 age’.
1001 2437 1099 2495 omnis
1125 2433 1176 2496 ille
1203 2435 1286 2497 locus
1308 2436 1504 2517 quadraginta
1525 2457 1616 2500 ver-sa
1650 2500 1651 2503 ,

296 2557 381 2598 suum
403 2555 480 2598 unus
502 2554 606 2596 sensus
629 2545 687 2607 est,
712 2537 823 2596 animas
846 2535 1018 2596 inmortales
1039 2555 1128 2616 posse
1150 2536 1187 2598 ad
1209 2555 1336 2618 corpora
1359 2557 1506 2600 remeare.
1650 2524 1651 2527 ¹

379 2640 455 2700 Sunt
480 2640 559 2698 item·
585 2637 661 2699 duae
694 2638 819 2715 figurae,
853 2637 1068 2718 polysyndeton
1097 2646 1126 2698 et
1154 2639 1327 2719 asyndeton
1371 2639 1584 2720 polysyndeton
1650 2626 1651 2691 ἶ

295 2741 418 2812 dicitur,
449 2739 499 2801 ubi
527 2748 597 2801 sunt
625 2735 743 2819 mulltae
773 2740 966 2808 concitionem
995 2738 1172 2822 asyndeton,
1203 2739 1253 2802 ubi
1282 2739 1362 2802 nulla
1384 2745 1512 2804 conexio
1534 2750 1584 2802 est.
1650 2740 1651 2769 ⁴

297 2843 508 2924 polysyndeton
531 2850 576 2902 est

936 2945 1162 3025 Acamasque
1184 2944 1381 3023 Thoasque
1594 2968 1615 3008 a

446 3045 675 3124 Pelidesque
697 3045 1042 3126 Neoptolemusque
1064 3049 1283 3126 primusque
1304 3041 1517 3108 Machaon(

295 3168 353 3230 que
384 3149 541 3226 quinquies
575 3146 657 3209 dixit.
703 3155 772 3208 sunt
805 3147 920 3228 aliquae
953 3157 1068 3228 partes,
1103 3146 1133 3207 id
1168 3156 1213 3208 est
1239 3157 1310 3208 sunt
1337 3147 1393 3208 alia
1427 3147 1509 3220 loca,
1538 3147 1584 3209 uhi
1650 3180 1651 3225 y

295 3251 374 3313 nulla
397 3253 521 3312 conexio
544 3258 600 3322 est,
623 3257 657 3311 ut
680 3261 725 3310 est
745 3249 833 3321 illud,

780 3369 782 3374 ¹
1319 3355 1383 3422 ite,

447 3456 546 3516 ferte
569 3455 635 3515 citi
658 3454 840 3522 flammas,
863 3452 946 3512 date
969 3453 1058 3524 tela,
1082 3452 1259 3534 inpellite
1282 3473 1414 3515 remos.
1590 3472 1611 3509 a
1650 3502 1651 3517 2

295 3565 411 3640 poterat
433 3559 517 3619 aliter
539 3557 648 3627 dicere,
672 3558 713 3618 itc
736 3564 765 3616 ει
786 3555 863 3616 lerte
877 3557 937 3639 citi
958 3555 1092 3616 llammas
1114 3563 1143 3616 ει
1165 3555 1233 3616 6ειε
1256 3555 1313 3616 tela
1334 3562 1364 3615 et
1385 3551 1519 3634 inpellite
1539 3574 1580 3616 re·
1650 3626 1651 3629 Ἴ

296 3681 374 3730 mos;
398 3660 450 3722 sed
472 3657 574 3720 maluit
596 3661 771 3720 inconexam
795 3659 958 3718 orationem
980 3675 1103 3737 ponere.

363 3831 544 3888 dilacerati
613 3826 784 3894 tmerentes]
806 3828 873 3881 Ean.
894 3827 1134 3881 annul.1107ed.
1158 3829 1232 3879 Voltl.
1304 3826 1463 3878 lacrimantes
1482 3827 1579 3878 commi-

294 3910 408 3953 serantes
427 3899 525 3950 BSPc
541 3901 700 3950 lacrimantes
719 3899 766 3948 hos
786 3898 1028 3949 commiserantesG
1108 3902 1125 3950 5
1148 3897 1195 3948 hos
1213 3925 1248 3934 —
1267 3899 1476 3948 commiserantes
1494 3914 1539 3948 om.
1554 3897 1579 3956 C,

294 3974 384 4022 addc
452 3969 573 4022 liGracci
593 3971 660 4019 enim
679 3985 724 4018 om.
745 3966 806 4016 PS:
827 3969 893 4032 enim
910 3982 957 4018 om.
975 3967 1001 4015 B
1072 3969 1189 4019 7exitus
1209 3969 1284 4016 unius
1302 3969 1452 4017 soniucrha
1469 3964 1580 4018 mmenS

364 4041 397 4091 12
417 4041 560 4105 Poliptoton
579 4049 618 4089 est
636 4047 739 4088 ornatus
755 4037 905 4088 aschronem
924 4037 1052 4099 hodieque
1068 4037 1116 4089 hoc
1131 4038 1159 4088 flt
1176 4037 1322 4102 Poliptoton
1342 4045 1381 4089 cat
1392 4039 1418 4087 P
1434 4036 1577 4103 Polyptoton

294 4122 333 4162 est
351 4111 400 4160 hoc
417 4119 520 4160 ornatur
536 4124 666 4162 aserenam
680 4108 756 4158 hodic
769 4123 833 4172 qtrae
852 4107 900 4156 hoc
913 4106 974 4157 iecit
987 4107 1135 4173 polyptoton
1147 4115 1187 4156 est
1200 4105 1236 4156 S:
1251 4111 1330 4158 lituro
1342 4110 1415 4158 anau
1425 4110 1486 4172 sere
1499 4120 1579 4157 mm

294 4190 352 4231 aute
371 4181 519 4247 polyptoton
539 4189 578 4230 est
594 4181 619 4230 ia
635 4179 661 4230 B
715 4176 747 4228 13
767 4175 851 4242 litora]
875 4179 952 4241 Verp.
973 4178 1039 4227 Aen.
1058 4177 1173 4228 1111628
1247 4179 1279 4229 14
1297 4177 1390 4243 collige
1408 4177 1576 4228 -ablativos

294 4269 329 4302 ecc
339 4251 457 4316 pancrati
468 4249 611 4313 definitione
626 4251 755 4315 polypwd,
768 4264 833 4314 quae
848 4263 897 4297 non
911 4248 948 4297 ad
962 4248 1070 4312 Vergilii
1081 4251 1225 4310 excerptae,
1238 4247 1287 4298 aed
1297 4248 1334 4298 ad
1345 4263 1428 4298 mamea
1438 4262 1515 4298 cam
1521 4261 1576 4311 per

293 4322 400 4387 timebat,
422 4324 503 4385 petita
524 4328 548 4370 et
568 4321 650 4371 alictto
675 4321 728 4368 loco
745 4319 898 4380 interposito
916 4325 976 4368 aaut
1057 4319 1090 4368 15
1109 4317 1189 4368 undas
1208 4317 1301 4383 collige
1320 4326 1345 4367 ει
1359 4318 1476 4367 inuenies
1496 4328 1576 4366 omnes

293 4405 369 4442 emus
387 4392 499 4442 suumin
519 4405 569 4441 uno
589 4389 644 4439 loco
662 4387 691 4438 S*
771 4388 803 4438 lu
821 4385 960 4454 principio]
980 4387 1059 4453 Verp.
1078 4381 1142 4438 den.
1157 4388 1193 4438 Vl
1210 4389 1261 4437 724
1332 4385 1366 4436 20
1385 4402 1454 4436 nunc
1471 4383 1530 4453 age]
1545 4385 1574 4434 tt.

293 4478 315 4510 o.
332 4459 383 4513 mo
452 4461 485 4511 21
505 4459 650 4510 inmortales
668 4474 745 4525 posse
759 4456 809 4508 SP
831 4458 978 4507 inmortales
997 4465 1022 4506 ει
1041 4473 1118 4524 posse
1136 4458 1161 4508 B
1168 4459 1189 4508 G
1258 4458 1291 4508 25
1312 4453 1482 4523 Acamasque]
1502 4457 1575 4516 Verq-

294 4533 359 4585 Aen.
379 4532 400 4580 ll
416 4531 468 4580 tot
553 4529 587 4580 26
606 4529 781 4593 neoptolemus
799 4529 947 4594 primusque
965 4527 1016 4578 GP
1098 4527 1273 4590 machaonque
1291 4543 1391 4591 queque
1410 4527 1542 4590 quinquies
1557 4521 1576 4572 C

295 4601 416 4652 machaon
437 4617 535 4665 queque
555 4600 744 4665 quinquagiens
761 4597 783 4647 S
805 4597 980 4661 machaouque
1000 4613 1117 4661 quaeque
1141 4599 1312 4663 quinquagies
1331 4599 1355 4648 P
1441 4597 1475 4646 28
1495 4607 1520 4646 ut
1540 4599 1574 4640 est

294 4671 357 4721 illud
374 4673 408 4722 ite
428 4671 491 4720 lette
510 4671 553 4720 citi
576 4669 691 4720 dammas
707 4669 727 4718 S
745 4675 828 4718 otest
854 4667 917 4718 illud
935 4670 969 4718 ite
993 4670 1037 4717 citi
1059 4668 1124 4719 lecte
1141 4670 1257 4718 dammas
1272 4667 1329 4718 BG
1350 4667 1385 4715 uti
1408 4675 1434 4716 te
1453 4668 1495 4716 citi
1517 4661 1574 4714 ferte

294 4741 410 4790 dammas
427 4741 464 4789 P:
488 4735 566 4805 Vetp.
586 4740 651 4793 Aeac.
673 4739 786 4791 1111593
857 4737 889 4789 31
908 4740 942 4788 ite
956 4735 1054 4791 adferte
1073 4739 1116 4790 citi
1135 4737 1156 4788 S
1173 4740 1207 4789 ite
1222 4737 1286 4788 ferte
1304 4738 1347 4788 citi
1366 4737 1392 4787 B
1412 4737 1446 4787 ite
1460 4737 1501 4787 citi
1516 4733 1573 4784 terte

295 4812 315 4865 6
383 4811 497 4862 dammas
515 4809 612 4862 dateO
