<?xml version="1.0" encoding="UTF-8"?>
<!DOCTYPE html PUBLIC "-//W3C//DTD XHTML 1.0 Transitional//EN"
    "http://www.w3.org/TR/xhtml1/DTD/xhtml1-transitional.dtd">
<html xmlns="http://www.w3.org/1999/xhtml" xml:lang="en" lang="en">
 <head>
  <title>
</title>
<meta http-equiv="Content-Type" content="text/html;charset=utf-8" />
  <meta name='ocr-system' content='tesseract 3.04.00' />
  <meta name='ocr-capabilities' content='ocr_page ocr_carea ocr_par ocr_line ocrx_word'/>
</head>
<body>
  <div class='ocr_page' id='page_1' title='image "./grammaticilatin02hagagoog_0280.png"; bbox 0 0 3350 5442; ppageno 0'>
   <div class='ocr_carea' id='block_1_1' title="bbox 617 340 1383 408">
    <p class='ocr_par' dir='ltr' id='par_1_1' title="bbox 617 340 1383 408">
     <span class='ocr_line' id='line_1_1' title="bbox 617 340 1383 408; baseline -0.003 -2"><span class='ocrx_word' id='word_1_1' title='bbox 617 343 854 408; x_wconf 81' lang='lat' dir='ltr'><strong>COMMENTVM</strong></span> <span class='ocrx_word' id='word_1_2' title='bbox 1320 340 1383 405; x_wconf 75' lang='lat'><strong>271</strong></span> 
     </span>
    </p>
   </div>
   <div class='ocr_carea' id='block_1_2' title="bbox 52 449 1494 2654">
    <p class='ocr_par' dir='ltr' id='par_1_2' title="bbox 52 449 1494 2654">
     <span class='ocr_line' id='line_1_2' title="bbox 1199 449 1359 504; baseline 0.006 -13"><span class='ocrx_word' id='word_1_3' title='bbox 1199 461 1221 504; x_wconf 85' lang='lat' dir='ltr'><strong>p.</strong></span> <span class='ocrx_word' id='word_1_4' title='bbox 1235 449 1359 492; x_wconf 68' lang='lat' dir='ltr'><strong>ael-eet„</strong></span> 
     </span>
     <span class='ocr_line' id='line_1_3' title="bbox 89 529 1494 615; baseline -0.004 -20"><span class='ocrx_word' id='word_1_5' title='bbox 89 534 273 615; x_wconf 74' lang='lat' dir='ltr'><strong>praepositio</strong></span> <span class='ocrx_word' id='word_1_6' title='bbox 295 541 348 607; x_wconf 88' lang='lat' dir='ltr'><strong>est,</strong></span> <span class='ocrx_word' id='word_1_7' title='bbox 372 534 439 614; x_wconf 89' lang='lat' dir='ltr'><strong>quia</strong></span> <span class='ocrx_word' id='word_1_8' title='bbox 461 550 513 592; x_wconf 91' lang='lat' dir='ltr'><strong>vos</strong></span> <span class='ocrx_word' id='word_1_9' title='bbox 534 549 604 612; x_wconf 90' lang='lat' dir='ltr'><strong>pars</strong></span> <span class='ocrx_word' id='word_1_10' title='bbox 626 539 670 592; x_wconf 86' lang='lat' dir='ltr'><strong>est</strong></span> <span class='ocrx_word' id='word_1_11' title='bbox 692 533 832 594; x_wconf 90' lang='lat' dir='ltr'><strong>orationis</strong></span> <span class='ocrx_word' id='word_1_12' title='bbox 848 548 924 611; x_wconf 90' lang='lat' dir='ltr'><strong>quae</strong></span> <span class='ocrx_word' id='word_1_13' title='bbox 938 549 1041 593; x_wconf 87' lang='lat' dir='ltr'><strong>casnm</strong></span> <span class='ocrx_word' id='word_1_14' title='bbox 1055 529 1160 592; x_wconf 87' lang='lat' dir='ltr'><strong>babet:</strong></span> <span class='ocrx_word' id='word_1_15' title='bbox 1184 533 1269 591; x_wconf 72' lang='lat' dir='ltr'><strong>‘ante</strong></span> <span class='ocrx_word' id='word_1_16' title='bbox 1283 549 1384 592; x_wconf 89' lang='lat' dir='ltr'><strong>aman·</strong></span> <span class='ocrx_word' id='word_1_17' title='bbox 1491 583 1494 589; x_wconf 89' lang='lat'>.</span> 
     </span>
     <span class='ocr_line' id='line_1_4' title="bbox 92 631 1384 714; baseline -0.001 -18"><span class='ocrx_word' id='word_1_18' title='bbox 92 647 153 696; x_wconf 87' lang='lat' dir='ltr'><strong>tem</strong></span> <span class='ocrx_word' id='word_1_19' title='bbox 176 640 262 707; x_wconf 83' lang='lat' dir='ltr'><strong>stat&#39;,</strong></span> <span class='ocrx_word' id='word_1_20' title='bbox 284 640 432 695; x_wconf 86' lang='lat' dir='ltr'><strong>amantem</strong></span> <span class='ocrx_word' id='word_1_21' title='bbox 453 651 523 713; x_wconf 91' lang='lat' dir='ltr'><strong>pars</strong></span> <span class='ocrx_word' id='word_1_22' title='bbox 545 640 591 695; x_wconf 90' lang='lat' dir='ltr'><strong>est</strong></span> <span class='ocrx_word' id='word_1_23' title='bbox 613 631 662 694; x_wconf 87' lang='lat' dir='ltr'><strong>iiia</strong></span> <span class='ocrx_word' id='word_1_24' title='bbox 684 635 828 695; x_wconf 86' lang='lat' dir='ltr'><strong>orationis</strong></span> <span class='ocrx_word' id='word_1_25' title='bbox 850 652 926 714; x_wconf 89' lang='lat' dir='ltr'><strong>quae</strong></span> <span class='ocrx_word' id='word_1_26' title='bbox 953 651 1053 695; x_wconf 85' lang='lat' dir='ltr'><strong>casum</strong></span> <span class='ocrx_word' id='word_1_27' title='bbox 1073 631 1172 694; x_wconf 85' lang='lat' dir='ltr'><strong>habet.</strong></span> <span class='ocrx_word' id='word_1_28' title='bbox 1216 650 1289 713; x_wconf 83' lang='lat' dir='ltr'><strong>ergo</strong></span> <span class='ocrx_word' id='word_1_29' title='bbox 1310 651 1384 714; x_wconf 88' lang='lat' dir='ltr'><strong>quo·</strong></span> 
     </span>
     <span class='ocr_line' id='line_1_5' title="bbox 89 733 1385 818; baseline -0.001 -20"><span class='ocrx_word' id='word_1_30' title='bbox 89 738 298 818; x_wconf 86' lang='lat' dir='ltr'><strong>tienseumque</strong></span> <span class='ocrx_word' id='word_1_31' title='bbox 319 737 514 817; x_wconf 80' lang='lat' dir='ltr'>praeponitur</span> <span class='ocrx_word' id='word_1_32' title='bbox 536 737 564 796; x_wconf 93' lang='lat' dir='ltr'><strong>ei</strong></span> <span class='ocrx_word' id='word_1_33' title='bbox 585 738 663 816; x_wconf 90' lang='lat' dir='ltr'><strong>parti</strong></span> <span class='ocrx_word' id='word_1_34' title='bbox 682 739 826 799; x_wconf 88' lang='lat' dir='ltr'><strong>orationis</strong></span> <span class='ocrx_word' id='word_1_35' title='bbox 848 755 923 816; x_wconf 90' lang='lat' dir='ltr'><strong>quae</strong></span> <span class='ocrx_word' id='word_1_36' title='bbox 944 751 1045 797; x_wconf 90' lang='lat' dir='ltr'><strong>casum</strong></span> <span class='ocrx_word' id='word_1_37' title='bbox 1060 733 1158 806; x_wconf 89' lang='lat' dir='ltr'><strong>babet,</strong></span> <span class='ocrx_word' id='word_1_38' title='bbox 1182 743 1254 797; x_wconf 86' lang='lat' dir='ltr'><strong>tunc</strong></span> <span class='ocrx_word' id='word_1_39' title='bbox 1269 734 1385 797; x_wconf 87' lang='lat' dir='ltr'><strong>videtur</strong></span> 
     </span>
     <span class='ocr_line' id='line_1_6' title="bbox 90 835 1383 920; baseline -0.002 -20"><span class='ocrx_word' id='word_1_40' title='bbox 90 841 284 920; x_wconf 88' lang='lat' dir='ltr'><strong>praepositio.</strong></span> <span class='ocrx_word' id='word_1_41' title='bbox 329 840 372 900; x_wconf 88' lang='lat' dir='ltr'><strong>vis</strong></span> <span class='ocrx_word' id='word_1_42' title='bbox 394 839 493 900; x_wconf 88' lang='lat' dir='ltr'><strong>iacere</strong></span> <span class='ocrx_word' id='word_1_43' title='bbox 515 836 596 898; x_wconf 88' lang='lat' dir='ltr'><strong>iliam</strong></span> <span class='ocrx_word' id='word_1_44' title='bbox 619 837 810 901; x_wconf 78' lang='lat' dir='ltr'><strong>adverbium?</strong></span> <span class='ocrx_word' id='word_1_45' title='bbox 846 856 970 900; x_wconf 87' lang='lat' dir='ltr'><strong>necesse</strong></span> <span class='ocrx_word' id='word_1_46' title='bbox 983 835 1083 898; x_wconf 80' lang='lat' dir='ltr'><strong>‘babet</strong></span> <span class='ocrx_word' id='word_1_47' title='bbox 1103 837 1161 898; x_wconf 86' lang='lat' dir='ltr'><strong>ista</strong></span> <span class='ocrx_word' id='word_1_48' title='bbox 1182 855 1252 916; x_wconf 89' lang='lat' dir='ltr'><strong>pars</strong></span> <span class='ocrx_word' id='word_1_49' title='bbox 1273 837 1383 898; x_wconf 86' lang='lat' dir='ltr'><strong>oratio·</strong></span> 
     </span>
     <span class='ocr_line' id='line_1_7' title="bbox 64 939 1385 1018; baseline -0.002 -16"><span class='ocrx_word' id='word_1_50' title='bbox 64 943 153 1012; x_wconf 79' lang='lat' dir='ltr'><strong>anis,</strong></span> <span class='ocrx_word' id='word_1_51' title='bbox 182 960 251 1003; x_wconf 84' lang='lat' dir='ltr'><strong>eum</strong></span> <span class='ocrx_word' id='word_1_52' title='bbox 277 942 311 1002; x_wconf 86' lang='lat' dir='ltr'><strong>tit</strong></span> <span class='ocrx_word' id='word_1_53' title='bbox 331 939 521 1011; x_wconf 78' lang='lat' dir='ltr'>adverbium,</span> <span class='ocrx_word' id='word_1_54' title='bbox 550 939 588 1001; x_wconf 92' lang='lat' dir='ltr'><strong>ab</strong></span> <span class='ocrx_word' id='word_1_55' title='bbox 609 941 691 1001; x_wconf 91' lang='lat' dir='ltr'><strong>omni</strong></span> <span class='ocrx_word' id='word_1_56' title='bbox 719 958 788 1002; x_wconf 89' lang='lat' dir='ltr'><strong>casu</strong></span> <span class='ocrx_word' id='word_1_57' title='bbox 817 939 969 1002; x_wconf 79' lang='lat' dir='ltr'><strong>recedere.</strong></span> <span class='ocrx_word' id='word_1_58' title='bbox 1014 945 1086 1018; x_wconf 86' lang='lat' dir='ltr'><strong>puta</strong></span> <span class='ocrx_word' id='word_1_59' title='bbox 1113 939 1288 1011; x_wconf 73' lang='lat' dir='ltr'><strong>antefecit,</strong></span> <span class='ocrx_word' id='word_1_60' title='bbox 1316 947 1385 1001; x_wconf 88' lang='lat' dir='ltr'><strong>ante</strong></span> 
     </span>
     <span class='ocr_line' id='line_1_8' title="bbox 87 1039 1383 1124; baseline -0.002 -20"><span class='ocrx_word' id='word_1_61' title='bbox 87 1044 179 1115; x_wconf 78' lang='lat' dir='ltr'><strong>dixit,</strong></span> <span class='ocrx_word' id='word_1_62' title='bbox 208 1049 276 1104; x_wconf 91' lang='lat' dir='ltr'><strong>ante</strong></span> <span class='ocrx_word' id='word_1_63' title='bbox 298 1044 433 1124; x_wconf 82' lang='lat' dir='ltr'><strong>scripsit:</strong></span> <span class='ocrx_word' id='word_1_64' title='bbox 466 1045 517 1123; x_wconf 91' lang='lat' dir='ltr'><strong>qui</strong></span> <span class='ocrx_word' id='word_1_65' title='bbox 545 1041 617 1104; x_wconf 90' lang='lat' dir='ltr'><strong>dicit</strong></span> <span class='ocrx_word' id='word_1_66' title='bbox 646 1046 732 1104; x_wconf 79' lang='lat' dir='ltr'><strong>‘ante</strong></span> <span class='ocrx_word' id='word_1_67' title='bbox 753 1042 857 1113; x_wconf 89' lang='lat' dir='ltr'><strong>iecit&#39;‚</strong></span> <span class='ocrx_word' id='word_1_68' title='bbox 885 1046 973 1102; x_wconf 74' lang='lat' dir='ltr'><strong>‘ante</strong></span> <span class='ocrx_word' id='word_1_69' title='bbox 994 1039 1102 1110; x_wconf 85' lang='lat' dir='ltr'><strong>dixit’,</strong></span> <span class='ocrx_word' id='word_1_70' title='bbox 1130 1040 1216 1102; x_wconf 77' lang='lat' dir='ltr'><strong>‘ante</strong></span> <span class='ocrx_word' id='word_1_71' title='bbox 1237 1043 1383 1122; x_wconf 87' lang='lat' dir='ltr'><strong>scripsit’,</strong></span> 
     </span>
     <span class='ocr_line' id='line_1_9' title="bbox 89 1143 1384 1225; baseline -0.001 -18"><span class='ocrx_word' id='word_1_72' title='bbox 89 1165 151 1208; x_wconf 90' lang='lat' dir='ltr'><strong>non</strong></span> <span class='ocrx_word' id='word_1_73' title='bbox 173 1146 204 1207; x_wconf 93' lang='lat' dir='ltr'><strong>id</strong></span> <span class='ocrx_word' id='word_1_74' title='bbox 228 1146 288 1224; x_wconf 75' lang='lat' dir='ltr'><strong>egit</strong></span> <span class='ocrx_word' id='word_1_75' title='bbox 308 1151 341 1206; x_wconf 92' lang='lat' dir='ltr'><strong>ut</strong></span> <span class='ocrx_word' id='word_1_76' title='bbox 362 1151 491 1206; x_wconf 87' lang='lat' dir='ltr'><strong>mutaret</strong></span> <span class='ocrx_word' id='word_1_77' title='bbox 512 1162 612 1206; x_wconf 90' lang='lat' dir='ltr'><strong>casum</strong></span> <span class='ocrx_word' id='word_1_78' title='bbox 634 1145 878 1225; x_wconf 80' lang='lat' dir='ltr'><strong>praepositionis,</strong></span> <span class='ocrx_word' id='word_1_79' title='bbox 906 1144 959 1206; x_wconf 89' lang='lat' dir='ltr'><strong>sed</strong></span> <span class='ocrx_word' id='word_1_80' title='bbox 986 1152 1020 1205; x_wconf 92' lang='lat' dir='ltr'><strong>ut</strong></span> <span class='ocrx_word' id='word_1_81' title='bbox 1041 1144 1160 1222; x_wconf 90' lang='lat' dir='ltr'><strong>penitus</strong></span> <span class='ocrx_word' id='word_1_82' title='bbox 1181 1162 1245 1206; x_wconf 89' lang='lat' dir='ltr'><strong>eam</strong></span> <span class='ocrx_word' id='word_1_83' title='bbox 1267 1143 1384 1206; x_wconf 87' lang='lat' dir='ltr'><strong>casibus</strong></span> 
     </span>
     <span class='ocr_line' id='line_1_10' title="bbox 87 1245 1383 1315; baseline -0.002 -6"><span class='ocrx_word' id='word_1_84' title='bbox 87 1257 267 1310; x_wconf 84' lang='lat' dir='ltr'><strong>removeret.</strong></span> <span class='ocrx_word' id='word_1_85' title='bbox 301 1245 464 1308; x_wconf 89' lang='lat' dir='ltr'><strong>etidcirco</strong></span> <span class='ocrx_word' id='word_1_86' title='bbox 486 1254 557 1307; x_wconf 89' lang='lat' dir='ltr'><strong>tunc</strong></span> <span class='ocrx_word' id='word_1_87' title='bbox 579 1255 624 1308; x_wconf 87' lang='lat' dir='ltr'><strong>cst</strong></span> <span class='ocrx_word' id='word_1_88' title='bbox 646 1245 829 1309; x_wconf 83' lang='lat' dir='ltr'><strong>adverbium.</strong></span> <span class='ocrx_word' id='word_1_89' title='bbox 864 1245 943 1307; x_wconf 88' lang='lat' dir='ltr'><strong>aliud</strong></span> <span class='ocrx_word' id='word_1_90' title='bbox 965 1253 1011 1307; x_wconf 87' lang='lat' dir='ltr'><strong>est</strong></span> <span class='ocrx_word' id='word_1_91' title='bbox 1032 1247 1112 1308; x_wconf 92' lang='lat' dir='ltr'><strong>enim</strong></span> <span class='ocrx_word' id='word_1_92' title='bbox 1133 1253 1249 1308; x_wconf 87' lang='lat' dir='ltr'><strong>mutare</strong></span> <span class='ocrx_word' id='word_1_93' title='bbox 1270 1264 1383 1315; x_wconf 89' lang='lat' dir='ltr'><strong>casum,</strong></span> 
     </span>
     <span class='ocr_line' id='line_1_11' title="bbox 87 1347 1384 1429; baseline 0 -19"><span class='ocrx_word' id='word_1_94' title='bbox 87 1348 170 1412; x_wconf 90' lang='lat' dir='ltr'><strong>atiud</strong></span> <span class='ocrx_word' id='word_1_95' title='bbox 194 1359 239 1412; x_wconf 92' lang='lat' dir='ltr'><strong>est</strong></span> <span class='ocrx_word' id='word_1_96' title='bbox 261 1347 378 1410; x_wconf 84' lang='lat' dir='ltr'><strong>casibus</strong></span> <span class='ocrx_word' id='word_1_97' title='bbox 399 1366 512 1410; x_wconf 89' lang='lat' dir='ltr'><strong>carere.</strong></span> <span class='ocrx_word' id='word_1_98' title='bbox 557 1347 676 1428; x_wconf 89' lang='lat' dir='ltr'><strong>quando</strong></span> <span class='ocrx_word' id='word_1_99' title='bbox 706 1347 823 1410; x_wconf 88' lang='lat' dir='ltr'><strong>casibus</strong></span> <span class='ocrx_word' id='word_1_100' title='bbox 844 1349 965 1429; x_wconf 89' lang='lat' dir='ltr'><strong>penitus</strong></span> <span class='ocrx_word' id='word_1_101' title='bbox 986 1355 1083 1419; x_wconf 86' lang='lat' dir='ltr'><strong>caret,</strong></span> <span class='ocrx_word' id='word_1_102' title='bbox 1113 1355 1184 1410; x_wconf 90' lang='lat' dir='ltr'><strong>tunc</strong></span> <span class='ocrx_word' id='word_1_103' title='bbox 1210 1348 1384 1411; x_wconf 78' lang='lat' dir='ltr'><strong>adverbium</strong></span> 
     </span>
     <span class='ocr_line' id='line_1_12' title="bbox 54 1449 1382 1531; baseline 0.003 -25"><span class='ocrx_word' id='word_1_104' title='bbox 54 1469 77 1508; x_wconf 82' lang='grc' dir='ltr'><strong>ιο</strong></span> <span class='ocrx_word' id='word_1_105' title='bbox 90 1459 138 1512; x_wconf 88' lang='lat' dir='ltr'><strong>est</strong></span> <span class='ocrx_word' id='word_1_106' title='bbox 158 1469 193 1512; x_wconf 91' lang='lat' dir='ltr'><strong>re</strong></span> <span class='ocrx_word' id='word_1_107' title='bbox 216 1469 300 1521; x_wconf 90' lang='lat' dir='ltr'><strong>vera;</strong></span> <span class='ocrx_word' id='word_1_108' title='bbox 323 1450 440 1531; x_wconf 64' lang='lat' dir='ltr'><strong>mando</strong></span> <span class='ocrx_word' id='word_1_109' title='bbox 462 1459 561 1512; x_wconf 90' lang='lat' dir='ltr'><strong>autem</strong></span> <span class='ocrx_word' id='word_1_110' title='bbox 584 1459 679 1512; x_wconf 90' lang='lat' dir='ltr'><strong>mutat</strong></span> <span class='ocrx_word' id='word_1_111' title='bbox 699 1469 810 1522; x_wconf 87' lang='lat' dir='ltr'><strong>casum,</strong></span> <span class='ocrx_word' id='word_1_112' title='bbox 833 1469 894 1512; x_wconf 91' lang='lat' dir='ltr'><strong>non</strong></span> <span class='ocrx_word' id='word_1_113' title='bbox 910 1458 954 1511; x_wconf 90' lang='lat' dir='ltr'><strong>est</strong></span> <span class='ocrx_word' id='word_1_114' title='bbox 968 1449 1151 1522; x_wconf 85' lang='lat' dir='ltr'><strong>adverbium,</strong></span> <span class='ocrx_word' id='word_1_115' title='bbox 1175 1450 1228 1514; x_wconf 90' lang='lat' dir='ltr'><strong>sed</strong></span> <span class='ocrx_word' id='word_1_116' title='bbox 1243 1449 1382 1513; x_wconf 70' lang='lat' dir='ltr'><strong>decutio.</strong></span> 
     </span>
     <span class='ocr_line' id='line_1_13' title="bbox 88 1551 1381 1634; baseline 0.002 -22"><span class='ocrx_word' id='word_1_117' title='bbox 88 1570 162 1631; x_wconf 85' lang='lat' dir='ltr'><strong>ergo</strong></span> <span class='ocrx_word' id='word_1_118' title='bbox 185 1553 302 1632; x_wconf 60' lang='lat' dir='ltr'><strong>mando</strong></span> <span class='ocrx_word' id='word_1_119' title='bbox 324 1553 392 1614; x_wconf 92' lang='lat' dir='ltr'><strong>dico</strong></span> <span class='ocrx_word' id='word_1_120' title='bbox 414 1555 566 1632; x_wconf 72' lang='lat' dir='ltr'><strong>‘tempore</strong></span> <span class='ocrx_word' id='word_1_121' title='bbox 588 1559 681 1634; x_wconf 89' lang='lat' dir='ltr'><strong>post&#39;‚</strong></span> <span class='ocrx_word' id='word_1_122' title='bbox 704 1571 767 1614; x_wconf 92' lang='lat' dir='ltr'><strong>non</strong></span> <span class='ocrx_word' id='word_1_123' title='bbox 788 1551 884 1615; x_wconf 86' lang='lat' dir='ltr'><strong>audeo</strong></span> <span class='ocrx_word' id='word_1_124' title='bbox 906 1551 1005 1614; x_wconf 87' lang='lat' dir='ltr'><strong>dicere</strong></span> <span class='ocrx_word' id='word_1_125' title='bbox 1027 1561 1098 1632; x_wconf 89' lang='lat' dir='ltr'><strong>post</strong></span> <span class='ocrx_word' id='word_1_126' title='bbox 1117 1551 1290 1614; x_wconf 83' lang='lat' dir='ltr'><strong>adverbium</strong></span> <span class='ocrx_word' id='word_1_127' title='bbox 1306 1571 1381 1615; x_wconf 88' lang='lat' dir='ltr'><strong>esse.</strong></span> 
     </span>
     <span class='ocr_line' id='line_1_14' title="bbox 88 1653 1382 1734; baseline 0 -18"><span class='ocrx_word' id='word_1_128' title='bbox 88 1655 200 1734; x_wconf 74' lang='lat' dir='ltr'><strong>quare?</strong></span> <span class='ocrx_word' id='word_1_129' title='bbox 230 1673 300 1717; x_wconf 89' lang='lat' dir='ltr'><strong>nam</strong></span> <span class='ocrx_word' id='word_1_130' title='bbox 322 1655 376 1716; x_wconf 90' lang='lat' dir='ltr'><strong>etsi</strong></span> <span class='ocrx_word' id='word_1_131' title='bbox 399 1657 523 1716; x_wconf 90' lang='lat' dir='ltr'><strong>mutavit</strong></span> <span class='ocrx_word' id='word_1_132' title='bbox 543 1673 653 1726; x_wconf 85' lang='lat' dir='ltr'><strong>casum,</strong></span> <span class='ocrx_word' id='word_1_133' title='bbox 676 1663 776 1718; x_wconf 89' lang='lat' dir='ltr'><strong>tamen</strong></span> <span class='ocrx_word' id='word_1_134' title='bbox 798 1655 895 1716; x_wconf 89' lang='lat' dir='ltr'><strong>adbuc</strong></span> <span class='ocrx_word' id='word_1_135' title='bbox 916 1654 1042 1716; x_wconf 89' lang='lat' dir='ltr'><strong>alterum</strong></span> <span class='ocrx_word' id='word_1_136' title='bbox 1058 1653 1156 1716; x_wconf 85' lang='lat' dir='ltr'><strong>-habet</strong></span> <span class='ocrx_word' id='word_1_137' title='bbox 1176 1673 1292 1726; x_wconf 88' lang='lat' dir='ltr'><strong>casum;</strong></span> <span class='ocrx_word' id='word_1_138' title='bbox 1321 1673 1382 1718; x_wconf 90' lang='lat' dir='ltr'><strong>non</strong></span> 
     </span>
     <span class='ocr_line' id='line_1_15' title="bbox 87 1754 1383 1840; baseline 0.001 -23"><span class='ocrx_word' id='word_1_139' title='bbox 87 1775 175 1818; x_wconf 91' lang='lat' dir='ltr'><strong>suum</strong></span> <span class='ocrx_word' id='word_1_140' title='bbox 198 1754 205 1840; x_wconf 85' lang='grc' dir='ltr'>Ι</span> <span class='ocrx_word' id='word_1_141' title='bbox 231 1757 352 1835; x_wconf 88' lang='lat' dir='ltr'><strong>quidem</strong></span> <span class='ocrx_word' id='word_1_142' title='bbox 374 1756 479 1828; x_wconf 90' lang='lat' dir='ltr'><strong>babet,</strong></span> <span class='ocrx_word' id='word_1_143' title='bbox 508 1758 635 1820; x_wconf 90' lang='lat' dir='ltr'><strong>alterum</strong></span> <span class='ocrx_word' id='word_1_144' title='bbox 663 1767 771 1820; x_wconf 85' lang='lat' dir='ltr'><strong>tamen</strong></span> <span class='ocrx_word' id='word_1_145' title='bbox 817 1757 935 1838; x_wconf 88' lang='lat' dir='ltr'><strong>quando</strong></span> <span class='ocrx_word' id='word_1_146' title='bbox 965 1764 1064 1818; x_wconf 88' lang='lat' dir='ltr'><strong>autem</strong></span> <span class='ocrx_word' id='word_1_147' title='bbox 1086 1756 1153 1818; x_wconf 91' lang='lat' dir='ltr'><strong>dico</strong></span> <span class='ocrx_word' id='word_1_148' title='bbox 1176 1762 1261 1837; x_wconf 76' lang='lat' dir='ltr'><strong>‘post</strong></span> <span class='ocrx_word' id='word_1_149' title='bbox 1285 1757 1383 1827; x_wconf 84' lang='lat' dir='ltr'><strong>iccit&#39;,</strong></span> 
     </span>
     <span class='ocr_line' id='line_1_16' title="bbox 88 1858 1384 1940; baseline 0.001 -21"><span class='ocrx_word' id='word_1_150' title='bbox 88 1858 125 1920; x_wconf 90' lang='lat' dir='ltr'><strong>da</strong></span> <span class='ocrx_word' id='word_1_151' title='bbox 148 1877 249 1922; x_wconf 87' lang='lat' dir='ltr'><strong>casum</strong></span> <span class='ocrx_word' id='word_1_152' title='bbox 272 1859 317 1921; x_wconf 90' lang='lat' dir='ltr'><strong>vel</strong></span> <span class='ocrx_word' id='word_1_153' title='bbox 339 1879 446 1931; x_wconf 89' lang='lat' dir='ltr'><strong>unum,</strong></span> <span class='ocrx_word' id='word_1_154' title='bbox 477 1859 521 1922; x_wconf 89' lang='lat' dir='ltr'><strong>vel</strong></span> <span class='ocrx_word' id='word_1_155' title='bbox 549 1877 637 1922; x_wconf 88' lang='lat' dir='ltr'><strong>suurn</strong></span> <span class='ocrx_word' id='word_1_156' title='bbox 660 1858 705 1921; x_wconf 86' lang='lat' dir='ltr'><strong>vei</strong></span> <span class='ocrx_word' id='word_1_157' title='bbox 727 1859 870 1922; x_wconf 77' lang='lat' dir='ltr'><strong>aberium:</strong></span> <span class='ocrx_word' id='word_1_158' title='bbox 904 1859 990 1940; x_wconf 75' lang='lat' dir='ltr'><strong>‘post</strong></span> <span class='ocrx_word' id='word_1_159' title='bbox 1016 1859 1106 1920; x_wconf 83' lang='lat' dir='ltr'><strong>dixit&#39;</strong></span> <span class='ocrx_word' id='word_1_160' title='bbox 1122 1877 1188 1940; x_wconf 91' lang='lat' dir='ltr'><strong>non</strong></span> <span class='ocrx_word' id='word_1_161' title='bbox 1210 1859 1302 1920; x_wconf 90' lang='lat' dir='ltr'><strong>babet</strong></span> <span class='ocrx_word' id='word_1_162' title='bbox 1327 1877 1384 1922; x_wconf 88' lang='lat' dir='ltr'><strong>neo</strong></span> 
     </span>
     <span class='ocr_line' id='line_1_17' title="bbox 53 1959 1382 2043; baseline 0.003 -27"><span class='ocrx_word' id='word_1_163' title='bbox 53 1975 177 2022; x_wconf 83' lang='lat' dir='ltr'><strong>nsunm</strong></span> <span class='ocrx_word' id='word_1_164' title='bbox 198 1980 256 2024; x_wconf 90' lang='lat' dir='ltr'><strong>nec</strong></span> <span class='ocrx_word' id='word_1_165' title='bbox 279 1961 418 2024; x_wconf 90' lang='lat' dir='ltr'><strong>alienum.</strong></span> <span class='ocrx_word' id='word_1_166' title='bbox 465 1981 537 2042; x_wconf 77' lang='lat' dir='ltr'><strong>ergo</strong></span> <span class='ocrx_word' id='word_1_167' title='bbox 560 1964 637 2043; x_wconf 89' lang='lat' dir='ltr'><strong>siqui</strong></span> <span class='ocrx_word' id='word_1_168' title='bbox 659 1962 738 2024; x_wconf 92' lang='lat' dir='ltr'><strong>dicat</strong></span> <span class='ocrx_word' id='word_1_169' title='bbox 760 1961 845 2042; x_wconf 78' lang='lat' dir='ltr'><strong>‘post</strong></span> <span class='ocrx_word' id='word_1_170' title='bbox 866 1962 970 2033; x_wconf 88' lang='lat' dir='ltr'><strong>iecit&#39;,</strong></span> <span class='ocrx_word' id='word_1_171' title='bbox 998 1967 1083 2042; x_wconf 85' lang='lat' dir='ltr'><strong>‘post</strong></span> <span class='ocrx_word' id='word_1_172' title='bbox 1104 1959 1208 2032; x_wconf 84' lang='lat' dir='ltr'><strong>dixit’,</strong></span> <span class='ocrx_word' id='word_1_173' title='bbox 1237 1968 1309 2023; x_wconf 89' lang='lat' dir='ltr'><strong>tune</strong></span> <span class='ocrx_word' id='word_1_174' title='bbox 1331 1959 1382 2022; x_wconf 91' lang='lat' dir='ltr'><strong>ad-</strong></span> 
     </span>
     <span class='ocr_line' id='line_1_18' title="bbox 88 2062 1380 2145; baseline 0.001 -22"><span class='ocrx_word' id='word_1_175' title='bbox 88 2063 191 2124; x_wconf 92' lang='lat' dir='ltr'><strong>verbia</strong></span> <span class='ocrx_word' id='word_1_176' title='bbox 212 2063 325 2126; x_wconf 87' lang='lat' dir='ltr'><strong>iaciunt</strong></span> <span class='ocrx_word' id='word_1_177' title='bbox 344 2065 419 2126; x_wconf 86' lang='lat' dir='ltr'><strong>istac</strong></span> <span class='ocrx_word' id='word_1_178' title='bbox 441 2065 614 2145; x_wconf 88' lang='lat' dir='ltr'><strong>particulae,</strong></span> <span class='ocrx_word' id='word_1_179' title='bbox 637 2074 725 2136; x_wconf 88' lang='lat' dir='ltr'><strong>tnnc,</strong></span> <span class='ocrx_word' id='word_1_180' title='bbox 755 2065 874 2144; x_wconf 88' lang='lat' dir='ltr'><strong>quando</strong></span> <span class='ocrx_word' id='word_1_181' title='bbox 902 2065 1021 2144; x_wconf 87' lang='lat' dir='ltr'><strong>penitus</strong></span> <span class='ocrx_word' id='word_1_182' title='bbox 1047 2081 1151 2125; x_wconf 87' lang='lat' dir='ltr'><strong>casum</strong></span> <span class='ocrx_word' id='word_1_183' title='bbox 1177 2081 1238 2125; x_wconf 93' lang='lat' dir='ltr'><strong>non</strong></span> <span class='ocrx_word' id='word_1_184' title='bbox 1259 2062 1380 2126; x_wconf 86' lang='lat' dir='ltr'><strong>babent</strong></span> 
     </span>
     <span class='ocr_line' id='line_1_19' title="bbox 87 2165 1381 2246; baseline 0.002 -20"><span class='ocrx_word' id='word_1_185' title='bbox 87 2165 206 2246; x_wconf 88' lang='lat' dir='ltr'><strong>quando</strong></span> <span class='ocrx_word' id='word_1_186' title='bbox 228 2175 328 2229; x_wconf 91' lang='lat' dir='ltr'><strong>autem</strong></span> <span class='ocrx_word' id='word_1_187' title='bbox 349 2169 390 2228; x_wconf 92' lang='lat' dir='ltr'><strong>ita</strong></span> <span class='ocrx_word' id='word_1_188' title='bbox 412 2175 544 2230; x_wconf 87' lang='lat' dir='ltr'><strong>mutatur</strong></span> <span class='ocrx_word' id='word_1_189' title='bbox 565 2167 613 2228; x_wconf 93' lang='lat' dir='ltr'><strong>bic</strong></span> <span class='ocrx_word' id='word_1_190' title='bbox 635 2185 735 2238; x_wconf 91' lang='lat' dir='ltr'><strong>casus,</strong></span> <span class='ocrx_word' id='word_1_191' title='bbox 759 2176 792 2228; x_wconf 90' lang='lat' dir='ltr'><strong>ut</strong></span> <span class='ocrx_word' id='word_1_192' title='bbox 813 2166 942 2228; x_wconf 75' lang='lat' dir='ltr'><strong>alienvm</strong></span> <span class='ocrx_word' id='word_1_193' title='bbox 965 2165 1088 2238; x_wconf 90' lang='lat' dir='ltr'><strong>babeat,</strong></span> <span class='ocrx_word' id='word_1_194' title='bbox 1118 2183 1179 2227; x_wconf 89' lang='lat' dir='ltr'><strong>non</strong></span> <span class='ocrx_word' id='word_1_195' title='bbox 1206 2174 1252 2227; x_wconf 79' lang='lat' dir='ltr'><strong>est</strong></span> <span class='ocrx_word' id='word_1_196' title='bbox 1277 2166 1381 2228; x_wconf 89' lang='lat' dir='ltr'><strong>adver·</strong></span> 
     </span>
     <span class='ocr_line' id='line_1_20' title="bbox 86 2266 1380 2350; baseline 0.002 -22"><span class='ocrx_word' id='word_1_197' title='bbox 86 2266 179 2339; x_wconf 91' lang='lat' dir='ltr'><strong>bium,</strong></span> <span class='ocrx_word' id='word_1_198' title='bbox 204 2268 257 2330; x_wconf 92' lang='lat' dir='ltr'><strong>sed</strong></span> <span class='ocrx_word' id='word_1_199' title='bbox 278 2271 460 2350; x_wconf 79' lang='lat' dir='ltr'><strong>praepositio</strong></span> <span class='ocrx_word' id='word_1_200' title='bbox 482 2277 529 2332; x_wconf 90' lang='lat' dir='ltr'><strong>est</strong></span> <span class='ocrx_word' id='word_1_201' title='bbox 551 2287 618 2331; x_wconf 88' lang='lat' dir='ltr'><strong>cum</strong></span> <span class='ocrx_word' id='word_1_202' title='bbox 639 2287 710 2331; x_wconf 89' lang='lat' dir='ltr'><strong>casu</strong></span> <span class='ocrx_word' id='word_1_203' title='bbox 731 2275 855 2330; x_wconf 89' lang='lat' dir='ltr'><strong>mutato.</strong></span> <span class='ocrx_word' id='word_1_204' title='bbox 897 2276 943 2330; x_wconf 85' lang='lat' dir='ltr'><strong>est</strong></span> <span class='ocrx_word' id='word_1_205' title='bbox 964 2270 1043 2330; x_wconf 89' lang='lat' dir='ltr'><strong>enim</strong></span> <span class='ocrx_word' id='word_1_206' title='bbox 1065 2266 1183 2330; x_wconf 82' lang='lat' dir='ltr'><strong>licentia</strong></span> <span class='ocrx_word' id='word_1_207' title='bbox 1208 2268 1282 2330; x_wconf 89' lang='lat' dir='ltr'><strong>baec</strong></span> <span class='ocrx_word' id='word_1_208' title='bbox 1304 2269 1380 2339; x_wconf 86' lang='lat' dir='ltr'><strong>data,</strong></span> 
     </span>
     <span class='ocr_line' id='line_1_21' title="bbox 85 2372 931 2453; baseline 0.004 -24"><span class='ocrx_word' id='word_1_209' title='bbox 85 2379 119 2431; x_wconf 89' lang='lat' dir='ltr'><strong>ut</strong></span> <span class='ocrx_word' id='word_1_210' title='bbox 141 2372 304 2450; x_wconf 90' lang='lat' dir='ltr'><strong>postposita</strong></span> <span class='ocrx_word' id='word_1_211' title='bbox 326 2373 506 2453; x_wconf 86' lang='lat' dir='ltr'><strong>praepositio</strong></span> <span class='ocrx_word' id='word_1_212' title='bbox 527 2372 633 2453; x_wconf 88' lang='lat' dir='ltr'><strong>perdat</strong></span> <span class='ocrx_word' id='word_1_213' title='bbox 654 2389 756 2434; x_wconf 88' lang='lat' dir='ltr'><strong>casnm</strong></span> <span class='ocrx_word' id='word_1_214' title='bbox 779 2379 809 2432; x_wconf 87' lang='lat' dir='ltr'><strong>et</strong></span> <span class='ocrx_word' id='word_1_215' title='bbox 830 2379 931 2432; x_wconf 88' lang='lat' dir='ltr'><strong>mutet</strong></span> 
     </span>
     <span class='ocr_line' id='line_1_22' title="bbox 52 2471 1483 2555; baseline 0.003 -21"><span class='ocrx_word' id='word_1_216' title='bbox 52 2489 75 2528; x_wconf 76' lang='grc' dir='ltr'><strong>ιι</strong></span> <span class='ocrx_word' id='word_1_217' title='bbox 177 2471 282 2534; x_wconf 88' lang='lat' dir='ltr'><strong>Omnis</strong></span> <span class='ocrx_word' id='word_1_218' title='bbox 302 2475 482 2555; x_wconf 87' lang='lat' dir='ltr'><strong>praepositio</strong></span> <span class='ocrx_word' id='word_1_219' title='bbox 507 2473 585 2537; x_wconf 90' lang='lat' dir='ltr'><strong>banc</strong></span> <span class='ocrx_word' id='word_1_220' title='bbox 612 2472 702 2536; x_wconf 90' lang='lat' dir='ltr'><strong>babet</strong></span> <span class='ocrx_word' id='word_1_221' title='bbox 729 2480 880 2544; x_wconf 88' lang='lat' dir='ltr'><strong>naturam,</strong></span> <span class='ocrx_word' id='word_1_222' title='bbox 914 2481 949 2534; x_wconf 89' lang='lat' dir='ltr'><strong>nt</strong></span> <span class='ocrx_word' id='word_1_223' title='bbox 974 2481 1026 2533; x_wconf 89' lang='lat' dir='ltr'><strong>aut</strong></span> <span class='ocrx_word' id='word_1_224' title='bbox 1050 2478 1156 2551; x_wconf 77' lang='lat' dir='ltr'><strong>augeat</strong></span> <span class='ocrx_word' id='word_1_225' title='bbox 1177 2471 1302 2552; x_wconf 79' lang='lat' dir='ltr'><strong>ailquid,</strong></span> <span class='ocrx_word' id='word_1_226' title='bbox 1332 2480 1483 2552; x_wconf 64' lang='lat' dir='ltr'><strong>auterno</strong></span> 
     </span>
     <span class='ocr_line' id='line_1_23' title="bbox 86 2573 1381 2654; baseline 0.001 -18"><span class='ocrx_word' id='word_1_227' title='bbox 86 2576 201 2636; x_wconf 86' lang='lat' dir='ltr'><strong>minuat</strong></span> <span class='ocrx_word' id='word_1_228' title='bbox 222 2574 348 2654; x_wconf 82' lang='lat' dir='ltr'><strong>aliquid,</strong></span> <span class='ocrx_word' id='word_1_229' title='bbox 377 2577 480 2638; x_wconf 90' lang='lat' dir='ltr'><strong>autin</strong></span> <span class='ocrx_word' id='word_1_230' title='bbox 503 2579 686 2640; x_wconf 88' lang='lat' dir='ltr'><strong>contrarium</strong></span> <span class='ocrx_word' id='word_1_231' title='bbox 708 2583 815 2648; x_wconf 86' lang='lat' dir='ltr'><strong>vertat,</strong></span> <span class='ocrx_word' id='word_1_232' title='bbox 844 2583 895 2637; x_wconf 92' lang='lat' dir='ltr'><strong>aut</strong></span> <span class='ocrx_word' id='word_1_233' title='bbox 921 2573 996 2636; x_wconf 87' lang='lat' dir='ltr'><strong>nihii</strong></span> <span class='ocrx_word' id='word_1_234' title='bbox 1024 2575 1178 2654; x_wconf 74' lang='lat' dir='ltr'><strong>significet.</strong></span> <span class='ocrx_word' id='word_1_235' title='bbox 1223 2583 1325 2654; x_wconf 75' lang='lat' dir='ltr'><strong>auget,</strong></span> <span class='ocrx_word' id='word_1_236' title='bbox 1355 2576 1381 2637; x_wconf 87' lang='lat' dir='ltr'><strong>si</strong></span> 
     </span>
    </p>
   </div>
   <div class='ocr_carea' id='block_1_3' title="bbox 86 2667 1383 2759">
    <p class='ocr_par' dir='ltr' id='par_1_3' title="bbox 86 2667 1383 2759">
     <span class='ocr_line' id='line_1_24' title="bbox 86 2667 1383 2759; baseline 0 -21"><span class='ocrx_word' id='word_1_237' title='bbox 86 2677 170 2738; x_wconf 90' lang='lat' dir='ltr'><strong>dicas</strong></span> <span class='ocrx_word' id='word_1_238' title='bbox 192 2677 303 2740; x_wconf 89' lang='lat' dir='ltr'><strong>clarus:</strong></span> <span class='ocrx_word' id='word_1_239' title='bbox 326 2694 403 2757; x_wconf 79' lang='lat' dir='ltr'><strong>auge</strong></span> <span class='ocrx_word' id='word_1_240' title='bbox 417 2676 498 2750; x_wconf 88' lang='lat' dir='ltr'><strong>illud,</strong></span> <span class='ocrx_word' id='word_1_241' title='bbox 522 2678 707 2759; x_wconf 89' lang='lat' dir='ltr'><strong>praeclarus;</strong></span> <span class='ocrx_word' id='word_1_242' title='bbox 730 2677 799 2758; x_wconf 87' lang='lat' dir='ltr'><strong>plus</strong></span> <span class='ocrx_word' id='word_1_243' title='bbox 814 2679 960 2758; x_wconf 79' lang='lat' dir='ltr'><strong>significat</strong></span> <span class='ocrx_word' id='word_1_244' title='bbox 972 2675 1159 2758; x_wconf 60' lang='lat' dir='ltr'><strong>praeclarum</strong></span> <span class='ocrx_word' id='word_1_245' title='bbox 1183 2695 1253 2740; x_wconf 86' lang='lat' dir='ltr'><strong>ecce</strong></span> <span class='ocrx_word' id='word_1_246' title='bbox 1272 2667 1383 2740; x_wconf 81' lang='lat' dir='ltr'><strong>adiecit</strong></span> 
     </span>
    </p>
   </div>
   <div class='ocr_carea' id='block_1_4' title="bbox 48 2778 1478 4397">
    <p class='ocr_par' dir='ltr' id='par_1_4' title="bbox 83 2778 1380 2964">
     <span class='ocr_line' id='line_1_25' title="bbox 83 2778 1380 2860; baseline 0.002 -20"><span class='ocrx_word' id='word_1_247' title='bbox 83 2779 198 2860; x_wconf 87' lang='lat' dir='ltr'><strong>aliquid</strong></span> <span class='ocrx_word' id='word_1_248' title='bbox 220 2781 453 2859; x_wconf 80' lang='lat' dir='ltr'><strong>significationis.</strong></span> <span class='ocrx_word' id='word_1_249' title='bbox 498 2782 619 2853; x_wconf 88' lang='lat' dir='ltr'><strong>minuit,</strong></span> <span class='ocrx_word' id='word_1_250' title='bbox 653 2784 679 2843; x_wconf 92' lang='lat' dir='ltr'><strong>si</strong></span> <span class='ocrx_word' id='word_1_251' title='bbox 700 2782 782 2842; x_wconf 88' lang='lat' dir='ltr'><strong>dicas</strong></span> <span class='ocrx_word' id='word_1_252' title='bbox 803 2778 889 2842; x_wconf 89' lang='lat' dir='ltr'><strong>dotus</strong></span> <span class='ocrx_word' id='word_1_253' title='bbox 910 2778 1067 2842; x_wconf 87' lang='lat' dir='ltr'><strong>subdolus:</strong></span> <span class='ocrx_word' id='word_1_254' title='bbox 1109 2797 1178 2840; x_wconf 88' lang='lat' dir='ltr'><strong>nam</strong></span> <span class='ocrx_word' id='word_1_255' title='bbox 1199 2781 1232 2841; x_wconf 91' lang='lat' dir='ltr'><strong>in</strong></span> <span class='ocrx_word' id='word_1_256' title='bbox 1253 2779 1380 2842; x_wconf 85' lang='lat' dir='ltr'><strong>subdolo</strong></span> 
     </span>
     <span class='ocr_line' id='line_1_26' title="bbox 85 2881 1380 2964; baseline 0.002 -22"><span class='ocrx_word' id='word_1_257' title='bbox 85 2883 186 2942; x_wconf 91' lang='lat' dir='ltr'><strong>minus</strong></span> <span class='ocrx_word' id='word_1_258' title='bbox 208 2890 261 2952; x_wconf 79' lang='lat' dir='ltr'><strong>est,</strong></span> <span class='ocrx_word' id='word_1_259' title='bbox 285 2901 373 2963; x_wconf 88' lang='lat' dir='ltr'><strong>qnam</strong></span> <span class='ocrx_word' id='word_1_260' title='bbox 396 2890 443 2944; x_wconf 91' lang='lat' dir='ltr'><strong>est</strong></span> <span class='ocrx_word' id='word_1_261' title='bbox 462 2885 494 2943; x_wconf 93' lang='lat' dir='ltr'><strong>in</strong></span> <span class='ocrx_word' id='word_1_262' title='bbox 516 2881 601 2952; x_wconf 76' lang='lat' dir='ltr'><strong>doio:</strong></span> <span class='ocrx_word' id='word_1_263' title='bbox 625 2901 695 2944; x_wconf 89' lang='lat' dir='ltr'><strong>ecce</strong></span> <span class='ocrx_word' id='word_1_264' title='bbox 710 2884 825 2944; x_wconf 88' lang='lat' dir='ltr'><strong>minuit.</strong></span> <span class='ocrx_word' id='word_1_265' title='bbox 855 2885 959 2944; x_wconf 87' lang='lat' dir='ltr'><strong>autin</strong></span> <span class='ocrx_word' id='word_1_266' title='bbox 980 2883 1165 2944; x_wconf 89' lang='lat' dir='ltr'><strong>contrarium</strong></span> <span class='ocrx_word' id='word_1_267' title='bbox 1179 2882 1262 2945; x_wconf 88' lang='lat' dir='ltr'><strong>ducit</strong></span> <span class='ocrx_word' id='word_1_268' title='bbox 1275 2881 1380 2964; x_wconf 86' lang='lat' dir='ltr'><strong>[quam</strong></span> 
     </span>
    </p>

    <p class='ocr_par' dir='ltr' id='par_1_5' title="bbox 48 2982 1472 3476">
     <span class='ocr_line' id='line_1_27' title="bbox 48 2982 1380 3064; baseline 0.005 -23"><span class='ocrx_word' id='word_1_269' title='bbox 48 3001 72 3041; x_wconf 83' lang='lat' dir='ltr'><strong>as</strong></span> <span class='ocrx_word' id='word_1_270' title='bbox 86 2982 157 3064; x_wconf 89' lang='lat' dir='ltr'><strong>est],</strong></span> <span class='ocrx_word' id='word_1_271' title='bbox 183 2984 289 3047; x_wconf 91' lang='lat' dir='ltr'><strong>doctus</strong></span> <span class='ocrx_word' id='word_1_272' title='bbox 309 2984 455 3056; x_wconf 90' lang='lat' dir='ltr'><strong>indoctus,</strong></span> <span class='ocrx_word' id='word_1_273' title='bbox 478 2983 548 3046; x_wconf 86' lang='lat' dir='ltr'><strong>ielix</strong></span> <span class='ocrx_word' id='word_1_274' title='bbox 569 2984 681 3057; x_wconf 78' lang='lat' dir='ltr'><strong>infelix,</strong></span> <span class='ocrx_word' id='word_1_275' title='bbox 705 3003 795 3048; x_wconf 91' lang='lat' dir='ltr'><strong>sanus</strong></span> <span class='ocrx_word' id='word_1_276' title='bbox 815 2987 952 3056; x_wconf 87' lang='lat' dir='ltr'><strong>insanus;</strong></span> <span class='ocrx_word' id='word_1_277' title='bbox 975 2986 1031 3046; x_wconf 91' lang='lat' dir='ltr'><strong>ista</strong></span> <span class='ocrx_word' id='word_1_278' title='bbox 1052 2986 1085 3046; x_wconf 94' lang='lat' dir='ltr'><strong>in</strong></span> <span class='ocrx_word' id='word_1_279' title='bbox 1106 2987 1292 3060; x_wconf 83' lang='lat' dir='ltr'><strong>eontrarium</strong></span> <span class='ocrx_word' id='word_1_280' title='bbox 1313 3003 1380 3047; x_wconf 92' lang='lat' dir='ltr'><strong>ver·</strong></span> 
     </span>
     <span class='ocr_line' id='line_1_28' title="bbox 84 3086 1378 3168; baseline 0.001 -21"><span class='ocrx_word' id='word_1_281' title='bbox 84 3095 163 3148; x_wconf 87' lang='lat' dir='ltr'><strong>tunt</strong></span> <span class='ocrx_word' id='word_1_282' title='bbox 215 3094 266 3148; x_wconf 91' lang='lat' dir='ltr'><strong>aut</strong></span> <span class='ocrx_word' id='word_1_283' title='bbox 293 3094 375 3149; x_wconf 88' lang='lat' dir='ltr'><strong>certa</strong></span> <span class='ocrx_word' id='word_1_284' title='bbox 401 3086 475 3148; x_wconf 88' lang='lat' dir='ltr'><strong>nibil</strong></span> <span class='ocrx_word' id='word_1_285' title='bbox 503 3089 662 3167; x_wconf 75' lang='lat' dir='ltr'><strong>significat,</strong></span> <span class='ocrx_word' id='word_1_286' title='bbox 697 3088 728 3149; x_wconf 92' lang='lat' dir='ltr'><strong>id</strong></span> <span class='ocrx_word' id='word_1_287' title='bbox 754 3096 801 3150; x_wconf 91' lang='lat' dir='ltr'><strong>est</strong></span> <span class='ocrx_word' id='word_1_288' title='bbox 833 3087 954 3150; x_wconf 86' lang='lat' dir='ltr'><strong>additur</strong></span> <span class='ocrx_word' id='word_1_289' title='bbox 980 3107 1018 3149; x_wconf 85' lang='lat' dir='ltr'><strong>ex</strong></span> <span class='ocrx_word' id='word_1_290' title='bbox 1043 3087 1207 3168; x_wconf 88' lang='lat' dir='ltr'><strong>superduc,</strong></span> <span class='ocrx_word' id='word_1_291' title='bbox 1238 3088 1378 3150; x_wconf 86' lang='lat' dir='ltr'><strong>confieri:</strong></span> 
     </span>
     <span class='ocr_line' id='line_1_29' title="bbox 84 3189 1472 3278; baseline 0.001 -28"><span class='ocrx_word' id='word_1_292' title='bbox 84 3189 271 3252; x_wconf 76' lang='lat' dir='ltr'><strong>‘confieri</strong></span> <span class='ocrx_word' id='word_1_293' title='bbox 292 3191 444 3270; x_wconf 85' lang='lat' dir='ltr'><strong>possit&#39;,</strong></span> <span class='ocrx_word' id='word_1_294' title='bbox 466 3208 523 3271; x_wconf 89' lang='lat' dir='ltr'><strong>pro</strong></span> <span class='ocrx_word' id='word_1_295' title='bbox 546 3210 581 3252; x_wconf 92' lang='lat' dir='ltr'><strong>eo</strong></span> <span class='ocrx_word' id='word_1_296' title='bbox 604 3190 684 3271; x_wconf 86' lang='lat' dir='ltr'><strong>quod</strong></span> <span class='ocrx_word' id='word_1_297' title='bbox 707 3199 753 3252; x_wconf 90' lang='lat' dir='ltr'><strong>est</strong></span> <span class='ocrx_word' id='word_1_298' title='bbox 772 3193 853 3260; x_wconf 87' lang='lat' dir='ltr'><strong>deri;</strong></span> <span class='ocrx_word' id='word_1_299' title='bbox 877 3192 971 3252; x_wconf 78' lang='lat' dir='ltr'><strong>‘iata</strong></span> <span class='ocrx_word' id='word_1_300' title='bbox 992 3189 1252 3262; x_wconf 82' lang='lat' dir='ltr'><strong>renarrabat&#39;,</strong></span> <span class='ocrx_word' id='word_1_301' title='bbox 1273 3209 1380 3254; x_wconf 86' lang='lat' dir='ltr'><strong>renar-</strong></span> <span class='ocrx_word' id='word_1_302' title='bbox 1467 3270 1472 3278; x_wconf 78' lang='lat'>.</span> 
     </span>
     <span class='ocr_line' id='line_1_30' title="bbox 84 3291 1379 3375; baseline 0.001 -22"><span class='ocrx_word' id='word_1_303' title='bbox 84 3291 175 3354; x_wconf 87' lang='lat' dir='ltr'><strong>rabat</strong></span> <span class='ocrx_word' id='word_1_304' title='bbox 194 3311 251 3373; x_wconf 90' lang='lat' dir='ltr'><strong>pro</strong></span> <span class='ocrx_word' id='word_1_305' title='bbox 274 3310 310 3353; x_wconf 87' lang='lat' dir='ltr'><strong>ao</strong></span> <span class='ocrx_word' id='word_1_306' title='bbox 332 3291 413 3373; x_wconf 85' lang='lat' dir='ltr'><strong>quod</strong></span> <span class='ocrx_word' id='word_1_307' title='bbox 435 3303 480 3354; x_wconf 83' lang='lat' dir='ltr'><strong>est</strong></span> <span class='ocrx_word' id='word_1_308' title='bbox 500 3291 655 3354; x_wconf 90' lang='lat' dir='ltr'><strong>narrabat:</strong></span> <span class='ocrx_word' id='word_1_309' title='bbox 678 3293 735 3354; x_wconf 92' lang='lat' dir='ltr'><strong>boc</strong></span> <span class='ocrx_word' id='word_1_310' title='bbox 756 3302 801 3356; x_wconf 85' lang='lat' dir='ltr'><strong>cst</strong></span> <span class='ocrx_word' id='word_1_311' title='bbox 821 3292 897 3354; x_wconf 83' lang='lat' dir='ltr'><strong>nibil</strong></span> <span class='ocrx_word' id='word_1_312' title='bbox 918 3293 1070 3370; x_wconf 74' lang='lat' dir='ltr'><strong>significat</strong></span> <span class='ocrx_word' id='word_1_313' title='bbox 1108 3310 1180 3372; x_wconf 81' lang='lat' dir='ltr'><strong>ergo</strong></span> <span class='ocrx_word' id='word_1_314' title='bbox 1201 3291 1379 3375; x_wconf 87' lang='lat' dir='ltr'><strong>pierumque</strong></span> 
     </span>
     <span class='ocr_line' id='line_1_31' title="bbox 82 3393 1378 3476; baseline 0.003 -22"><span class='ocrx_word' id='word_1_315' title='bbox 82 3395 323 3476; x_wconf 85' lang='lat' dir='ltr'><strong>praepositiones</strong></span> <span class='ocrx_word' id='word_1_316' title='bbox 344 3403 462 3474; x_wconf 85' lang='lat' dir='ltr'><strong>augent,</strong></span> <span class='ocrx_word' id='word_1_317' title='bbox 486 3401 518 3456; x_wconf 93' lang='lat' dir='ltr'><strong>ut</strong></span> <span class='ocrx_word' id='word_1_318' title='bbox 539 3394 728 3476; x_wconf 88' lang='lat' dir='ltr'><strong>praeclarus;</strong></span> <span class='ocrx_word' id='word_1_319' title='bbox 751 3397 897 3466; x_wconf 89' lang='lat' dir='ltr'><strong>minuunt,</strong></span> <span class='ocrx_word' id='word_1_320' title='bbox 918 3401 953 3455; x_wconf 93' lang='lat' dir='ltr'><strong>ut</strong></span> <span class='ocrx_word' id='word_1_321' title='bbox 973 3393 1129 3466; x_wconf 63' lang='lat' dir='ltr'><strong>subdolum</strong></span> <span class='ocrx_word' id='word_1_322' title='bbox 1150 3395 1183 3456; x_wconf 93' lang='lat' dir='ltr'><strong>in</strong></span> <span class='ocrx_word' id='word_1_323' title='bbox 1197 3396 1378 3458; x_wconf 86' lang='lat' dir='ltr'><strong>contrarium</strong></span> 
     </span>
    </p>

    <p class='ocr_par' dir='ltr' id='par_1_6' title="bbox 48 3496 945 3576">
     <span class='ocr_line' id='line_1_32' title="bbox 48 3496 945 3576; baseline 0.002 -22"><span class='ocrx_word' id='word_1_324' title='bbox 48 3511 70 3553; x_wconf 78' lang='lat' dir='ltr'><strong>n</strong></span> <span class='ocrx_word' id='word_1_325' title='bbox 83 3503 216 3568; x_wconf 90' lang='lat' dir='ltr'><strong>vertunt,</strong></span> <span class='ocrx_word' id='word_1_326' title='bbox 237 3504 271 3557; x_wconf 93' lang='lat' dir='ltr'><strong>ut</strong></span> <span class='ocrx_word' id='word_1_327' title='bbox 291 3498 421 3559; x_wconf 91' lang='lat' dir='ltr'><strong>insanus.</strong></span> <span class='ocrx_word' id='word_1_328' title='bbox 466 3496 540 3558; x_wconf 91' lang='lat' dir='ltr'><strong>nihil</strong></span> <span class='ocrx_word' id='word_1_329' title='bbox 561 3499 735 3576; x_wconf 81' lang='lat' dir='ltr'><strong>significant,</strong></span> <span class='ocrx_word' id='word_1_330' title='bbox 758 3505 791 3558; x_wconf 91' lang='lat' dir='ltr'><strong>ut</strong></span> <span class='ocrx_word' id='word_1_331' title='bbox 812 3497 945 3558; x_wconf 81' lang='lat' dir='ltr'><strong>confieri.</strong></span> 
     </span>
    </p>

    <p class='ocr_par' dir='ltr' id='par_1_7' title="bbox 82 3597 1478 3988">
     <span class='ocr_line' id='line_1_33' title="bbox 171 3597 1478 3680; baseline 0.003 -20"><span class='ocrx_word' id='word_1_332' title='bbox 171 3599 276 3660; x_wconf 85' lang='lat' dir='ltr'><strong>Omnis</strong></span> <span class='ocrx_word' id='word_1_333' title='bbox 297 3607 454 3678; x_wconf 91' lang='lat' dir='ltr'><strong>praeterea</strong></span> <span class='ocrx_word' id='word_1_334' title='bbox 475 3601 656 3680; x_wconf 86' lang='lat' dir='ltr'><strong>praepositio</strong></span> <span class='ocrx_word' id='word_1_335' title='bbox 671 3599 749 3661; x_wconf 88' lang='lat' dir='ltr'><strong>banc</strong></span> <span class='ocrx_word' id='word_1_336' title='bbox 763 3597 853 3661; x_wconf 92' lang='lat' dir='ltr'><strong>habet</strong></span> <span class='ocrx_word' id='word_1_337' title='bbox 871 3601 940 3670; x_wconf 80' lang='lat' dir='ltr'><strong>rim</strong></span> <span class='ocrx_word' id='word_1_338' title='bbox 960 3606 995 3660; x_wconf 94' lang='lat' dir='ltr'><strong>ut</strong></span> <span class='ocrx_word' id='word_1_339' title='bbox 1008 3608 1059 3660; x_wconf 89' lang='lat' dir='ltr'><strong>aut</strong></span> <span class='ocrx_word' id='word_1_340' title='bbox 1073 3598 1192 3662; x_wconf 89' lang='lat' dir='ltr'><strong>casibus</strong></span> <span class='ocrx_word' id='word_1_341' title='bbox 1206 3600 1315 3662; x_wconf 84' lang='lat' dir='ltr'><strong>serviat</strong></span> <span class='ocrx_word' id='word_1_342' title='bbox 1328 3607 1379 3661; x_wconf 90' lang='lat' dir='ltr'><strong>aut</strong></span> <span class='ocrx_word' id='word_1_343' title='bbox 1388 3615 1478 3678; x_wconf 66' lang='lat' dir='ltr'><strong>uno</strong></span> 
     </span>
     <span class='ocr_line' id='line_1_34' title="bbox 82 3700 1378 3783; baseline 0.001 -21"><span class='ocrx_word' id='word_1_344' title='bbox 82 3700 233 3779; x_wconf 80' lang='lat' dir='ltr'><strong>loquellis.</strong></span> <span class='ocrx_word' id='word_1_345' title='bbox 256 3700 373 3762; x_wconf 80' lang='lat' dir='ltr'><strong>casibus</strong></span> <span class='ocrx_word' id='word_1_346' title='bbox 388 3703 523 3763; x_wconf 90' lang='lat' dir='ltr'><strong>serviunt</strong></span> <span class='ocrx_word' id='word_1_347' title='bbox 533 3703 768 3783; x_wconf 85' lang='lat' dir='ltr'><strong>praepositiones</strong></span> <span class='ocrx_word' id='word_1_348' title='bbox 784 3720 860 3782; x_wconf 86' lang='lat' dir='ltr'><strong>quae</strong></span> <span class='ocrx_word' id='word_1_349' title='bbox 874 3703 958 3780; x_wconf 77' lang='lat' dir='ltr'><strong>iungi</strong></span> <span class='ocrx_word' id='word_1_350' title='bbox 974 3709 1098 3783; x_wconf 86' lang='lat' dir='ltr'><strong>possunt</strong></span> <span class='ocrx_word' id='word_1_351' title='bbox 1112 3709 1142 3764; x_wconf 91' lang='lat' dir='ltr'><strong>et</strong></span> <span class='ocrx_word' id='word_1_352' title='bbox 1153 3703 1318 3782; x_wconf 64' lang='lat' dir='ltr'><strong>segregem</strong></span> <span class='ocrx_word' id='word_1_353' title='bbox 1334 3700 1378 3763; x_wconf 90' lang='lat' dir='ltr'><strong>io·</strong></span> 
     </span>
     <span class='ocr_line' id='line_1_35' title="bbox 82 3802 1378 3886; baseline 0.002 -22"><span class='ocrx_word' id='word_1_354' title='bbox 82 3802 193 3882; x_wconf 84' lang='lat' dir='ltr'><strong>qnellis</strong></span> <span class='ocrx_word' id='word_1_355' title='bbox 216 3805 353 3866; x_wconf 89' lang='lat' dir='ltr'><strong>serviunt</strong></span> <span class='ocrx_word' id='word_1_356' title='bbox 367 3822 444 3885; x_wconf 88' lang='lat' dir='ltr'><strong>quae</strong></span> <span class='ocrx_word' id='word_1_357' title='bbox 458 3822 518 3865; x_wconf 88' lang='lat' dir='ltr'><strong>non</strong></span> <span class='ocrx_word' id='word_1_358' title='bbox 534 3812 657 3886; x_wconf 88' lang='lat' dir='ltr'><strong>possunt</strong></span> <span class='ocrx_word' id='word_1_359' title='bbox 670 3806 832 3885; x_wconf 81' lang='lat' dir='ltr'><strong>segregari.</strong></span> <span class='ocrx_word' id='word_1_360' title='bbox 862 3802 983 3865; x_wconf 87' lang='lat' dir='ltr'><strong>casibus</strong></span> <span class='ocrx_word' id='word_1_361' title='bbox 997 3806 1131 3866; x_wconf 88' lang='lat' dir='ltr'><strong>serviunt</strong></span> <span class='ocrx_word' id='word_1_362' title='bbox 1144 3805 1378 3886; x_wconf 86' lang='lat' dir='ltr'><strong>praepositiones</strong></span> 
     </span>
     <span class='ocr_line' id='line_1_36' title="bbox 82 3905 1379 3988; baseline 0 -22"><span class='ocrx_word' id='word_1_363' title='bbox 82 3923 163 3985; x_wconf 90' lang='lat' dir='ltr'><strong>qnae</strong></span> <span class='ocrx_word' id='word_1_364' title='bbox 184 3914 214 3966; x_wconf 90' lang='lat' dir='ltr'><strong>ct</strong></span> <span class='ocrx_word' id='word_1_365' title='bbox 235 3905 399 3967; x_wconf 87' lang='lat' dir='ltr'><strong>cohaerere</strong></span> <span class='ocrx_word' id='word_1_366' title='bbox 420 3914 544 3987; x_wconf 88' lang='lat' dir='ltr'><strong>possunt</strong></span> <span class='ocrx_word' id='word_1_367' title='bbox 559 3906 595 3969; x_wconf 94' lang='lat' dir='ltr'><strong>ad</strong></span> <span class='ocrx_word' id='word_1_368' title='bbox 616 3925 706 3970; x_wconf 89' lang='lat' dir='ltr'><strong>unam</strong></span> <span class='ocrx_word' id='word_1_369' title='bbox 726 3916 843 3988; x_wconf 89' lang='lat' dir='ltr'><strong>partem</strong></span> <span class='ocrx_word' id='word_1_370' title='bbox 864 3906 1008 3968; x_wconf 90' lang='lat' dir='ltr'><strong>orationis</strong></span> <span class='ocrx_word' id='word_1_371' title='bbox 1022 3914 1053 3968; x_wconf 89' lang='lat' dir='ltr'><strong>et</strong></span> <span class='ocrx_word' id='word_1_372' title='bbox 1065 3924 1125 3968; x_wconf 91' lang='lat' dir='ltr'><strong>non</strong></span> <span class='ocrx_word' id='word_1_373' title='bbox 1148 3907 1323 3978; x_wconf 85' lang='lat' dir='ltr'><strong>cohaerere,</strong></span> <span class='ocrx_word' id='word_1_374' title='bbox 1345 3914 1379 3968; x_wconf 91' lang='lat' dir='ltr'><strong>ut</strong></span> 
     </span>
    </p>

    <p class='ocr_par' dir='ltr' id='par_1_8' title="bbox 48 4007 1377 4397">
     <span class='ocr_line' id='line_1_37' title="bbox 48 4007 1376 4091; baseline 0.003 -25"><span class='ocrx_word' id='word_1_375' title='bbox 48 4025 71 4066; x_wconf 83' lang='lat' dir='ltr'><strong>aa</strong></span> <span class='ocrx_word' id='word_1_376' title='bbox 81 4017 158 4088; x_wconf 91' lang='lat' dir='ltr'><strong>puta</strong></span> <span class='ocrx_word' id='word_1_377' title='bbox 172 4010 258 4089; x_wconf 74' lang='lat' dir='ltr'><strong>‘prae</strong></span> <span class='ocrx_word' id='word_1_378' title='bbox 274 4007 377 4070; x_wconf 90' lang='lat' dir='ltr'><strong>dolore</strong></span> <span class='ocrx_word' id='word_1_379' title='bbox 392 4009 472 4070; x_wconf 86' lang='lat' dir='ltr'><strong>ieci’.</strong></span> <span class='ocrx_word' id='word_1_380' title='bbox 503 4011 560 4072; x_wconf 86' lang='lat' dir='ltr'><strong>ista</strong></span> <span class='ocrx_word' id='word_1_381' title='bbox 575 4009 701 4072; x_wconf 83' lang='lat' dir='ltr'><strong>casualis</strong></span> <span class='ocrx_word' id='word_1_382' title='bbox 717 4018 770 4081; x_wconf 86' lang='lat' dir='ltr'><strong>est,</strong></span> <span class='ocrx_word' id='word_1_383' title='bbox 786 4011 865 4091; x_wconf 90' lang='lat' dir='ltr'><strong>qnia,</strong></span> <span class='ocrx_word' id='word_1_384' title='bbox 881 4007 998 4080; x_wconf 90' lang='lat' dir='ltr'><strong>sivoio,</strong></span> <span class='ocrx_word' id='word_1_385' title='bbox 1013 4009 1091 4070; x_wconf 88' lang='lat' dir='ltr'><strong>iacio</strong></span> <span class='ocrx_word' id='word_1_386' title='bbox 1111 4008 1190 4071; x_wconf 89' lang='lat' dir='ltr'><strong>iliam</strong></span> <span class='ocrx_word' id='word_1_387' title='bbox 1204 4027 1294 4070; x_wconf 88' lang='lat' dir='ltr'><strong>unam</strong></span> <span class='ocrx_word' id='word_1_388' title='bbox 1307 4027 1376 4090; x_wconf 87' lang='lat' dir='ltr'><strong>par·</strong></span> 
     </span>
     <span class='ocr_line' id='line_1_38' title="bbox 80 4108 1376 4192; baseline 0.002 -23"><span class='ocrx_word' id='word_1_389' title='bbox 80 4117 156 4180; x_wconf 88' lang='lat' dir='ltr'><strong>tem,</strong></span> <span class='ocrx_word' id='word_1_390' title='bbox 179 4108 336 4190; x_wconf 89' lang='lat' dir='ltr'><strong>praetulit;</strong></span> <span class='ocrx_word' id='word_1_391' title='bbox 359 4127 429 4172; x_wconf 90' lang='lat' dir='ltr'><strong>ecce</strong></span> <span class='ocrx_word' id='word_1_392' title='bbox 452 4111 541 4172; x_wconf 91' lang='lat' dir='ltr'><strong>modo</strong></span> <span class='ocrx_word' id='word_1_393' title='bbox 562 4111 639 4174; x_wconf 87' lang='lat' dir='ltr'><strong>duae</strong></span> <span class='ocrx_word' id='word_1_394' title='bbox 660 4122 731 4175; x_wconf 90' lang='lat' dir='ltr'><strong>sunt</strong></span> <span class='ocrx_word' id='word_1_395' title='bbox 751 4120 860 4192; x_wconf 90' lang='lat' dir='ltr'><strong>partes,</strong></span> <span class='ocrx_word' id='word_1_396' title='bbox 883 4111 934 4174; x_wconf 93' lang='lat' dir='ltr'><strong>sed</strong></span> <span class='ocrx_word' id='word_1_397' title='bbox 955 4113 1031 4174; x_wconf 87' lang='lat' dir='ltr'><strong>istae</strong></span> <span class='ocrx_word' id='word_1_398' title='bbox 1051 4111 1128 4173; x_wconf 90' lang='lat' dir='ltr'><strong>duae</strong></span> <span class='ocrx_word' id='word_1_399' title='bbox 1141 4113 1173 4172; x_wconf 91' lang='lat' dir='ltr'><strong>in</strong></span> <span class='ocrx_word' id='word_1_400' title='bbox 1186 4130 1275 4174; x_wconf 89' lang='lat' dir='ltr'><strong>unam</strong></span> <span class='ocrx_word' id='word_1_401' title='bbox 1297 4111 1376 4172; x_wconf 87' lang='lat' dir='ltr'><strong>coie-</strong></span> 
     </span>
     <span class='ocr_line' id='line_1_39' title="bbox 82 4212 1377 4296; baseline 0.002 -24"><span class='ocrx_word' id='word_1_402' title='bbox 82 4219 165 4272; x_wconf 90' lang='lat' dir='ltr'><strong>runt.</strong></span> <span class='ocrx_word' id='word_1_403' title='bbox 209 4229 283 4291; x_wconf 78' lang='lat' dir='ltr'><strong>ergo</strong></span> <span class='ocrx_word' id='word_1_404' title='bbox 303 4231 377 4293; x_wconf 92' lang='lat' dir='ltr'><strong>prae</strong></span> <span class='ocrx_word' id='word_1_405' title='bbox 398 4212 448 4274; x_wconf 90' lang='lat' dir='ltr'><strong>illa</strong></span> <span class='ocrx_word' id='word_1_406' title='bbox 469 4215 664 4294; x_wconf 88' lang='lat' dir='ltr'><strong>praepositio,</strong></span> <span class='ocrx_word' id='word_1_407' title='bbox 696 4233 772 4296; x_wconf 86' lang='lat' dir='ltr'><strong>quae</strong></span> <span class='ocrx_word' id='word_1_408' title='bbox 800 4222 828 4276; x_wconf 90' lang='lat' dir='ltr'><strong>et</strong></span> <span class='ocrx_word' id='word_1_409' title='bbox 854 4215 938 4293; x_wconf 79' lang='lat' dir='ltr'><strong>iungi</strong></span> <span class='ocrx_word' id='word_1_410' title='bbox 965 4221 1064 4293; x_wconf 90' lang='lat' dir='ltr'><strong>potest</strong></span> <span class='ocrx_word' id='word_1_411' title='bbox 1091 4223 1122 4276; x_wconf 87' lang='lat' dir='ltr'><strong>et</strong></span> <span class='ocrx_word' id='word_1_412' title='bbox 1146 4214 1297 4293; x_wconf 79' lang='lat' dir='ltr'><strong>segregari</strong></span> <span class='ocrx_word' id='word_1_413' title='bbox 1322 4231 1377 4293; x_wconf 91' lang='lat' dir='ltr'><strong>po·</strong></span> 
     </span>
     <span class='ocr_line' id='line_1_40' title="bbox 83 4313 1376 4397; baseline 0.002 -21"><span class='ocrx_word' id='word_1_414' title='bbox 83 4321 157 4386; x_wconf 88' lang='lat' dir='ltr'><strong>test,</strong></span> <span class='ocrx_word' id='word_1_415' title='bbox 190 4313 318 4376; x_wconf 73' lang='lat' dir='ltr'><strong>cmualis</strong></span> <span class='ocrx_word' id='word_1_416' title='bbox 346 4324 401 4377; x_wconf 90' lang='lat' dir='ltr'><strong>est.</strong></span> <span class='ocrx_word' id='word_1_417' title='bbox 446 4318 472 4377; x_wconf 90' lang='lat' dir='ltr'><strong>si</strong></span> <span class='ocrx_word' id='word_1_418' title='bbox 493 4323 590 4378; x_wconf 88' lang='lat' dir='ltr'><strong>autem</strong></span> <span class='ocrx_word' id='word_1_419' title='bbox 612 4317 696 4396; x_wconf 79' lang='lat' dir='ltr'><strong>iungi</strong></span> <span class='ocrx_word' id='word_1_420' title='bbox 723 4325 838 4379; x_wconf 90' lang='lat' dir='ltr'><strong>tantum</strong></span> <span class='ocrx_word' id='word_1_421' title='bbox 866 4318 972 4397; x_wconf 86' lang='lat' dir='ltr'><strong>possit,</strong></span> <span class='ocrx_word' id='word_1_422' title='bbox 1005 4335 1062 4377; x_wconf 92' lang='lat' dir='ltr'><strong>nec</strong></span> <span class='ocrx_word' id='word_1_423' title='bbox 1093 4319 1186 4397; x_wconf 88' lang='lat' dir='ltr'><strong>possit</strong></span> <span class='ocrx_word' id='word_1_424' title='bbox 1214 4317 1376 4396; x_wconf 73' lang='lat' dir='ltr'><strong>segregari,</strong></span> 
     </span>
    </p>
   </div>
   <div class='ocr_carea' id='block_1_5' title="bbox 82 4553 1377 4888">
    <p class='ocr_par' dir='ltr' id='par_1_9' title="bbox 155 4553 1377 4622">
     <span class='ocr_line' id='line_1_41' title="bbox 155 4553 1377 4622; baseline 0.002 -17"><span class='ocrx_word' id='word_1_425' title='bbox 155 4556 229 4606; x_wconf 77' lang='lat' dir='ltr'><strong>duis</strong></span> <span class='ocrx_word' id='word_1_426' title='bbox 248 4554 316 4606; x_wconf 84' lang='lat' dir='ltr'><strong>iacto</strong></span> <span class='ocrx_word' id='word_1_427' title='bbox 330 4554 413 4606; x_wconf 80' lang='lat' dir='ltr'><strong>Ano</strong></span> <span class='ocrx_word' id='word_1_428' title='bbox 464 4554 537 4620; x_wconf 77' lang='lat' dir='ltr'><strong>oqui</strong></span> <span class='ocrx_word' id='word_1_429' title='bbox 553 4553 625 4622; x_wconf 87' lang='lat' dir='ltr'><strong>dicit]</strong></span> <span class='ocrx_word' id='word_1_430' title='bbox 645 4556 706 4621; x_wconf 90' lang='lat' dir='ltr'><strong>qnid</strong></span> <span class='ocrx_word' id='word_1_431' title='bbox 720 4565 805 4607; x_wconf 82' lang='lat' dir='ltr'><strong>sutem</strong></span> <span class='ocrx_word' id='word_1_432' title='bbox 823 4557 859 4608; x_wconf 80' lang='lat'><strong>0.-</strong></span> <span class='ocrx_word' id='word_1_433' title='bbox 874 4557 918 4620; x_wconf 89' lang='lat' dir='ltr'><strong>qni</strong></span> <span class='ocrx_word' id='word_1_434' title='bbox 935 4555 1043 4606; x_wconf 86' lang='lat' dir='ltr'><strong>dicit-</strong></span> <span class='ocrx_word' id='word_1_435' title='bbox 1055 4555 1158 4622; x_wconf 84' lang='lat' dir='ltr'><strong>scripsit</strong></span> <span class='ocrx_word' id='word_1_436' title='bbox 1174 4571 1220 4609; x_wconf 86' lang='lat' dir='ltr'><strong>om.</strong></span> <span class='ocrx_word' id='word_1_437' title='bbox 1231 4555 1267 4616; x_wconf 81' lang='lat' dir='ltr'><strong>A,</strong></span> <span class='ocrx_word' id='word_1_438' title='bbox 1283 4555 1345 4606; x_wconf 81' lang='lat' dir='ltr'><strong>add.</strong></span> <span class='ocrx_word' id='word_1_439' title='bbox 1359 4574 1377 4607; x_wconf 84' lang='lat' dir='ltr'><strong>a</strong></span> 
     </span>
    </p>

    <p class='ocr_par' dir='ltr' id='par_1_10' title="bbox 82 4623 1375 4888">
     <span class='ocr_line' id='line_1_42' title="bbox 153 4623 1375 4692; baseline 0 -16"><span class='ocrx_word' id='word_1_440' title='bbox 153 4623 188 4676; x_wconf 80' lang='lat' dir='ltr'><strong>lt</strong></span> <span class='ocrx_word' id='word_1_441' title='bbox 205 4625 308 4690; x_wconf 82' lang='lat' dir='ltr'><strong>quidem</strong></span> <span class='ocrx_word' id='word_1_442' title='bbox 326 4625 403 4676; x_wconf 79' lang='lat' dir='ltr'><strong>hebet</strong></span> <span class='ocrx_word' id='word_1_443' title='bbox 422 4625 489 4676; x_wconf 83' lang='lat' dir='ltr'><strong>Bac</strong></span> <span class='ocrx_word' id='word_1_444' title='bbox 506 4626 608 4688; x_wconf 86' lang='lat' dir='ltr'><strong>quidem</strong></span> <span class='ocrx_word' id='word_1_445' title='bbox 626 4627 720 4677; x_wconf 81' lang='lat' dir='ltr'><strong>babent</strong></span> <span class='ocrx_word' id='word_1_446' title='bbox 732 4627 787 4678; x_wconf 81' lang='lat' dir='ltr'><strong>Ao</strong></span> <span class='ocrx_word' id='word_1_447' title='bbox 855 4625 890 4678; x_wconf 81' lang='lat'><strong>18</strong></span> <span class='ocrx_word' id='word_1_448' title='bbox 906 4624 1014 4692; x_wconf 69' lang='lat' dir='ltr'><strong>manto]</strong></span> <span class='ocrx_word' id='word_1_449' title='bbox 1031 4635 1128 4676; x_wconf 78' lang='lat' dir='ltr'><strong>mutata</strong></span> <span class='ocrx_word' id='word_1_450' title='bbox 1144 4625 1198 4676; x_wconf 83' lang='lat' dir='ltr'><strong>BG</strong></span> <span class='ocrx_word' id='word_1_451' title='bbox 1212 4634 1294 4677; x_wconf 70' lang='lat' dir='ltr'><strong>munt</strong></span> <span class='ocrx_word' id='word_1_452' title='bbox 1305 4641 1375 4677; x_wconf 87' lang='lat' dir='ltr'><strong>corr.</strong></span> 
     </span>
     <span class='ocr_line' id='line_1_43' title="bbox 82 4693 1374 4763; baseline 0 -17"><span class='ocrx_word' id='word_1_453' title='bbox 82 4703 182 4746; x_wconf 68' lang='lat' dir='ltr'><strong>mnwts</strong></span> <span class='ocrx_word' id='word_1_454' title='bbox 196 4696 221 4745; x_wconf 82' lang='grc' dir='ltr'><em>Α</em></span> <span class='ocrx_word' id='word_1_455' title='bbox 291 4697 327 4748; x_wconf 76' lang='lat'><strong>24</strong></span> <span class='ocrx_word' id='word_1_456' title='bbox 345 4710 422 4758; x_wconf 84' lang='lat' dir='ltr'><strong>quern</strong></span> <span class='ocrx_word' id='word_1_457' title='bbox 441 4705 480 4746; x_wconf 87' lang='lat' dir='ltr'><strong>est</strong></span> <span class='ocrx_word' id='word_1_458' title='bbox 499 4696 584 4750; x_wconf 71' lang='lat' dir='ltr'><strong>orno</strong></span> <span class='ocrx_word' id='word_1_459' title='bbox 652 4698 686 4748; x_wconf 76' lang='grc'><strong>27</strong></span> <span class='ocrx_word' id='word_1_460' title='bbox 703 4697 808 4747; x_wconf 77' lang='lat' dir='ltr'><strong>ponderi</strong></span> <span class='ocrx_word' id='word_1_461' title='bbox 826 4693 919 4763; x_wconf 84' lang='lat' dir='ltr'><strong>possit]</strong></span> <span class='ocrx_word' id='word_1_462' title='bbox 945 4699 1023 4762; x_wconf 80' lang='lat' dir='ltr'><strong>Venp.</strong></span> <span class='ocrx_word' id='word_1_463' title='bbox 1042 4697 1111 4750; x_wconf 82' lang='lat' dir='ltr'><strong>Aen.</strong></span> <span class='ocrx_word' id='word_1_464' title='bbox 1131 4696 1243 4748; x_wconf 84' lang='grc'><strong>1111116</strong></span> <span class='ocrx_word' id='word_1_465' title='bbox 1312 4694 1374 4761; x_wconf 78' lang='lat' dir='ltr'><strong>fatal</strong></span> 
     </span>
     <span class='ocr_line' id='line_1_44' title="bbox 86 4765 1375 4886; baseline -0.002 -68"><span class='ocrx_word' id='word_1_466' title='bbox 86 4769 170 4886; x_wconf 45' lang='grc' dir='ltr'><em>γεῆ-ρ.</em></span> <span class='ocrx_word' id='word_1_467' title='bbox 188 4766 254 4818; x_wconf 82' lang='lat' dir='ltr'><strong>Aen.</strong></span> <span class='ocrx_word' id='word_1_468' title='bbox 272 4766 307 4817; x_wconf 90' lang='grc'><strong>111</strong></span> <span class='ocrx_word' id='word_1_469' title='bbox 325 4765 376 4818; x_wconf 77' lang='lat' dir='ltr'><strong>iii</strong></span> <span class='ocrx_word' id='word_1_470' title='bbox 450 4767 484 4816; x_wconf 81' lang='lat'><strong>28</strong></span> <span class='ocrx_word' id='word_1_471' title='bbox 501 4767 550 4818; x_wconf 89' lang='lat' dir='ltr'><strong>boe</strong></span> <span class='ocrx_word' id='word_1_472' title='bbox 569 4767 632 4817; x_wconf 85' lang='lat' dir='ltr'><strong>nihii</strong></span> <span class='ocrx_word' id='word_1_473' title='bbox 651 4768 779 4834; x_wconf 77' lang='lat' dir='ltr'><strong>signifieat</strong></span> <span class='ocrx_word' id='word_1_474' title='bbox 796 4766 881 4818; x_wconf 82' lang='lat' dir='ltr'><strong>ABG</strong></span> <span class='ocrx_word' id='word_1_475' title='bbox 932 4765 968 4818; x_wconf 77' lang='grc'><strong>311</strong></span> <span class='ocrx_word' id='word_1_476' title='bbox 984 4768 1099 4819; x_wconf 76' lang='lat' dir='ltr'><strong>coierunt</strong></span> <span class='ocrx_word' id='word_1_477' title='bbox 1115 4765 1161 4821; x_wconf 79' lang='grc' dir='ltr'><strong>Αι</strong></span> <span class='ocrx_word' id='word_1_478' title='bbox 1176 4767 1375 4818; x_wconf 72' lang='grc' dir='ltr'><strong>εοὴωοῐιιιιια*</strong></span> 
     </span>
     <span class='ocr_line' id='line_1_45' title="bbox 83 4836 1122 4888; baseline 0.001 -1"><span class='ocrx_word' id='word_1_479' title='bbox 83 4852 115 4888; x_wconf 88' lang='lat' dir='ltr'><strong>co</strong></span> <span class='ocrx_word' id='word_1_480' title='bbox 135 4838 218 4886; x_wconf 89' lang='lat' dir='ltr'><strong>ierunt</strong></span> <span class='ocrx_word' id='word_1_481' title='bbox 233 4836 286 4888; x_wconf 82' lang='lat' dir='ltr'><strong>BG</strong></span> <span class='ocrx_word' id='word_1_482' title='bbox 1119 4867 1122 4872; x_wconf 97' lang='lat'>-</span> 
     </span>
    </p>
   </div>
   <div class='ocr_carea' id='block_1_6' title="bbox 0 0 1680 5442">
    <p class='ocr_par' dir='ltr' id='par_1_11' title="bbox 0 0 1680 5442">
     <span class='ocr_line' id='line_1_46' title="bbox 0 0 1680 5442; baseline 0 1"><span class='ocrx_word' id='word_1_483' title='bbox 0 0 1680 5442; x_wconf 95' lang='lat' dir='ltr'><strong> </strong></span> 
     </span>
    </p>
   </div>
  </div>
 </body>
</html>
