3350 5442
304 317 368 382 282
871 319 1024 384 POMPEI!

332 428 483 483 pmuu

306 511 508 587 tienscumque
529 515 597 588 post
618 511 751 586 integros
772 507 866 588 pedes
885 517 1023 588 superest
1035 509 1157 589 syllaba,
1180 528 1256 588 quae
1270 509 1449 571 determinat
1462 527 1588 572 sensum.

304 619 375 691 puta
397 613 423 672 si
444 610 526 672 dicas
548 611 693 690 ‘optimus
714 613 876 681 omnium',
899 613 1029 690 optimus
1051 613 1183 673 omnium
1204 611 1263 673 duo
1285 611 1392 692 dactyli
1413 623 1498 683 sunt;
1521 631 1588 692 ergo

304 712 390 773 colon
414 721 467 774 est.
513 715 628 774 ‘arma
657 715 850 793 virumque
878 718 999 784 cano',
1035 732 1116 776 arma
1145 717 1300 795 virumque
1321 733 1370 786 ca,
1395 734 1434 776 uo
1456 725 1588 795 superest

303 814 427 896 syllaba,
457 833 531 897 quae
558 823 672 896 partem
701 817 841 876 terminat
867 817 1021 885 orationis;
1055 814 1112 877 boc
1139 835 1256 878 comma
1288 825 1476 879 rocaverunt.
1521 835 1587 896 ergo

304 921 346 979 sic
369 919 455 982 colon
478 918 594 988 dieunt,
624 920 889 998 quotienscumque
917 917 1009 997 pedes
1030 920 1140 997 integri
1161 918 1361 981 determinant
1387 929 1502 999 partem
1525 935 1610 980 ora-a

305 1023 408 1090 tionis:
433 1027 577 1082 commata
593 1020 703 1090 dieunt,
727 1022 989 1100 quotienscumque
1004 1037 1094 1099 super
1109 1021 1200 1100 pedes
1214 1022 1346 1100 integros
1361 1020 1472 1099 aliquid
1488 1040 1587 1101 super·
1663 1084 1664 1095 ¹

303 1123 382 1193 duit;
414 1141 449 1182 ex
472 1123 537 1182 istis
560 1120 633 1182 eolis
665 1130 694 1182 et
716 1121 910 1184 commatibus
937 1120 1062 1183 dicimus
1090 1123 1244 1203 periodon.
1290 1130 1320 1184 et
1345 1123 1488 1185 dixerunt
1509 1131 1588 1201 quat·

302 1233 370 1286 tuor
386 1243 450 1286 esse
466 1225 633 1285 necessaria
648 1223 722 1286 cola.
753 1243 823 1302 ergo
840 1223 975 1304 plerique
997 1226 1028 1284 in
1051 1224 1175 1304 periodo
1197 1225 1338 1288 dixerunt
1359 1227 1587 1306 conponeudum

305 1345 383 1396 essm
409 1326 458 1387 alii
480 1327 570 1406 periti
591 1325 730 1387 dixerunt
752 1335 781 1387 et
801 1327 832 1387 in
855 1325 921 1387 colo
945 1328 1025 1386 etin
1049 1336 1193 1388 commate
1208 1346 1379 1408 conponere
1401 1347 1458 1389 uos
1472 1328 1588 1389 debere.

304 1438 333 1490 et
359 1428 498 1489 dixerunt
519 1436 657 1508 quattuor
680 1447 745 1488 esse
773 1430 939 1488 necessaria
957 1429 1041 1502 cola.
1087 1429 1139 1489 sed
1167 1430 1237 1510 quid
1259 1431 1296 1491 ad
1329 1432 1411 1490 remi
1456 1438 1541 1510 potes
1563 1437 1620 1491 etn

304 1533 404 1610 viginti
432 1531 531 1592 lacere
558 1529 621 1590 cola
650 1537 680 1590 et
707 1530 810 1591 decem
841 1541 870 1591 et
891 1531 1060 1608 quindecim
1089 1540 1118 1592 et
1142 1531 1313 1602 duodecim,
1343 1539 1376 1594 ut
1397 1531 1541 1594 babemus
1560 1533 1589 1593 iu

303 1635 446 1696 Cicerone
467 1631 629 1694 ‘nihilne
651 1641 686 1694 te
708 1642 932 1695 nocturnum
954 1633 1181 1712 praesidium
1204 1633 1337 1704 Palati,
1367 1633 1463 1696 nibil
1486 1634 1590 1696 urbis

303 1735 469 1814 vigiliae,
493 1732 588 1796 nibil
604 1737 713 1796 timor
728 1733 871 1814 populi,
888 1733 981 1815 uihil
998 1754 1203 1797 concursus
1219 1735 1396 1798 bonorum
1412 1739 1588 1806 omnium,

303 1836 394 1899 nibil
422 1836 483 1898 bie
512 1837 788 1898 munitissimus
816 1835 977 1897 habendi
1004 1847 1156 1898 senatus
1183 1837 1325 1900 locusl’
1359 1857 1448 1918 quam
1470 1838 1521 1899 diu
1544 1857 1590 1898 ro·

303 1939 391 2001 luerit
413 1951 512 2001 orator
534 1939 725 2019 praemittere
747 1945 857 2018 partes,
880 1947 979 2018 potest
1000 1939 1064 2000 lieri
1094 1948 1127 2000 ut
1147 1939 1319 2002 admittatur
1339 1943 1395 2002 ista
1416 1941 1481 2012 lex,
1506 1941 1587 2002 dum·
1601 1964 1621 2002 n

304 2040 391 2103 modo
414 2042 509 2102 omnis
523 2041 573 2104 illa
590 2042 764 2121 praemissio
787 2042 846 2101 tine
868 2040 1030 2110 claudatur,
1054 2041 1084 2102 id
1108 2048 1152 2102 est
1173 2049 1307 2104 extremo
1329 2041 1428 2122 aliquo
1449 2043 1510 2104 bue
1531 2042 1590 2104 col·

302 2145 410 2223 ligatur
432 2151 525 2205 totum
547 2143 620 2204 illud
636 2141 721 2220 quod
745 2142 921 2212 dissidebat;
944 2143 1023 2222 quod
1045 2162 1100 2223 per
1122 2150 1221 2224 partes
1235 2143 1346 2205 dictum
1362 2151 1406 2205 est
1420 2146 1568 2223 superius,

303 2246 458 2326 colligatur
486 2265 502 2308 a
531 2247 588 2306 bue
616 2253 646 2306 et
672 2243 836 2322 colligetur.
883 2261 955 2322 ergo
982 2248 1148 2326 quaeritur,
1184 2264 1243 2325 quo
1270 2249 1301 2306 iu
1327 2245 1395 2307 loco
1421 2264 1591 2326 conponere

303 2348 476 2418 debeamus,
504 2355 603 2409 utrum
631 2348 688 2408 boe
714 2345 794 2416 loco,
827 2345 958 2407 ‘nibilue
991 2356 1020 2407 te
1048 2355 1225 2409 nocturnum
1257 2348 1439 2428 praesidium
1470 2348 1564 2410 Palati
1572 2351 1591 2417 ⁹,

302 2458 335 2512 ut
357 2469 522 2531 conponam
544 2448 634 2511 ‘nibil
657 2447 740 2510 urbis
763 2449 904 2527 vigiliae',
928 2457 961 2509 ut
983 2468 1148 2546 conponam
1172 2459 1201 2510 et
1222 2448 1289 2518 boc,
1313 2447 1404 2511 ‘nibil
1425 2451 1518 2511 timor
1540 2469 1625 2530 poso

301 2551 392 2633 puli’,
417 2555 574 2613 etiterum
597 2550 654 2612 hoc
676 2549 751 2620 loco,
775 2550 865 2612 ‘nillil
887 2569 1052 2613 concursus
1074 2551 1221 2613 bonorum
1237 2553 1403 2622 omnium’;
1427 2571 1465 2614 au
1486 2554 1521 2614 iu
1536 2554 1592 2614 isto

301 2653 368 2716 loco
390 2663 502 2716 tautmu
526 2653 630 2723 modo,
660 2652 751 2715 ‘nibil
774 2653 880 2714 borum
904 2671 955 2713 ora
978 2653 1134 2734 vultusque
1159 2659 1349 2724 moverunt',
1383 2652 1411 2714 id
1435 2663 1481 2716 est
1503 2674 1542 2716 an
1564 2657 1593 2716 in

300 2760 357 2820 isto
381 2766 513 2818 extremo
537 2757 619 2834 quasi
643 2765 797 2826 commate,
821 2758 1057 2835 superomnia
1084 2756 1255 2817 debeamus.
1301 2763 1331 2817 et
1351 2755 1488 2835 plerique
1511 2757 1593 2818 dixe·

302 2868 371 2922 runt
392 2862 422 2920 iu
445 2866 594 2926 extremo,
623 2855 758 2938 plerique
781 2875 834 2936 per
857 2859 955 2918 omnia
977 2860 1034 2918 ista
1055 2856 1135 2929 loca,
1160 2867 1206 2928 ut,
1229 2857 1333 2918 ubiubi
1354 2859 1456 2920 linitur
1478 2877 1592 2928 sensus,

302 2961 362 3022 illic
385 2963 472 3023 etiam
495 2959 653 3022 clausulam
676 2977 778 3040 ponas
802 2959 872 3020 licet
894 2979 952 3021 non
975 2961 1013 3020 sit
1034 2960 1189 3040 conplatus
1210 2979 1322 3029 seusus,
1346 2960 1398 3021 scd
1421 2968 1627 3041 perpartesu

302 3072 399 3125 sumat
421 3063 675 3124 declamationem.
720 3079 788 3122 nam
815 3064 866 3143 qui
893 3062 964 3123 dicit
992 3060 1124 3123 ‘uibilne
1152 3069 1181 3122 te
1209 3069 1386 3123 nocturnum
1410 3063 1593 3142 praesidium

302 3165 415 3235 Palati’,
438 3164 553 3225 videtur
576 3166 660 3245 quasi
683 3166 876 3244 conposuisse
897 3167 970 3232 iam3
994 3163 1079 3224 ‘nibil
1102 3163 1186 3225 urbis
1208 3163 1350 3242 vigiliam,
1375 3163 1491 3224 videtur
1508 3167 1593 3245 quasi

303 3270 402 3329 fluisse
424 3285 556 3336 comma;
581 3266 671 3326 ‘nibil
693 3267 782 3326 timor
802 3265 931 3345 populi’,
956 3266 1071 3329 ridetur
1092 3269 1175 3346 quasi
1196 3265 1392 3346 conposuisse
1414 3267 1482 3326 iam.
1522 3286 1594 3345 argo

303 3370 469 3450 quaeritur,
494 3377 594 3429 utrum
618 3387 671 3448 per
693 3366 806 3446 singula
829 3366 999 3438 debeamus,
1023 3387 1060 3429 au
1075 3370 1106 3428 iu
1122 3376 1264 3429 extremo.
1296 3377 1326 3428 et
1340 3367 1475 3448 plerique
1491 3367 1596 3430 dicunt

302 3475 332 3534 iu
355 3471 413 3531 line
436 3461 548 3550 capitis,
573 3470 706 3550 plerique
730 3488 784 3549 per
805 3469 929 3547 singula.
961 3469 1066 3531 melius
1088 3479 1186 3530 tamen
1210 3479 1255 3531 est
1277 3478 1309 3530 ut
1331 3487 1385 3530 nos
1407 3471 1436 3529 iu
1455 3469 1594 3531 omuibus
1607 3495 1629 3536 so

302 3575 462 3636 servemus.
502 3591 559 3653 qua
582 3574 714 3633 ratione?
737 3573 876 3652 quoniam
899 3574 930 3633 in
954 3580 1081 3652 utroque
1103 3570 1280 3632 babebimus
1302 3588 1426 3651 parere:
1450 3567 1502 3650 qni
1525 3571 1598 3633 dicit

303 3678 354 3736 ‘in
377 3676 467 3744 line',
498 3683 585 3753 negat
608 3676 655 3734 ‘in
678 3673 916 3753 superioribus';
949 3676 999 3754 qui
1021 3685 1118 3734 autem
1141 3673 1212 3735 dicit
1234 3675 1282 3734 ‘in
1305 3671 1480 3742 omnibus’,
1513 3683 1544 3734 et
1566 3677 1595 3734 in

302 3779 369 3840 tine.
413 3785 442 3837 et
463 3776 519 3838 boc
542 3776 648 3838 melius
671 3783 730 3836 est:
769 3785 800 3837 et
819 3775 899 3838 illius
927 3773 1139 3837 cavillationem
1167 3777 1241 3836 vitas
1269 3785 1299 3836 et
1326 3773 1405 3835 illius
1434 3775 1597 3838 cavillatio-

302 3898 381 3941 nem.
426 3897 502 3958 quaa
524 3887 621 3941 autem
644 3886 801 3939 serventur
822 3879 1041 3958 conpositiones
1069 3876 1114 3938 rel
1136 3895 1194 3956 quo
1217 3875 1316 3946 modo,
1338 3874 1376 3938 ab
1399 3885 1520 3939 oratore
1542 3895 1597 3957 po·

301 3992 361 4045 test
381 3982 468 4044 disci.
1608 4005 1632 4043 aa

372 4171 440 4222 bsic
458 4169 530 4220 colon
549 4169 733 4220 Lindemanmu
750 4167 771 4218 si
787 4167 860 4219 colon
877 4167 961 4218 ABG
1031 4167 1178 4218 idicemus
1196 4165 1320 4231 periodon
1338 4165 1392 4216 Bc
1460 4167 1494 4219 10
1512 4177 1598 4234 potest

303 4241 385 4292 Anu
471 4239 502 4290 11
520 4242 545 4290 in
566 4235 696 4304 Cicerone]
710 4241 736 4288 in
755 4239 829 4289 Catil.
849 4239 859 4286 l
879 4237 943 4297 1‚1
1032 4238 1065 4287 12
1083 4237 1214 4303 palatiiA
1297 4235 1327 4288 13
1344 4237 1526 4288 eoncorsusB

304 4312 336 4363 le
353 4311 396 4360 hic
413 4327 458 4362 um.
478 4311 511 4372 B,
531 4309 592 4362 add.
607 4309 621 4358 b
693 4308 871 4359 minitissimus
886 4308 910 4354 Α
982 4308 1013 4359 17
1032 4307 1173 4357 dissidebat
1184 4305 1217 4355 n*
1233 4307 1365 4356 desidebat
1378 4307 1404 4358 B
1410 4307 1430 4357 0
1447 4308 1597 4358 discedebat

303 4382 343 4432 A?
413 4379 531 4445 superius
546 4380 680 4444 colligatur
698 4395 713 4428 a
731 4377 780 4428 flue
798 4387 823 4427 et
840 4377 974 4443 colligetur
994 4376 1018 4426 B
1036 4377 1154 4442 superius
1173 4385 1212 4426 est
1230 4376 1366 4444 colligatur
1385 4394 1401 4424 u
1415 4377 1465 4427 iius
1482 4387 1508 4426 et
1525 4379 1597 4429 colli·

303 4460 378 4514 patur
394 4452 417 4498 A
436 4451 555 4514 superius
574 4450 707 4515 colligatur
726 4463 741 4498 a
759 4447 809 4498 flue
824 4457 850 4496 et
867 4448 999 4512 colligatur
1017 4444 1050 4498 a*
1068 4448 1188 4511 superius
1206 4462 1222 4496 a
1239 4446 1289 4496 tine
1308 4457 1333 4496 et
1350 4446 1489 4513 colligatur
1508 4448 1529 4498 G

305 4521 337 4572 19
356 4520 443 4584 palatii
461 4520 492 4569 a*
512 4519 605 4585 palati.
625 4520 650 4569 A
721 4519 754 4570 26
772 4517 849 4567 sumit
861 4517 1068 4567 declamationem
1087 4515 1178 4568 Rea*
1197 4519 1274 4567 sumit
1291 4517 1485 4568 declinationem
1501 4519 1525 4567 A

303 4593 337 4640 27
352 4590 440 4654 palatii
454 4586 487 4639 a*
503 4589 595 4654 palati.
616 4589 640 4638 Α
693 4587 727 4640 33
745 4598 770 4638 et
788 4585 859 4637 illius
880 4586 1067 4637 cauillatiouem
1082 4586 1284 4652 (gauillatiouem
1303 4587 1355 4644 Cb)
1374 4587 1467 4638 multas
1482 4597 1508 4637 et
1525 4588 1597 4638 illius

303 4658 489 4712 cauillatiouem
508 4657 711 4725 (gauillatiouem
725 4657 777 4723 Cb)
796 4657 848 4707 BC
862 4667 886 4706 et
904 4657 973 4705 illius
995 4656 1180 4707 cauillatiouem
1196 4659 1276 4720 (corr.
1296 4656 1352 4720 -uel
1373 4657 1465 4708 multas
1483 4668 1509 4708 et
1526 4659 1596 4708 illius

304 4728 463 4780 cauillatione
481 4728 506 4777 A
560 4727 593 4779 34
611 4730 812 4795 praepositiones
827 4727 910 4778 ABG
977 4723 1011 4776 35
1030 4726 1081 4775 diei
1099 4726 1125 4775 A
1143 4727 1193 4776 dici
1212 4742 1326 4778 examen
1343 4743 1375 4777 os
1399 4741 1598 4778 rnrrnraerrosa

305 4798 329 4848 B
347 4798 396 4847 dici
415 4815 448 4850 na
466 4813 661 4850 rnrrnrrerromr
683 4801 749 4848 exii
772 4799 830 4850 ruffi
845 4813 878 4849 aa
896 4811 1057 4848 aanasmsrro
1074 4811 1205 4848 rsererrsu
1225 4797 1246 4847 0

800 4917 1102 4930 -ο-ι--Π
