3350 5442
292 337 356 401 214
867 341 1022 402 POlll'Ell

319 461 340 503 p.
354 449 442 489 ass-sa
456 448 478 487 t.

292 532 406 591 lormae
430 536 578 607 quattuor.
618 528 699 589 modi
721 538 788 589 octo
810 530 859 589 isti
881 536 963 598 sunt,
987 528 1162 590 indicativus
1184 530 1375 609 imperativus
1398 532 1598 609 promissivus

293 632 438 711 optativus
460 633 665 691 coniunctivus
688 632 850 691 infinitivus
871 630 1072 711 inpersonalis
1093 630 1227 709 gerundi.
1258 633 1316 710 ipsi
1337 643 1409 693 sunt
1432 642 1523 701 octo;
1547 633 1598 691 sed

294 734 424 810 quinque
441 742 511 792 sunt
526 735 576 811 qui
598 751 653 812 per
676 752 780 793 omnes
795 740 874 794 artes
890 742 1013 812 possunt
1034 735 1177 802 inveniri,
1200 732 1377 794 indicativus
1397 737 1598 814 imperativis

292 837 439 913 optativus
461 838 667 896 coniunctivus
690 843 720 896 et
741 837 913 895 infinitivus.
958 834 1001 895 illi
1025 845 1101 905 tres,
1124 838 1318 915 promissivus
1339 837 1550 916 inpersonalis
1572 847 1598 894 et

292 936 432 1015 gerundi,
457 934 578 1020 lvalbont
599 937 786 998 calumniam.
818 936 998 1014 aliquotiens
1013 939 1054 997 ita
1071 937 1272 1009 declinantur,
1296 957 1386 1018 quem
1409 939 1447 999 ad
1471 940 1617 1002 moduma

292 1041 435 1100 novimus.
483 1039 587 1100 vnodos
614 1042 734 1101 interim
763 1049 831 1099 octo
859 1039 920 1099 dixi
952 1038 1065 1118 plenos.
1111 1040 1261 1101 videamus
1294 1040 1371 1101 illos.
1414 1042 1598 1101 indicativus

292 1141 388 1202 dictus
411 1150 457 1201 est
478 1142 515 1203 ab
539 1162 589 1211 eo,
614 1142 693 1219 qnod
715 1144 781 1221 ipso
804 1140 977 1205 indicamus,
1015 1144 1041 1201 si
1064 1140 1146 1202 dieas
1169 1143 1242 1202 milri
1265 1143 1355 1222 ‘quid
1378 1145 1504 1211 lacisi',
1530 1144 1596 1201 diro

292 1244 344 1304 tibi
368 1244 479 1323 ‘lego'.
526 1262 597 1321 ergo
625 1244 692 1321 lego
720 1243 877 1304 indicantis
907 1253 951 1304 εει
973 1245 1156 1322 significatio.
1203 1247 1395 1324 imperativus
1417 1245 1520 1305 dietus
1543 1256 1596 1310 est,

292 1346 370 1426 quod
393 1349 564 1426 peripsum
588 1348 785 1425 imperamus,
815 1354 941 1425 utputa
968 1344 1034 1423 lege
1057 1345 1155 1405 scribe
1177 1346 1251 1405 doce
1273 1346 1353 1407 sede.
1398 1328 1596 1425 promissivus

191 1455 351 1522 dictast,
376 1467 429 1528 per
452 1468 540 1528 quem
565 1451 780 1528 promittimus
804 1457 836 1509 ut
857 1451 883 1509 si
905 1448 987 1508 dieas
1010 1446 1124 1525 ‘legam
1147 1447 1227 1508 tibi'.
1257 1447 1339 1507 multi
1354 1452 1447 1509 istum
1470 1450 1594 1510 modum
1608 1475 1625 1504 :v

293 1549 443 1630 repellunt
464 1560 493 1612 ct
515 1550 619 1612 dicunt
639 1551 728 1631 ‘quid
752 1552 949 1630 conputatur?
972 1567 1032 1609 non
1055 1558 1101 1610 est
1123 1550 1332 1629 conputandus
1353 1571 1410 1612 εεε
1433 1551 1594 1613 admitten-

293 1654 348 1713 dus
371 1652 477 1715 alvodus
498 1656 582 1713 iste'.
610 1653 731 1733 etquid
754 1651 896 1721 lacimuS,
920 1654 945 1711 si
968 1670 1028 1712 non
1051 1671 1120 1713 eum
1142 1652 1344 1723 admittamus
1367 1673 1437 1714 eum
1461 1654 1594 1714 elocutio

293 1766 394 1816 nostra
418 1756 515 1833 exigat
537 1774 624 1815 usum
648 1755 860 1835 promittendi?
883 1773 950 1814 nam
973 1756 997 1814 si
1020 1754 1101 1814 dicas
1123 1757 1215 1833 ‘rogo
1231 1762 1276 1825 te,
1300 1754 1337 1815 da
1354 1757 1443 1826 milvi,
1467 1756 1505 1816 da
1521 1755 1592 1824 illi’,

293 1876 418 1919 necesse
450 1857 546 1917 habeo
581 1876 634 1936 per
667 1860 755 1918 istum
783 1857 905 1918 modum
937 1858 1126 1936 promittere,
1155 1865 1184 1916 ot
1211 1856 1312 1918 dicere
1338 1857 1437 1919 habeo
1466 1859 1591 1919 ‘daltot

295 1958 364 2020 tolle
387 1960 456 2021 inde
485 1963 573 2020 istum
603 1959 724 2021 modum
753 1967 783 2019 et
811 1958 916 2020 tollere
944 1957 1037 2018 habes
1064 1960 1302 2037 promissionem.
1347 1958 1391 2018 illi
1411 1969 1513 2021 autem
1543 1962 1592 2036 nni
1604 1980 1622 2017 11·

293 2060 443 2141 repellunt
475 2063 562 2121 istum
597 2062 717 2121 modum
751 2061 867 2132 dictant,
897 2063 956 2121 iam
985 2062 1144 2139 promissio
1178 2068 1222 2119 est
1253 2063 1284 2121 in
1316 2061 1475 2122 indicativo
1503 2062 1591 2121 modo

295 2172 429 2242 tempore
452 2162 563 2223 futuro.
594 2182 662 2225 nam
685 2164 743 2225 iarn
768 2165 865 2224 estin
887 2161 1045 2222 indicativo
1067 2161 1155 2222 modo
1177 2170 1311 2241 tempore
1331 2164 1450 2234 luturo,
1475 2174 1590 2243 utputa

294 2264 361 2342 lego
390 2262 465 2342 legis
493 2264 564 2342 legit
591 2264 736 2344 legeram,
767 2266 813 2325 lac
842 2266 976 2325 iuturnm
1004 2271 1135 2343 tempus,
1164 2263 1276 2342 legam;
1314 2283 1385 2325 ecee
1411 2265 1470 2325 hoc
1493 2270 1589 2345 ipsum

292 2368 389 2445 legam
418 2369 618 2446 promittentis
645 2376 699 2428 est.
745 2368 770 2428 si
793 2373 837 2426 est
858 2368 891 2426 in
916 2366 1073 2426 indicativo
1097 2364 1201 2436 modo,
1225 2366 1294 2446 quid
1317 2387 1393 2447 opus
1415 2378 1461 2428 est
1484 2379 1516 2429 ut
1538 2388 1589 2429 no-

293 2488 360 2529 vum
384 2468 505 2529 modum
529 2468 635 2529 iacias?
659 2488 741 2539 curn,
765 2469 844 2550 qttnd
868 2468 971 2529 habuit
993 2486 1085 2528 novus
1108 2468 1214 2529 modus
1236 2470 1350 2538 lacere,
1374 2468 1537 2529 habentia
1559 2490 1619 2529 ses

292 2573 349 2632 iste
379 2570 486 2631 modus
512 2570 687 2632 indicativus
715 2574 744 2633 in
780 2581 915 2651 ternpore
948 2571 1058 2630 futuro.
1103 2588 1172 2629 ecce
1203 2589 1295 2650 quare
1328 2590 1394 2632 eum
1428 2572 1586 2651 repellunt.

293 2690 386 2752 qnare
409 2672 574 2753 repellunt?
598 2676 738 2753 quoniam
760 2674 789 2734 id
812 2681 913 2754 potest
934 2673 1034 2733 lacere
1056 2671 1245 2742 indicativus,
1270 2672 1349 2749 quod
1371 2682 1471 2752 potest
1491 2675 1587 2734 lacere

292 2776 495 2855 promissivus.
541 2774 648 2836 deinde
676 2774 732 2836 alia
758 2775 879 2837 illorum
907 2777 998 2843 ratio,
1034 2789 1126 2853 quare
1159 2773 1310 2853 repellunt
1337 2777 1428 2835 istum
1458 2775 1585 2836 modum.

293 2897 352 2957 quo
375 2877 463 2938 modo
487 2877 561 2937 dieis
583 2876 703 2937 modum
728 2897 806 2949 esse,
831 2887 861 2939 ει
883 2897 976 2939 unum
1000 2875 1088 2935 hahet
1112 2878 1254 2955 tempus?
1277 2875 1374 2937 nullus
1389 2880 1470 2938 eoun
1485 2880 1586 2939 modos

293 2997 385 3041 unum
408 2986 526 3058 tempus
548 2977 651 3047 luten
676 2998 735 3039 nnn
757 2979 842 3049 licct;
865 2999 969 3040 ornnes
984 2978 1064 3039 modi
1080 2985 1130 3037 aul
1149 2977 1207 3038 duo
1230 2985 1280 3037 aut
1301 2981 1357 3039 tria
1380 2979 1494 3041 liabent
1515 2990 1617 3041 tem-s

293 3100 376 3161 pora.
423 3080 592 3160 quomodo
617 3081 894 3157 ergoistemodus
924 3081 1067 3141 dicendus
1091 3082 1153 3140 est?
1190 3098 1258 3139 nam
1281 3084 1477 3159 promissivus
1497 3101 1585 3143 unum

292 3182 383 3244 habet
411 3191 528 3263 tempus
556 3190 585 3242 et
613 3184 727 3243 ratione
756 3182 883 3244 naturali
911 3202 1004 3243 unum
1026 3181 1125 3241 habet.
1170 3181 1289 3242 niodum
1312 3186 1364 3262 qui
1385 3184 1490 3245 dieunt
1511 3186 1586 3245 horu

295 3304 375 3355 esse,
411 3285 467 3346 hoc
501 3285 617 3352 dieunt,
648 3304 736 3345 omne
765 3286 845 3363 qnod
873 3286 1074 3365 promittimus
1104 3283 1140 3342 de
1169 3285 1270 3345 iuluro
1303 3287 1515 3364 promittimus.
1557 3285 1583 3345 id

294 3390 373 3449 enim
396 3387 451 3448 tihi
473 3388 628 3466 promitto,
653 3406 711 3449 non
729 3388 808 3465 quod
830 3388 960 3449 habevisti
982 3393 1032 3449 aut
1053 3385 1131 3465 quod
1154 3384 1262 3463 habes,
1286 3388 1337 3447 sed
1361 3387 1440 3467 quod
1463 3389 1583 3449 necdum

294 3489 394 3550 lrabes.
439 3508 506 3551 narn
537 3490 563 3550 si
589 3489 718 3551 habuisti
747 3500 798 3551 aut
824 3491 917 3551 habes
939 3494 1012 3560 iam,
1038 3487 1328 3567 quemadmodum
1353 3490 1407 3549 tibi
1431 3494 1613 3571 promittota

293 3590 366 3652 illud
395 3591 448 3652 tihi
474 3594 631 3671 promitto,
662 3593 739 3671 ‹puod
770 3594 897 3654 necdum
926 3592 1027 3653 lrabes.
1073 3609 1144 3669 ergo
1171 3592 1197 3650 si
1225 3591 1304 3667 quod
1336 3592 1464 3653 necdum
1499 3593 1583 3653 habes

295 3696 452 3775 promitto,
477 3696 567 3757 inituri
589 3698 732 3775 temporis
755 3703 808 3755 est.
855 3714 924 3755 ecce
946 3700 1069 3774 propter
1091 3712 1164 3773 (paras
1191 3711 1295 3754 causas
1317 3693 1421 3755 dicunt
1443 3695 1583 3775 repellen-

295 3797 364 3857 dum
395 3816 461 3857 esso
490 3796 534 3857 vel
562 3815 621 3858 non
650 3796 865 3876 repellendum.
906 3804 1004 3858 tamen
1027 3798 1052 3856 si
1075 3813 1176 3855 verum
1204 3794 1436 3866 animadvertas,
1461 3817 1519 3857 non
1541 3816 1582 3855 re·

294 3898 449 3978 pellendus
477 3908 536 3967 est:
567 3899 617 3984 sed
647 3899 683 3959 de
711 3899 869 3959 indicativo
898 3898 987 3959 modo
1015 3896 1218 3977 repellendum
1243 3906 1287 3957 εει
1309 3907 1426 3977 tempus
1447 3901 1580 3962 ltvttuum.

294 4020 383 4079 quam
405 4004 462 4061 isto
485 4000 675 4080 repellendus
698 4010 742 4061 est
764 4001 879 4061 modus.
912 4002 1022 4080 quare?
1046 3999 1109 4059 redi
1133 4002 1210 4059 enirn
1226 3998 1262 4059 ad
1286 3999 1490 4062 definitionem
1512 4003 1610 4080 ipsa-e

294 4122 360 4164 rum
383 4104 555 4172 modorum,
581 4114 610 4164 ει
631 4104 762 4163 invenies
785 4106 924 4182 quoniam
947 4122 1007 4163 non
1030 4110 1128 4183 potest
1154 4101 1328 4162 indicativus
1350 4101 1458 4165 modus
1480 4103 1580 4164 hahere

282 4214 411 4285 tempus
434 4206 583 4267 futurum.
629 4204 804 4265 indicativus
832 4224 924 4285 quare
952 4205 1049 4266 dictus
1078 4208 1138 4265 esti
1171 4206 1252 4279 qnod
1266 4223 1326 4279 per
1347 4208 1445 4280 ipsum
1467 4208 1579 4266 indicn-

294 4324 367 4369 mns.
411 4309 435 4367 si
459 4324 513 4387 por
535 4310 633 4387 ipsum
655 4306 835 4377 indicamus,
864 4308 994 4368 futurum
1017 4317 1136 4386 tempus
1164 4325 1257 4385 quare
1280 4306 1369 4367 lralvet
1392 4307 1428 4369 ab
1453 4328 1488 4369 eo
1511 4304 1578 4388 quod

364 4550 380 4596 2
399 4549 509 4613 gertrudi
529 4564 546 4597 α
564 4548 667 4612 gerendi
689 4546 785 4597 ABG:
800 4552 892 4609 posteo
909 4554 1054 4597 constanter
1072 4545 1180 4610 gerundi
1199 4546 1223 4593 A
1242 4545 1349 4609 gerendi
1363 4545 1388 4593 B
1395 4546 1416 4595 G
1485 4546 1577 4596 51]ουί-

296 4633 351 4667 mus
371 4618 682 4680 quenradnrodnrnABC
751 4616 922 4682 dplenlnst)
993 4619 1024 4667 la')
1043 4618 1101 4665 inde
1121 4616 1207 4668 οπεθ
1258 4616 1292 4664 ‘20
1313 4616 1380 4677 quon
1401 4614 1488 4664 habuit
1506 4629 1577 4663 narrans

297 4686 388 4737 modus
401 4690 442 4737 Ca
462 4690 528 4749 quod
548 4686 609 4751 (qno
623 4688 659 4747 A)
678 4687 765 4735 habuit
784 4686 875 4734 modos
889 4700 970 4736 tlotttts
986 4688 1043 4736 AB
1096 4688 1129 4734 22
1149 4701 1226 4749 nume
1245 4687 1369 4750 repellunt
1387 4702 1434 4736 om.
1450 4687 1483 4745 A,
1496 4687 1576 4735 anta

366 4758 433 4819 quod
456 4757 520 4806 solet
539 4756 621 4805 lucere
644 4759 749 4807 coniecit
765 4756 949 4805 Lindevnnnatts
1020 4757 1053 4806 23
1073 4754 1147 4821 vectio]
1170 4755 1282 4819 repulsio
1304 4756 1387 4805 ABG
1456 4756 1489 4805 :35
1510 4769 1574 4818 qnam

296 4827 343 4876 iste
358 4828 409 4877 AB
427 4842 505 4890 quere
524 4828 572 4875 iste
591 4825 632 4875 ct
686 4834 724 4876 est
742 4842 788 4876 otri.
809 4826 845 4891 A,
867 4826 929 4876 add.
950 4842 968 4876 n
1022 4826 1054 4877 37
1069 4827 1136 4889 quod
1146 4841 1192 4892 per
1204 4827 1287 4891 ipsum
1300 4825 1444 4876 indicamus
1458 4843 1503 4880 oni.
1514 4822 1575 4875 Ant
