3350 5442
590 362 826 427 cuuuuutvtt
1289 356 1349 423 169

1166 482 1187 525 p.
1202 470 1289 513 lob-ut
1303 468 1325 511 L.

602 582 650 628 Du
672 582 801 629 FlGVRA

146 688 253 767 Figura
281 696 332 750 aut
358 689 501 750 naturalis
524 696 584 759 εει,
613 695 663 749 aut
684 707 720 749 ex
742 696 805 749 arte
828 687 990 749 descendit.
1037 706 1111 768 quae
1135 696 1178 749 εει
1200 687 1351 759 naturalis,
1365 697 1470 760 408‚20

73 791 185 871 simplex
209 799 344 860 vocatur:
367 808 443 869 quae
466 810 501 852 ex
525 798 588 852 arte
612 790 778 861 descendit,
802 792 964 870 conposita.
996 809 1063 850 narn
1086 791 1204 869 quanm
1228 767 1469 851 dicimus494’34

73 894 177 964 doctus,
200 895 248 954 bic
271 892 346 955 nihil
368 912 417 954 ars
441 892 526 963 valet,
549 892 602 953 sed
624 896 687 973 ipsa
702 893 809 972 positio
827 892 953 972 simplex
970 899 1014 952 est
1036 893 1208 961 constituta;
1233 892 1351 973 quaudo

54 1004 157 1057 sautem
179 996 305 1057 dicimus
326 996 476 1066 indoctus,
501 1013 537 1055 ex
558 1001 622 1056 arte
646 993 808 1056 descendit.
854 1001 883 1053 ει
904 993 952 1053 111ιι
975 1012 1051 1073 quae
1073 994 1198 1073 simplex
1221 1001 1265 1055 est
1286 994 1352 1055 uul-

71 1098 119 1159 lam
139 1098 226 1159 babet
248 1100 468 1178 quaestionem
497 1096 547 1157 illa
569 1115 640 1157 vero
669 1114 744 1174 quae
766 1098 920 1176 conposita
943 1102 988 1157 est
1009 1115 1063 1175 per
1086 1104 1226 1176 quattuor
1249 1096 1351 1156 diridi-

71 1210 112 1261 tur
131 1208 239 1279 partes.
284 1202 363 1260 nosti
392 1202 471 1260 enim
499 1201 637 1279 quoniam
665 1206 713 1259 aut
742 1205 867 1277 utraque
896 1206 981 1278 parto
1004 1199 1181 1278 componitur
1200 1190 1352 1277 ’integrum

71 1312 114 1362 ειιι
132 1292 275 1380 utraque¹
286 1310 474 1381 corruptum,
505 1310 555 1361 aut
582 1302 678 1379 prima
707 1309 791 1379 parte
818 1301 933 1378 integra
964 1310 992 1361 ει
1014 1302 1179 1380 posteriore
1203 1308 1351 1379 corrupta,

72 1408 213 1482 autperto
235 1406 404 1482 posteriore
425 1405 542 1481 integra
566 1409 595 1461 et
616 1403 718 1481 priore
740 1409 890 1481 corrupta.
934 1402 991 1463 lroc
1013 1410 1117 1462 uotum
1147 1410 1203 1472 est,
1234 1401 1352 1479 quando

47 1504 152 1565 uhabet
172 1504 246 1565 duas
268 1512 369 1584 partes
396 1505 542 1583 integras,
570 1512 604 1566 ut
624 1505 649 1563 si
671 1503 751 1565 dicas
773 1502 991 1573 suburbanum;
1024 1504 1097 1565 duas
1126 1511 1293 1584 corruptas,
1322 1513 1354 1565 ιιι

75 1608 179 1677 silicam
206 1609 358 1686 integrum
386 1609 482 1687 prima
509 1617 593 1686 parte
620 1613 650 1666 ει
676 1607 842 1685 posteriore
871 1613 1057 1686 corruptum,
1087 1614 1119 1667 ιιι
1147 1605 1289 1675 insulsus;
1318 1624 1354 1666 ex

74 1717 201 1788 corrupto
225 1716 255 1768 ει
276 1710 404 1786 integro,
429 1719 461 1769 ιιι
483 1705 685 1786 nugigerulus.
716 1708 771 1769 alia
794 1708 899 1769 Probi:
922 1708 972 1769 ille
995 1710 1036 1768 ait
1058 1708 1114 1769 boc
1136 1708 1256 1779 dictum,
1281 1724 1354 1786 quo·

73 1814 140 1871 niam
162 1811 167 1891 Ι
188 1812 284 1889 ligura
313 1817 363 1872 aut
389 1810 480 1872 rebus
502 1819 618 1871 constat
640 1811 729 1870 certis
751 1819 802 1870 aut
823 1808 914 1870 rebus
936 1811 1072 1870 incertis:
1103 1811 1142 1870 ait
1165 1811 1207 1871 sic
1228 1808 1352 1880 Probus,

73 1913 217 1993 ‘pleraque
246 1931 322 1993 quae
350 1921 419 1974 suut
446 1914 477 1973 in
506 1914 600 1991 ligura
628 1920 774 1993 apparent
796 1930 861 1972 esse
884 1914 1014 1989 integra,
1038 1910 1179 1991 pleraque
1202 1920 1352 1992 corrupta,

46 2015 200 2095 upleraque
222 2016 287 2076 siue
309 2020 425 2075 sensu'.
471 2022 500 2075 ει
528 2018 553 2075 si
581 2016 638 2075 boc
665 2014 795 2074 uolueris
822 2015 921 2093 sequi,
946 2013 1058 2074 nullum
1081 2032 1190 2074 nomeu
1212 2016 1353 2085 invenies,

75 2116 140 2196 quotl
167 2135 226 2177 non
257 2118 442 2196 conpositum
470 2118 517 2177 sit.
560 2135 629 2177 nam
652 2115 769 2196 quando
792 2116 858 2176 dico
881 2132 951 2193 ego,
982 2133 1035 2176 nec
1059 2134 1075 2175 e
1096 2134 1152 2176 nec
1175 2133 1211 2193 go
1233 2134 1354 2176 sensum

76 2218 167 2287 babet;
190 2236 262 2295 ergo
284 2220 471 2298 conpositum
495 2226 548 2278 est.
583 2218 701 2297 quando
725 2218 790 2278 ‹lico
813 2217 918 2287 bomo,
943 2234 999 2277 nec
1021 2218 1061 2278 ho
1083 2236 1139 2279 nec
1161 2236 1210 2278 mo
1233 2236 1353 2278 sensum

74 2320 164 2389 babet;
194 2339 266 2398 ergo
293 2323 480 2400 conpositum
508 2329 561 2381 est.
606 2337 678 2398 ergo
705 2320 815 2399 poterit
843 2318 1005 2380 secundum
1033 2318 1113 2380 illius
1142 2319 1352 2387 definitionem,

74 2424 95 2481 si
114 2418 268 2499 sequamur
298 2440 364 2482 eum
393 2444 413 2479 ιι
440 2420 470 2481 id
499 2432 544 2483 est
571 2424 597 2482 si
624 2422 718 2483 secuti
746 2420 889 2481 fuerimus
913 2422 974 2481 eius
996 2422 1218 2491 auctoritatem,
1243 2419 1354 2481 nullum

45 2541 174 2585 nonomen
199 2522 325 2602 simplex
352 2526 511 2585 iuvenitur.
557 2522 610 2584 sed
637 2521 743 2583 laisum
772 2529 817 2582 εει
844 2521 902 2583 boc
930 2525 1038 2601 ipsum.
1084 2541 1152 2583 nam
1181 2541 1217 2583 ex
1239 2521 1355 2584 duobus

73 2627 210 2705 corruptis
232 2626 420 2704 conpositum
441 2633 538 2705 potest
558 2626 632 2686 beri.
664 2624 737 2685 illud
753 2631 858 2685 ‘autem
874 2624 981 2685 dicitur
1004 2642 1038 2685 ex
1062 2623 1178 2686 duobus
1201 2642 1266 2686 esse
1288 2643 1354 2685 cor-

72 2729 173 2807 ruptis,
201 2726 281 2808 quod
310 2726 475 2789 resolutum
503 2736 600 2808 potest
627 2728 692 2788 lieri
720 2728 885 2805 integrum,
914 2727 943 2787 id
972 2734 1017 2787 est
1046 2727 1184 2807 quotiens
1211 2728 1272 2805 ipsa
1297 2725 1355 2787 duo

73 2838 201 2908 corrupta
228 2828 415 2890 resolvuntur
444 2836 474 2889 ει
500 2835 625 2909 possunt
652 2846 717 2889 esse
745 2830 869 2907 integra.
914 2836 1039 2908 utputa
1061 2828 1159 2908 opifex
1181 2827 1296 2890 videtur
1320 2846 1355 2888 ex

73 2929 177 2991 duobus
203 2933 353 3011 corruptis
383 2950 460 2992 esse:
489 2950 557 2992 nam
587 2949 676 3010 opera
706 2937 736 2989 ει
757 2930 883 3000 iaciens,
907 2938 1066 3010 utrumque
1088 2931 1238 3007 integrum
1260 2939 1305 2991 εει
1328 2937 1358 2991 ει

44 3032 136 3093 stecit
154 3051 246 3094 uuum
269 3041 441 3112 corruptum
464 3034 573 3113 opifex.
604 3033 758 3111 municeps
781 3037 810 3092 et
831 3031 888 3091 boc
910 3030 1054 3102 similiter,
1078 3049 1202 3093 munera
1225 3034 1353 3112 capiens.

74 3152 136 3211 ergo
158 3144 225 3196 tunc
247 3141 345 3214 potest
367 3153 402 3194 ex
425 3133 541 3195 duobus
559 3136 705 3214 corruptis
721 3152 830 3195 nomen
854 3152 932 3202 esse,
957 3134 1095 3213 quotiens
1116 3135 1180 3212 ipsa
1204 3136 1356 3214 corruptio

72 3237 221 3298 resolvitur
243 3236 365 3298 etfacit
388 3231 392 3312 Ι
416 3239 565 3315 integrum
587 3256 705 3298 nomen.

147 3338 303 3401 Praeterea
331 3340 409 3399 scire
439 3337 582 3400 debemus
610 3358 675 3401 esse
703 3339 799 3419 aliqua
822 3340 942 3401 nomina
965 3356 1041 3418 quae
1064 3356 1100 3399 ex
1123 3336 1239 3398 duobus
1262 3340 1356 3398 nomi-

74 3442 168 3516 nativis
187 3442 269 3502 liunt.
314 3440 492 3520 plerumque
520 3441 664 3519 contingit
691 3443 770 3502 enim
800 3450 831 3503 ut
860 3459 952 3502 eruum
981 3458 1089 3500 nomen
1112 3440 1162 3500 liat
1183 3439 1220 3499 de
1243 3439 1357 3501 duobus

47 3544 268 3614 acominativis,
292 3552 322 3603 et
344 3544 480 3622 quotiens
502 3544 542 3602 itu
566 3544 736 3621 contigerit,
759 3550 887 3620 utraque
909 3548 994 3622 parte
1017 3541 1195 3611 declinatur,
1227 3548 1259 3601 ut
1285 3550 1354 3621 puta

73 3653 184 3721 praetor
203 3643 344 3705 urbanus.
387 3647 564 3721 contingunt
584 3646 654 3705 item
678 3646 798 3705 nomina
828 3664 903 3725 quae
925 3646 1020 3723 prima
1044 3651 1129 3723 parte
1151 3641 1281 3704 habeant
1301 3663 1355 3704 no-

73 3745 233 3807 minativum
256 3756 286 3806 ει
306 3748 473 3826 posteriore
495 3765 570 3817 non,
595 3759 624 3808 ει
645 3748 703 3807 iam
726 3764 796 3827 pars
818 3748 913 3826 prima
937 3751 1052 3806 tautum
1075 3744 1249 3807 declinatur.
1286 3765 1355 3807 con·

73 3967 141 4017 eriam
158 3970 254 4018 nomini
274 3982 394 4017 numerus
416 3981 443 4029 p.
465 3968 514 4019 177
535 3970 575 4023 ed.
596 3968 672 4020 Liad.
691 3995 724 4005 -
741 3984 768 4031 p.
794 3968 844 4019 186
869 3968 1022 4018 narrantum
1041 3984 1072 4019 on
1092 3982 1184 4019 eronus
1202 3968 1296 4033 Figura
1314 3976 1357 4017 out

74 4039 185 4087 netunlis
199 4054 227 4101 p.
249 4038 299 4090 165
318 4064 352 4074 -
365 4055 391 4103 p.
412 4038 461 4089 188
479 4053 624 4105 conponere
642 4040 689 4101 (nn
708 4054 798 4089 sionna
816 4039 877 4089 odd.
893 4039 929 4101 B)
947 4038 1040 4105 Figura
1058 4039 1083 4087 iu
1104 4038 1249 4087 nominibus
1263 4054 1292 4101 p.
1307 4037 1357 4088 186

74 4132 101 4140 -
114 4123 141 4169 p.
161 4108 209 4159 184
226 4108 300 4158 aliter
317 4122 366 4157 uon
387 4108 445 4157 licet
463 4123 495 4157 ns
515 4124 616 4161 coaxans
635 4108 715 4159 Cusus
735 4110 794 4159 dicti
807 4117 866 4158 sum
878 4124 906 4171 p,
924 4108 973 4159 168
990 4137 1023 4145 -
1036 4126 1062 4173 p.
1083 4108 1132 4159 177
1152 4107 1259 4157 cladium
1278 4107 1354 4171 (trem

73 4177 124 4229 add.
143 4176 176 4242 (ἶ)
194 4194 226 4228 on
246 4192 348 4230 caeram
366 4176 439 4227 Greci
458 4192 532 4229 casus
549 4178 644 4229 habent
661 4194 686 4241 p.
707 4178 756 4229 181
772 4195 827 4243 sqq.
848 4179 873 4228 B
879 4180 906 4232 0.
932 4195 989 4228 nam
1007 4194 1038 4228 eo
1056 4178 1305 4242 precedentium,
1325 4178 1357 4227 de

71 4248 165 4309 firm,
182 4250 214 4299 de
229 4248 331 4298 coeliae
347 4248 435 4297 iterum
452 4251 549 4312 scripta
563 4258 589 4298 et
604 4264 633 4300 eo
649 4250 705 4300 loco
718 4265 767 4315 quo
785 4253 903 4313 teporatur
923 4252 948 4299 iu
966 4249 990 4297 A
1009 4250 1079 4299 edita
1096 4255 1154 4299 aunt
1172 4248 1243 4311 iufra
1259 4261 1286 4309 p.
1307 4247 1356 4297 177

73 4332 119 4381 sqq.
138 4318 179 4367 ed.
199 4320 276 4370 Lind.
300 4325 393 4367 mutato
411 4318 501 4367 ordine
519 4322 545 4369 in
562 4318 587 4368 B
593 4320 614 4370 O
627 4319 757 4382 prioribus
781 4318 932 4369 tractatibus
956 4319 988 4368 de
1010 4318 1097 4369 iisdem
1115 4318 1191 4367 rebus
1208 4317 1356 4380 interposito

73 4395 121 4436 caet
188 4389 202 4439 1
223 4388 254 4437 de
273 4388 363 4488 ‘³5¹¹'ss
380 4387 405 4435 A
476 4388 510 4440 18
528 4391 640 4455 integras
656 4390 677 4439 ai
696 4390 767 4440 dicas
786 4388 873 4440 noa*
893 4389 1005 4455 integras
1023 4428 1028 4441 .
1043 4430 1048 4441 .
1064 4428 1070 4440 .
1087 4402 1130 4437 cas
1149 4388 1172 4435 A
1224 4396 1357 4451 corruptae

74 4467 96 4502 u
111 4456 199 4507 eslicu
219 4458 292 4508 BGa
328 4464 461 4523 corruptas
479 4467 538 4508 aunt
561 4459 652 4509 efficax
671 4459 695 4508 A
767 4460 800 4511 12
817 4459 983 4525 nugigerulus
1003 4456 1086 4508 ABG
1151 4454 1264 4519 sortasse
1283 4458 1355 4507 aliter

74 4523 161 4576 Probus
179 4529 219 4578 uel
235 4527 286 4577 olio
303 4528 382 4577 bobes
402 4530 428 4577 iu
446 4538 499 4579 arte
517 4528 606 4579 Probi:
629 4530 664 4592 cs.
683 4530 752 4588 infra
774 4546 802 4593 p.
822 4529 872 4580 187
893 4529 933 4580 ed.
954 4528 1031 4577 Lino.
1051 4528 1132 4582 Prob.
1154 4529 1233 4581 instit.
1254 4534 1306 4577 art.
1325 4542 1354 4590 p.

74 4594 109 4655 53,
129 4594 160 4646 18
213 4597 245 4648 18
263 4601 355 4647 lacrum
367 4614 439 4663 quam
452 4600 562 4651 indicaui
578 4600 641 4649 llaec
654 4600 712 4662 sere
729 4601 855 4651 excidisse
868 4599 992 4662 uidentur,
1010 4598 1106 4647 nullum
1126 4612 1216 4648 nornen
1237 4599 1354 4658 inveniri,

74 4667 194 4724 qnodnon
209 4669 243 4717 sit
261 4669 421 4733 conpositum
473 4670 622 4720 auctoritate
639 4670 666 4719 B
720 4670 759 4721 *20
778 4668 960 4720 inuenietur&
1029 4668 1063 4718 29
1079 4668 1140 4718 liunt
1158 4667 1214 4717 AB
1232 4668 1293 4719 flant
1312 4668 1355 4718 Ga
1433 4718 1436 4733 ¹

73 4732 103 4785 tu
117 4736 164 4785 ista
185 4738 339 4804 contingerit
356 4748 463 4801 utraque
487 4748 559 4805 parte
583 4739 724 4789 declinetur
747 4742 796 4791 uisi
819 4748 926 4803 utraque
942 4748 1015 4804 parte
1035 4737 1110 4789 luerit
1134 4738 1311 4789 nominatiuus
1330 4746 1358 4787 ιιι

74 4814 127 4867 pute
144 4807 168 4855 A
235 4808 269 4859 31
289 4804 361 4873 item]
389 4820 472 4858 nutem
492 4809 578 4860 ABG
645 4808 680 4860 32
699 4825 759 4876 pars
781 4807 876 4877 primu]
899 4823 960 4873 pars
979 4808 1060 4873 prima
1079 4808 1217 4859 naturae*
1235 4810 1356 4859 inlitora

73 4873 217 4940 accensere
233 4880 374 4929 litterarum
