3350 5442
624 296 861 359 COMMENTVM
1165 305 1166 309 ’
1225 325 1230 335 ·
1333 297 1391 361 167

1221 434 1227 447 .
1241 408 1330 449 aco-ca
1345 406 1366 445 1„

100 485 168 545 illud
191 494 223 546 et
244 483 316 545 illud
338 485 415 565 apud
438 484 608 547 Sallustium
630 484 770 564 legimus,
795 487 939 577 quoniam
966 487 1066 547 neutri
1091 495 1143 548 est.
1187 420 1258 547 ilem
1281 506 1392 557 nomen

101 588 195 648 delicit
218 589 250 647 in
272 604 396 647 numero
417 586 539 665 plurali,
568 595 601 647 ut
622 592 669 647 tus
691 588 772 648 virus
798 606 904 648 aurum
927 587 1024 649 oleum
1049 588 1170 650 ferrum.
1217 606 1288 668 ergo
1310 588 1391 650 vides

100 690 240 769 quoniam
268 695 336 750 sunt
361 690 481 750 nomina
510 690 626 750 numeri
655 697 768 749 tantum
794 688 969 768 singularis,
999 698 1032 751 ut
1060 690 1157 769 pulvis
1180 694 1314 771 sanguis,
1339 691 1390 753 ali-

100 792 217 872 quando
249 793 367 853 numeri
399 799 513 853 tantum
546 788 684 870 pluralis,
719 799 751 852 ut
779 811 883 854 manes
911 793 1057 865 Quiritem
1087 793 1247 872 aliquando
1272 796 1391 855 numeri

77 902 211 955 amatum
234 892 409 973 singularis,
432 902 465 954 ut
487 913 543 973 pax
566 890 631 961 lux;
654 894 726 954 item
749 912 867 974 semper
890 896 1040 973 singulare
1062 898 1181 973 generis
1203 899 1314 968 neutri,
1339 916 1390 957 au·

98 1015 160 1057 rum
184 994 285 1057 oleum
313 996 442 1066 terrum,
471 1004 500 1056 et
528 998 582 1056 ista
603 997 756 1075 pertinent
778 996 814 1055 ad
837 996 969 1073 regulam
994 1004 1023 1057 et
1045 1016 1132 1059 omne
1156 997 1234 1076 quod
1257 998 1293 1059 ad
1316 1018 1390 1078 pon-

97 1098 150 1158 dus
171 1116 378 1159 mensuramve
401 1100 531 1177 pertinet
555 1095 687 1176 [generis
714 1105 782 1159 sunt
806 1096 931 1177 neutri}
954 1096 957 1178 l
981 1100 1051 1159 item
1074 1100 1213 1161 deliciunt
1234 1100 1391 1178 aliquando

97 1202 125 1260 iu
154 1218 283 1261 numero
311 1199 450 1278 singulari
480 1208 509 1261 et
537 1198 648 1259 babent
674 1197 820 1279 pluralem
844 1218 999 1261 numerum
1028 1203 1058 1261 in
1086 1220 1196 1280 genere
1218 1200 1390 1274 masculino,

98 1301 221 1363 cancelli
236 1304 383 1375 Orurites:
405 1321 493 1362 nemo
517 1301 587 1361 dicit
608 1300 656 1361 bie
677 1300 842 1370 cancellus,
866 1302 917 1363 sed
941 1301 971 1362 bi
987 1302 1123 1373 cancelli;
1147 1323 1236 1365 nemo
1258 1304 1327 1366 dicit
1343 1304 1391 1365 bic

67 1422 87 1459 u
98 1406 235 1476 Quirites,
252 1406 305 1466 sed
321 1405 351 1464 bi
366 1404 504 1476 Quirites,
522 1402 591 1464 licet
605 1401 766 1482 legerimus
781 1403 847 1464 hoc.
873 1403 962 1482 legite
977 1406 1008 1465 in
1023 1405 1172 1474 Petronio,
1191 1414 1219 1466 et
1235 1407 1391 1467 invenietis

98 1508 132 1567 de
158 1509 342 1568 nominativo
370 1505 510 1585 singulari
538 1505 595 1565 boc
624 1508 750 1575 lactum,
780 1515 810 1567 et
836 1508 877 1567 ait
900 1508 1055 1567 Petronius
1081 1507 1129 1568 bic
1151 1507 1290 1579 Quirites.
1335 1510 1391 1570 ista

99 1611 267 1689 usurpativa
289 1617 366 1671 suut.
398 1626 470 1686 ergo
485 1614 554 1669 suut
569 1610 688 1669 nomina
714 1610 829 1668 numeri
851 1615 967 1669 tantum
989 1608 1113 1689 pluralis
1135 1612 1253 1688 generis
1276 1628 1391 1671 mascu-

98 1712 161 1781 lini,
191 1711 327 1772 cancelli.
371 1713 402 1771 in
430 1729 541 1788 genere
570 1712 714 1771 feminino
742 1712 859 1770 numeri
887 1719 1000 1771 tantum
1027 1709 1163 1790 pluralis,
1193 1721 1226 1773 ut
1248 1710 1391 1773 kalendae

99 1812 246 1874 nundinae
268 1814 360 1875 leriae
369 1811 535 1893 ,quadrigae
550 1814 684 1893 nuptiae:
709 1813 806 1872 omnia
830 1813 884 1873 ista
908 1814 1025 1873 numeri
1039 1820 1107 1874 sunt
1128 1822 1241 1877 tantum
1256 1813 1389 1893 pluralis.

68 1930 87 1969 1⁵
98 1919 161 1977 item
189 1917 310 1994 generis
332 1918 429 1976 neutri
454 1918 570 1977 numeri
592 1922 704 1975 tantum
727 1913 865 1994 pluralis,
889 1933 970 1976 arma
993 1917 1110 1977 moenia
1133 1915 1259 1979 Floralia
1282 1917 1389 1978 Satur·

99 2018 186 2078 naba:
210 2020 266 2079 ista
289 2026 358 2079 sunt
379 2019 497 2078 numeri
519 2025 634 2078 tantum
657 2015 779 2097 pluralis
801 2018 832 2076 in
854 2035 964 2095 genere
987 2026 1104 2079 neutro.
1135 2018 1187 2079 sed
1207 2020 1285 2080 scire
1301 2017 1392 2079 debes

99 2120 173 2199 quod
207 2120 281 2181 haec
313 2121 379 2200 ipsa
411 2118 553 2181 defectiva
588 2128 766 2200 usurpantur
800 2117 968 2198 aliquando.
1014 2119 1141 2181 diximus
1171 2123 1251 2182 virus
1284 2138 1390 2182 aurum

99 2221 193 2283 oleum
218 2231 248 2283 et
270 2240 345 2302 quae
367 2221 403 2281 ad
426 2221 542 2302 pondus
563 2221 610 2283 vel
632 2221 667 2282 ad
691 2239 862 2282 mensuram
878 2223 1031 2299 pertinent
1047 2246 1065 2279 e
1087 2231 1278 2301 usurpantur.
1303 2221 1390 2284 mella

99 2332 268 2405 usurpatum
295 2332 355 2394 est,
384 2324 450 2385 olea
480 2332 651 2405 usurpatum
680 2332 724 2383 est
751 2331 781 2383 et
809 2331 917 2383 cetera.
962 2325 1034 2384 item
1063 2324 1100 2385 de
1129 2343 1256 2385 numero
1283 2323 1391 2404 plurali

67 2443 170 2506 acquae
199 2434 269 2488 sunt
296 2424 454 2507 aliquando
480 2432 662 2505 usurpantur
684 2425 721 2485 ad
743 2444 902 2486 numerum
924 2425 1119 2504 singularem,
1149 2444 1265 2507 mappa.
1291 2420 1295 2503 Ι
1319 2429 1389 2487 item

99 2527 161 2606 biga
185 2528 279 2589 babes
300 2536 476 2607 usurpatum
498 2528 534 2589 ad
558 2546 713 2590 numerum
736 2526 932 2606 singularem,
956 2534 988 2589 ut
1011 2535 1054 2589 est

246 2631 409 2691 rorifera
432 2630 595 2709 gelidum
618 2637 840 2692 tenuaverat
862 2647 946 2691 aera
968 2630 1060 2709 biga.

99 2736 149 2793 ista
171 2752 228 2813 per
251 2735 477 2812 usurpationem
500 2731 648 2794 dicuntur.

178 2834 310 2914 Regulas
337 2834 581 2895 declinandorum
609 2836 764 2895 nominum
793 2836 938 2896 novimus,
984 2834 1036 2896 sed
1058 2835 1176 2913 regulas
1199 2834 1389 2921 declinando-

69 2952 163 2997 arnm
185 2937 356 3007 nominum,
380 2936 409 2996 id
434 2947 478 2997 est
499 2956 588 3016 quem
611 2935 792 2997 admodum
816 2935 976 2998 debeamus
998 2936 1148 2999 declinare
1170 2939 1305 3007 nomina,
1329 2957 1390 2999 non

99 3038 132 3098 de
154 3037 263 3118 plurali
286 3040 467 3099 nominativo
490 3037 623 3117 colligis,
652 3038 706 3100 sed
734 3039 771 3099 de
793 3039 942 3117 singulari
964 3042 1160 3109 nominativo,
1188 3048 1217 3099 et
1238 3044 1390 3115 pluralem

99 3158 249 3202 numerum
278 3139 441 3201 declinabis
469 3141 505 3200 ad
536 3140 760 3202 similitudinem
782 3144 955 3203 nominativi
977 3140 1146 3220 singularis.
1191 3142 1296 3219 quodsi
1319 3161 1388 3204 con-

99 3247 181 3321 tingit
203 3251 236 3304 ut
257 3261 368 3304 nomen
391 3245 428 3304 sit
451 3250 563 3303 tautum
589 3246 706 3304 numeri
726 3242 864 3323 pluralis,
888 3243 1030 3323 numquid
1053 3252 1138 3323 potes
1161 3262 1306 3322 quaerere
1329 3248 1389 3306 sin-

99 3345 242 3422 gularem,
273 3347 324 3425 qui
354 3343 539 3414 nullus'est,
568 3354 600 3405 ut
627 3344 677 3405 det
705 3345 759 3406 tibi
789 3348 949 3417 rationem,
979 3364 1066 3425 qtrcm
1090 3346 1270 3407 admodum
1292 3349 1390 3426 possis

70 3447 236 3526 urolligere
260 3456 290 3508 et
312 3465 400 3527 quem
423 3446 459 3506 ad
482 3446 602 3507 modum
625 3447 773 3508 declines?
796 3446 901 3525 collige
918 3448 953 3508 ad
969 3448 1190 3509 similitudinem
1207 3450 1387 3519 nominativi,

100 3551 145 3629 qui
166 3550 367 3611 nominativus
395 3548 431 3610 de
459 3568 584 3611 numero
612 3547 756 3627 singulari
783 3551 912 3629 concipit
940 3550 1067 3627 regulas.
1113 3560 1183 3630 puta
1210 3550 1284 3611 baec
1306 3552 1389 3613 lllusa

100 3651 182 3712 buius
197 3652 307 3712 blasae.
337 3651 473 3711 siluerit
497 3658 525 3711 et
546 3649 617 3712 illud
640 3670 750 3711 nomen
774 3654 889 3712 numeri
912 3652 1076 3730 singularis,
1100 3653 1157 3713 iarn
1181 3653 1223 3712 sio
1246 3652 1386 3722 declinas,

101 3773 182 3833 quem
206 3753 243 3815 ad
265 3752 387 3814 modum
409 3754 505 3815 Musa:
535 3761 606 3832 puta
628 3753 770 3822 kalenda,
796 3751 875 3814 rides
898 3756 965 3833 quia
990 3756 1032 3814 sic
1055 3755 1129 3824 exit,
1154 3753 1306 3816 kalendae.
1349 3756 1387 3816 si-

272 3891 400 3898 ——-.

164 3978 321 4040 lquo'niam
340 3974 847 4038 neutriAGbquoniametneutriBac
900 3974 959 4025 bet
978 3977 1036 4041 ipsa
1048 3974 1120 4027 ABG
1171 3976 1390 4043 7pertlnentBC

164 4047 247 4097 neutri
267 4046 354 4097 ABG
371 4047 452 4095 neutri
472 4046 569 4094 numeri
586 4045 726 4111 singularis
745 4062 773 4105 α,
793 4046 841 4097 sed
857 4054 946 4111 postea
959 4046 1047 4098 deletis
1066 4063 1130 4111 qaae
1140 4046 1230 4151 pdclda
1249 4054 1323 4097 eram
1341 4061 1387 4096 nu·
1455 4098 1458 4103 ,

912 4133 916 4142 ·
1085 4124 1166 4153 tttrtttls'

102 4168 157 4217 merl
179 4166 318 4233 singularis
389 4166 595 4226 llouiritesom.
614 4167 700 4218 ABG
769 4166 810 4216 hie
828 4168 935 4231 quirites
952 4167 997 4217 sed
1016 4167 1050 4217 lrii
1069 4126 1173 4231 lplrrirites
1191 4168 1216 4217 Α
1287 4169 1318 4218 ll
1338 4168 1387 4219 ista

101 4254 142 4289 on.
158 4239 273 4300 A‚-add.
294 4254 311 4287 a
382 4238 413 4288 15
436 4238 575 4287 saturnalia
594 4237 677 4287 ΑΒΘ
700 4238 838 4287 saturnalia
857 4237 1003 4303 compitalia
1022 4234 1055 4286 a*
1127 4237 1159 4288 18
1182 4244 1335 4303 usurpantur
1352 4267 1384 4275 -

102 4316 178 4357 cetera
194 4312 219 4358 iu
234 4310 314 4358 litura
326 4309 413 4370 paullo
431 4309 552 4370 aarpliore
568 4310 666 4370 serapte
682 4307 758 4358 later
769 4324 793 4360 a.
814 4310 905 4358 lacrum
917 4324 989 4373 quam
1004 4308 1113 4358 indicaui
1125 4311 1161 4358 sic
1172 4308 1231 4371 sere
1246 4310 1386 4372 supplenda

102 4380 203 4441 addetur,
216 4394 280 4441 quae
298 4378 331 4427 ad
349 4378 450 4441 poardus
465 4377 503 4427 vel
519 4379 552 4427 ad
570 4389 714 4428 mensuram
729 4379 856 4443 pertinent
873 4380 971 4427 numeri
984 4393 1040 4427 esse
1056 4384 1153 4426 tantum
1173 4378 1321 4443 singularis.
1339 4379 1386 4429 sed

103 4457 178 4497 umen
197 4448 321 4511 quaedam
337 4464 369 4497 ex
388 4446 427 4495 his
446 4449 479 4497 ad
498 4463 629 4497 numerum
646 4448 771 4513 pluralem
794 4456 947 4513 usurpantur
1035 4447 1110 4497 melle
1133 4457 1281 4517 usurpatum
1305 4455 1386 4499 estet

104 4515 157 4565 lacit
174 4516 222 4566 mel
244 4517 301 4567 oles
320 4526 471 4581 usurpatum
491 4527 529 4567 est
552 4526 576 4566 et
594 4517 656 4567 lacit
674 4518 758 4567 oleum
775 4526 800 4567 et
818 4527 900 4567 cetera
917 4516 942 4565 B
1029 4519 1063 4568 22
1082 4516 1199 4583 rorifera]
1217 4519 1284 4569 Stat.
1308 4519 1384 4569 utet.

54 4586 58 4594 '
103 4586 171 4639 {338
239 4589 272 4637 24
291 4590 337 4637 sed
356 4584 469 4654 regulas]
487 4589 533 4637 sed
550 4588 722 4652 regulaeAG
790 4588 824 4638 ad
842 4587 939 4653 colligit
953 4585 1276 4654 (collegitCoollegi.A)
1295 4590 1384 4656 siugu-

105 4655 174 4706 larcm
192 4658 237 4708 sed
256 4658 287 4707 de
306 4658 430 4724 singulari
448 4659 603 4708 nominatiuo
623 4658 762 4707 declinabis
780 4658 865 4709 ΑΒΘ
934 4658 967 4706 ’28
986 4666 1068 4721 potest
1086 4657 1141 4708 ΑΘ
1209 4657 1384 4710 serationem

106 4742 145 4779 ou,
164 4726 198 4788 Α,
216 4729 276 4779 add.
297 4744 314 4779 a
384 4728 419 4778 30
437 4726 538 4794 collige]
559 4728 607 4777 bac
625 4729 682 4793 lege
700 4727 725 4777 B
742 4744 772 4777 ac
791 4731 849 4795 lege
868 4728 934 4778 Gad
954 4728 1011 4793 lege
1028 4728 1067 4793 (l)
1086 4744 1153 4778 corr.
1171 4726 1218 4777 bac
1237 4728 1293 4797 lege
1309 4730 1334 4779 Α

107 4794 133 4846 31
150 4799 190 4859 qui
210 4800 379 4849 nominatiuus
395 4799 476 4849 ABG
493 4801 553 4861 quia
569 4799 739 4849 nominatiuus
757 4794 791 4849 a*
860 4798 975 4866 regulam
992 4796 1017 4847 Α
