3350 5442
476 338 677 399 exerceri
699 336 901 399 conrsnsn
924 334 1038 396 o-n
1245 296 1248 301 ’
1341 330 1402 395 ear

441 493 445 504 p
1215 441 1376 495 emme

110 522 259 606 ἐκφέρω,
286 522 401 605 βάλλω
429 520 624 606 συμβάλλω,
647 521 738 587 πλέω
761 520 907 595 tanate,
931 520 1036 605 τρέχω
1059 520 1214 603 ἐκτρέχω.
1247 522 1325 602 apud
1347 522 1402 582 La-

111 630 192 689 tinos
214 628 301 688 ruodo
323 630 439 705 integra
461 636 646 708 permanent,
668 628 756 689 modo
771 635 1014 715 corrumpuntur,
1039 644 1127 685 curro
1149 643 1302 705 percurro,
1327 622 1403 683 vello

110 729 193 791 veliis
214 730 325 790 revello
346 730 474 799 revellis,
508 730 586 791 hello
608 730 699 792 hellas
721 729 834 791 rebello
855 730 992 799 rebellas,
1028 728 1112 788 traho
1134 727 1253 788 retraho
1280 725 1402 787 detraho

109 831 258 901 distraho,
291 851 370 912 pono
391 850 542 911 praepono
565 832 695 912 depono,
729 834 795 893 lero
817 832 920 893 delere
948 832 1101 910 praelero;
1132 833 1205 891 item
1226 830 1303 889 lacio
1333 846 1401 887 con·

80 936 177 995 alicio
198 936 315 1004 indcio,
338 953 441 1014 premo
463 937 617 1014 conprimo
639 936 788 1013 exprime,
813 936 938 995 aestimo
961 935 1113 1004 existimo;
1137 931 1317 1010 etamplius
1338 932 1402 1009 ipsa

106 1037 199 1096 etiam
226 1038 408 1116 praepositio
435 1036 522 1097 simul
544 1055 612 1098 curn
634 1033 728 1097 verbo
751 1044 896 1105 mutatur,
923 1037 1003 1095 lacio
1024 1037 1131 1105 ollicio,
1155 1035 1238 1112 rapio
1260 1034 1400 1111 corripio,

106 1138 174 1214 lego
196 1138 273 1216 eligo
295 1138 413 1217 colligo.
459 1139 537 1218 apud
559 1138 690 1199 Graecos
711 1139 949 1217 praepositiones
970 1136 1070 1197 verhis
1095 1136 1227 1197 adiectae
1249 1138 1403 1194 accentum

104 1240 268 1301 eorundem
283 1248 446 1310 reservant,
469 1236 591 1320 γράφω
609 1234 824 1321 καταγράφω,
846 1234 961 1318 βάλλω
977 1234 1174 1316 καταβάλλω
1197 1228 1401 1315 πέριβάλλω,

104 1337 200 1421 φέρω
221 1336 403 1422 περιφέρω,
427 1341 520 1403 καλώ
541 1341 734 1410 κατακαλῶ,
757 1336 879 1420 γλύφω
901 1333 1098 1420 άναγλύφω.
1127 1340 1224 1399 Latini
1245 1344 1400 1400 accentum

67 1458 96 1496 10
110 1445 142 1503 in
165 1444 232 1504 aliis
254 1452 381 1514 servant,
405 1446 436 1505 in
459 1444 525 1505 aliis
546 1450 671 1514 mutant,
694 1453 727 1504 ut
749 1461 838 1504 curro
860 1461 1032 1522 praecurro,
1056 1460 1133 1521 pono
1148 1458 1310 1521 praepono,
1333 1458 1399 1518 pre·

108 1545 207 1605 hendo
228 1546 427 1625 reprehendo,
450 1548 516 1606 lero
530 1547 644 1616 adiero,
667 1564 739 1624 gero
755 1548 869 1624 iugero,
893 1548 968 1607 lrico
984 1546 1102 1613 celrico,
1125 1545 1172 1603 vio
1193 1542 1288 1610 devio,
1312 1542 1400 1601 daho

108 1648 261 1719 contraho,
283 1648 350 1726 lego
372 1648 492 1726 colligo,
525 1666 629 1727 premo
651 1648 796 1727 deprimo.
816 1639 820 1644 ⁴
842 1648 919 1727 apud
942 1648 1090 1707 ltomanos
1111 1645 1190 1707 nulla
1217 1644 1400 1722 praepositio

107 1750 248 1813 adiuncta
277 1749 376 1811 verbis
404 1756 498 1811 mutat
526 1752 778 1829 conligationem,
813 1748 909 1811 clamo
937 1751 1046 1811 clamas
1078 1745 1210 1809 declamo
1243 1745 1399 1814 declamas,

107 1869 215 1911 moneo
246 1871 350 1913 niones
383 1870 555 1913 commoneo
582 1871 765 1922 commosse,
800 1870 867 1913 emo
895 1854 970 1913 emis
1004 1856 1106 1911 coemo
1132 1851 1262 1917 coensis,
1286 1847 1400 1907 dormio

66 1968 94 2006 15
107 1953 222 2013 dormis
248 1954 436 2034 praedormio
463 1954 658 2033 praedormis,
688 1954 809 2015 mordeo
831 1954 951 2015 mordes
980 1952 1176 2033 praemordeo
1198 1949 1398 2030 praemordeS,

106 2056 195 2117 mitto
215 2056 308 2116 mittis
329 2058 488 2135 praemitto
509 2059 686 2136 praemittis.
731 2064 762 2117 et
793 2056 975 2135 generaliter
1009 2056 1105 2117 omnia
1138 2072 1214 2134 quae
1247 2052 1399 2131 conposita

106 2165 179 2219 sunt
212 2158 336 2219 eandem
357 2176 446 2238 quam
468 2160 500 2219 in
523 2158 712 2238 simplicitate
735 2158 963 2222 declinationem
985 2158 1167 2225 custodiunt,
1197 2172 1301 2234 premo
1330 2169 1397 2232 pre·

106 2262 165 2320 mis
196 2262 332 2339 opprimo
354 2260 507 2339 opprimis,
531 2260 597 2337 lego
619 2260 695 2339 legis
717 2260 823 2338 colligo
846 2260 977 2339 colligis,
1007 2260 1045 2319 ho
1067 2260 1103 2319 hs
1125 2260 1166 2327 nt,
1191 2256 1314 2317 madefio
1336 2274 1397 2315 ma·

104 2362 181 2422 dells
201 2362 329 2429 madelit,
352 2360 455 2421 colelio
477 2360 577 2422 calehs
597 2362 701 2431 caletit,
724 2365 893 2442 expergeho
916 2362 1080 2441 expergehs
1103 2358 1273 2438 expergefit.
1307 2375 1397 2435 quae·

63 2465 184 2523 writer
206 2462 312 2523 dehis
334 2462 450 2524 duobus
472 2463 582 2533 verbis,
606 2466 709 2525 antero
732 2473 762 2524 et
783 2465 914 2542 aufugio,
938 2462 1016 2523 unde
1039 2461 1191 2540 conposita
1214 2460 1283 2519 sint.
1321 2476 1396 2537 quae

104 2565 211 2626 Cicero
233 2567 264 2625 in
297 2564 383 2626 libris
405 2564 442 2625 de
464 2572 582 2627 oratore
605 2584 640 2626 ex
663 2567 880 2646 praepositione
904 2564 941 2625 ah
963 2565 1115 2643 conposita
1143 2580 1209 2622 esse
1237 2561 1395 2629 existimat,

103 2676 135 2727 et
162 2669 231 2747 quia
259 2666 297 2733 ab
325 2675 392 2729 aute
422 2666 584 2729 llitteram
612 2668 719 2729 durum
741 2666 873 2737 sonabat,
903 2663 1026 2743 vcrjsam
1049 2672 1249 2743 mutatamque
1272 2679 1336 2721 esse
1359 2660 1396 2721 ah

102 2771 135 2829 in
158 2787 196 2829 au
218 2768 369 2848 syllabam,
392 2788 451 2849 quo
473 2788 527 2831 vox
550 2771 704 2831 sonantior-
724 2772 818 2830 tieret.
853 2770 908 2831 hoc
931 2766 1055 2837 Tullius,
1084 2766 1304 2847 potentissimus
1329 2762 1395 2824 lati·

102 2871 206 2933 nitatis
227 2871 371 2932 adsertor.
416 2871 467 2932 sed
490 2872 640 2951 plerisque
662 2872 773 2952 placuit
794 2890 831 2931 es
853 2890 960 2949 graeco
981 2867 1103 2950 μορίῳ,
1132 2850 1162 2928 id
1185 2874 1230 2927 est
1251 2865 1395 2945 particula

58 2986 88 3027 as
102 2960 159 3043 αὖ,
182 2973 256 3035 haec
277 2992 342 3035 esse
363 2975 518 3053 conposita
539 2974 576 3035 ad
598 2974 825 3035 similitudinem
848 2972 928 3034 illius
951 2964 1141 3051 ‘addendae
1167 2961 1229 3049 μὲν
1250 2966 1394 3048 πρῶια’,
1496 2986 1514 3009 ·

102 3083 133 3135 et
155 3074 227 3135 alihi
249 3068 410 3156 εἄβρομοι
431 3067 590 3154 αάίαχοι’,
614 3076 643 3135 id
667 3085 713 3136 est
733 3084 897 3137 retrorsum
918 3080 1081 3143 traxerunt,
1104 3074 1299 3133 reticuerunt.
1342 3070 1395 3149 qui

101 3175 272 3237 intellectus
286 3179 362 3237 etin
378 3178 499 3255 aufugio
520 3184 551 3237 et
571 3179 602 3238 in
624 3179 727 3238 aulero
749 3180 894 3256 congruit.
940 3176 1023 3238 addit
1046 3176 1093 3235 his
1114 3173 1251 3251 Nigidius
1273 3172 1394 3233 tertium
1408 3190 1492 3249 532¹,ss

102 3285 239 3347 autumo,
272 3296 339 3338 cum
362 3278 466 3341 credat
486 3277 560 3340 illud
581 3299 617 3340 ex
641 3280 746 3341 eadem
767 3282 989 3360 praepositione
1011 3286 1041 3339 et
1063 3279 1187 3339 aestimo
1213 3272 1305 3335 verbo
1327 3292 1393 3333 esse

101 3381 297 3458 conpositum,
321 3386 354 3439 ut
374 3381 414 3441 sit
435 3388 584 3460 tamquam
600 3380 771 3451 abaestimo,
795 3383 965 3461 dictumque
992 3380 1132 3441 intercise
1148 3384 1276 3445 autumo,
1299 3375 1391 3435 idem·

56 3497 85 3535 ao
100 3498 160 3560 qne
182 3482 350 3558 significare
378 3482 458 3561 quod
487 3484 626 3553 aestimo',
655 3486 733 3544 sicut
758 3484 922 3544 ahnumero
950 3483 1027 3544 idem
1056 3499 1121 3542 esse
1148 3478 1227 3560 quod
1256 3495 1391 3537 numero.

99 3582 180 3662 quod
207 3601 266 3644 non
294 3583 389 3644 solnm
410 3584 442 3645 id
464 3586 621 3661 significat,
653 3603 756 3645 rerum
778 3587 868 3645 etiam
891 3586 957 3645 dico
979 3601 1088 3645 censeo
1110 3582 1251 3641 adserere
1273 3580 1318 3640 vel
1340 3578 1390 3639 ad·

98 3685 197 3755 firmo,
219 3692 253 3746 ut
274 3684 352 3764 apud
374 3684 550 3747 Terentium
572 3687 624 3746 ‘et
645 3686 780 3747 deiude
802 3688 988 3747 iacturum
1011 3685 1203 3757 autumat'.

184 3785 264 3846 llaec
291 3795 442 3867 tamqnam
469 3789 637 3849 communia
658 3790 849 3867 praemisisse
877 3788 1019 3857 sulhciat;
1047 3803 1126 3849 nunc
1148 3785 1185 3845 ad
1207 3802 1241 3844 ea
1263 3802 1339 3863 quae
1359 3784 1389 3843 in
1408 3802 1465 3861 61‘2,
1475 3804 1508 3851 οι

98 3891 164 3968 ipsa
187 3887 386 3949 declinatione
408 3898 477 3951 sunt
499 3889 682 3950 observanda
703 3890 870 3951 redeamus.
900 3888 1068 3950 declinandi
1083 3894 1181 3949 autem
1196 3886 1280 3947 verhi
1296 3888 1391 3946 series

55 4009 115 4051 aaa
149 3991 243 4052 modis
276 4009 399 4052 necesse
432 3999 478 4053 est
504 3998 601 4052 sumat
628 3991 798 4053 exordium:
831 4012 900 4053 nam
928 3992 997 4053 hinc
1026 3991 1102 4071 apud
1130 3990 1259 4051 Graecos
1286 3988 1390 4049 modus

96 4090 245 4171 ἔγκλισις
266 4092 441 4173 appellatur,
464 4080 538 4155 οἷον
560 4088 599 4155 ἐν
620 4080 644 4175 ᾗ
664 4088 685 4173 ἡ
708 4094 828 4167 κλίσις.

100 4230 170 4238 —n-
177 4232 186 4237 -

167 4282 180 4329 1
194 4280 287 4331 πλεκω
300 4281 426 4331 centeno)
437 4296 525 4344 τρεκω
538 4296 659 4341 aromo
671 4280 697 4329 B
765 4284 780 4332 7
793 4280 850 4346 lego
864 4281 929 4347 eligo
943 4280 1033 4344 colligo
1046 4284 1105 4345 port
1118 4277 1235 4328 existimo
1247 4276 1346 4339 scripta
1363 4276 1389 4324 tu

97 4347 124 4397 B
140 4346 187 4396 duc
204 4348 397 4412 transponenda
414 4364 470 4428 eree
487 4350 550 4429 vidit
567 4350 652 4399 editor
673 4350 876 4401 Vindobonensis
944 4350 960 4399 9
976 4348 1068 4399 καλλι)
1084 4344 1253 4396 ιιαιακαλλω
1263 4342 1388 4424 'plevem

97 4412 1388 4549 trdw‘tttu..htwttth{tristitie“hahtlttll‘tlts‘lslatret.

95 4552 178 4601 Ιαααι
246 4552 279 4601 18
295 4551 393 4616 collego
411 4552 551 4614 collegisB
621 4556 652 4604 19
669 4554 807 4618 quaeritur]
826 4554 983 4608 uetr.xv3
1052 4554 1083 4601 21
1103 4552 1128 4600 in
1146 4550 1216 4599 libris
1230 4548 1261 4597 de
1274 4542 1384 4612 oratore]

95 4620 217 4677 oratdl,
231 4620 281 4673 1⁶8
349 4618 383 4669 23
400 4634 449 4684 quo
464 4620 677 4685 GelldoequodB
744 4624 778 4672 rt
795 4620 937 4688 μορέῳεά.
954 4621 1030 4672 Vinci.
1044 4621 1175 4670 orricorr.
1189 4616 1280 4667 morcio
1294 4616 1319 4665 B

124 4745 132 4765 ‚
161 4688 195 4737 25
212 4700 358 4750 αυεραοαα
374 4703 522 4753 perrepere
538 4688 579 4738 B:
597 4690 673 4743 Hom.
690 4689 723 4741 n.
740 4694 762 4741 A
778 4694 828 4742 iae
896 4691 929 4740 26
948 4678 1080 4756 ἄβρομοι]
1102 4688 1176 4738 Hom.
1194 4686 1227 4735 lt.
1246 4683 1276 4735 N
1286 4686 1318 4734 41

94 4754 221 4820 αοίαχοα
236 4758 326 4821 teptace
342 4759 530 4821 praemoneam
546 4758 653 4808 coniecit
664 4758 745 4810 lamis
812 4761 844 4811 at
862 4757 987 4823 significet
999 4756 1023 4805 B
1044 4810 1053 4825 ·
1092 4758 1124 4807 32
1141 4754 1211 4820 apud
1227 4749 1384 4823 Terentium]

95 4824 223 4874 Heauton.
243 4827 294 4873 tim.
312 4827 379 4889 prot.
393 4826 424 4876 19
493 4825 664 4891 δθηιοιςΒ
731 4824 836 4891 κλίσις]
855 4824 990 4893 αληοιςΒ
