3350 5442
623 414 860 479 communivit
1330 412 1390 478 131

1234 551 1239 564 .
1252 525 1329 565 rc-ra
1343 522 1366 564 s.

97 616 170 678 ergo
197 598 349 661 distinctio
376 602 540 680 corrumpit
565 602 638 662 istas
660 602 788 680 regulas.
832 604 904 663 item
926 602 1065 664 discretio
1087 610 1186 683 potest
1209 536 1308 683 [bausa
1331 602 1391 663 dis·

96 686 476 783 cretionis]'corrumperc
503 703 575 762 istas
602 702 735 781 regulas,
765 711 795 765 ut
822 705 900 784 pone‘
930 711 959 765 ct
985 709 1072 784 ponc.
1119 706 1143 765 si
1172 704 1282 766 dixeris
1303 704 1390 785 pone,

95 805 154 863 erit
186 804 383 883 praepositio;
421 804 446 863 si
477 802 590 864 dixeris
623 811 717 885 pone,
752 808 809 866 erit
843 805 963 867 verbum
992 808 1159 886 imperativi
1187 806 1277 866 modi.
1322 825 1392 867 ecce

92 913 220 987 propter
246 905 456 966 discretionem
485 917 682 988 corrumpunt
704 909 831 985 regulas.
877 926 968 986 quare
991 910 1203 987 corrumpunt?
1226 912 1294 987 quia
1317 908 1391 969 dixi·

69 1022 162 1068 omus
184 1005 297 1068 nullam
319 1014 435 1087 partem
451 1026 516 1068 esse
531 1010 687 1081 orationis,
711 1029 786 1089 quae
809 1012 840 1070 iu
864 1009 966 1071 ultima
989 1019 1074 1091 parte
1095 1009 1202 1070 babeat
1225 1018 1390 1080 accentum,

94 1117 123 1169 et
147 1110 316 1171 invenimus
339 1106 427 1179 duas,
451 1110 528 1191 pone
552 1118 582 1171 et
602 1115 690 1190 pone,
714 1116 785 1189 erge
808 1120 838 1172 et
861 1110 941 1189 c'rgo.
986 1092 1121 1173 sednon
1143 1111 1318 1174 naturaliter
1340 1111 1392 1173 ba·

92 1212 145 1273 bet
178 1210 229 1273 illa
262 1211 365 1272 ultima
399 1210 509 1291 syllaba
541 1221 712 1283 accentum,
741 1212 793 1275 sed
821 1219 944 1293 propter
972 1213 1191 1275 discretionem.
1236 1233 1303 1275 nam
1333 1232 1393 1292 quo

93 1314 184 1374 modo
207 1322 306 1394 potest
327 1314 391 1373 lieri
414 1320 445 1374 ut
467 1314 522 1374 ista
546 1312 647 1375 ultima
672 1312 784 1395 syllaba
805 1314 913 1376 babeat
935 1324 1105 1384 accentum,
1136 1334 1203 1377 cum
1231 1316 1394 1376 dixerimus

93 1418 124 1475 in
148 1416 253 1476 ultima
275 1413 386 1494 syllaba
402 1434 564 1494 numquam
580 1418 708 1478 inveniri
730 1436 816 1497 posse
840 1418 1015 1478 accentum?
1039 1436 1106 1479 nam
1129 1416 1247 1498 quando
1270 1418 1394 1478 dicimus

61 1518 175 1596 repone
199 1516 347 1599 [ultimam
370 1517 484 1579 babere
506 1516 691 1599 accentum],
715 1536 774 1579 non
797 1518 866 1580 ideo
889 1518 1032 1589 dicimus,
1057 1520 1125 1597 quia
1149 1522 1192 1580 sic
1214 1518 1304 1581 debet
1325 1519 1393 1589 dici,

94 1619 147 1679 sed
170 1627 205 1679 ut
226 1622 266 1680 sit
288 1620 438 1682 discretio.
484 1622 555 1680 item
578 1620 698 1697 quando
721 1621 848 1682 dicimus
872 1624 958 1698 crgd,
986 1639 1047 1681 non
1069 1621 1138 1682 ideo
1161 1621 1301 1692 dicimus,
1325 1624 1394 1700 quia

94 1722 137 1781 sic
160 1719 251 1781 debet
273 1720 345 1791 dicl,
369 1720 421 1781 sed
446 1729 479 1782 ut
499 1723 538 1783 sit
560 1720 709 1783 discretio.
746 1724 819 1783 item
842 1722 961 1802 quando
984 1722 1110 1784 dicimus
1133 1728 1219 1802 ergd,
1243 1741 1303 1783 non
1326 1723 1394 1783 idco

95 1822 237 1892 dicimus,
254 1824 323 1903 quia
344 1824 387 1883 sic.
410 1823 499 1884 debet
519 1823 593 1892 dici,
616 1824 668 1885 sed
692 1832 724 1885 ut
746 1826 784 1886 sit
806 1825 947 1887 discretio
969 1837 1092 1904 propter
1115 1825 1187 1903 e'rgo
1210 1826 1393 1886 coniunctio·

95 1943 165 1985 nem
189 1924 374 1985 rationalem.
419 1925 487 1986 idco
510 1927 540 1986 in
564 1924 667 1986 ultima
690 1925 800 2005 syllaba
822 1930 1016 1988 inveniuntur
1038 1935 1186 1988 accentus.
1227 1945 1298 2006 ergo
1319 1928 1394 1988 istae

62 2044 84 2082 15
95 2035 165 2087 sunt
194 2026 270 2087 duae
297 2034 398 2106 partes
424 2033 552 2097 tantum,
587 2045 662 2105 quae
693 2045 782 2090 causa
811 2028 999 2091 discretionis
1026 2038 1223 2110 corrumpunt
1248 2028 1392 2109 regulam.

96 2131 298 2209 pronuntiatio
327 2129 499 2208 irequenter
526 2132 707 2209 corrumpit,
735 2140 768 2191 ut
795 2139 864 2211 puta
888 2132 891 2215 l
916 2131 1031 2193 doctus.
1077 2150 1151 2210 quae
1173 2130 1284 2212 syllaba
1307 2130 1496 2204 habetabat

95 2232 271 2294 accentum?
306 2230 376 2301 doc,
406 2234 547 2309 qnoniam
573 2234 656 2312 prior
684 2232 795 2312 syllaba
823 2252 942 2313 semper
970 2232 1059 2294 babet
1081 2244 1246 2294 accentum.
1292 2234 1394 2295 ultima

95 2335 175 2394 enirn
199 2350 362 2410 numquam
383 2331 473 2394 babet
495 2342 544 2395 aut
565 2336 595 2394 in
619 2352 707 2395 versu
730 2342 780 2395 aut
801 2336 832 2395 in
855 2355 952 2416 prosa.
982 2335 1058 2397 adde
1081 2334 1123 2396 illi
1146 2337 1394 2404 coniunctionem,

97 2444 125 2495 et
146 2436 230 2496 vides
257 2436 397 2512 quoniam
426 2436 509 2514 prior
535 2433 645 2516 syllaba
669 2437 775 2516 perdet
797 2446 967 2508 accentum,
996 2446 1066 2519 puta
1090 2438 1271 2516 ‘doctusque
1293 2436 1394 2499 Palae-

63 2544 196 2599 romon’.
240 2542 299 2598 iarn
325 2539 430 2616 incipit
457 2556 516 2599 non
545 2539 575 2598 in
603 2538 660 2599 doc
690 2556 754 2599 esse
781 2547 936 2610 accentus,
966 2540 1018 2599 sed
1045 2542 1076 2600 in
1104 2548 1166 2609 tus;
1195 2558 1265 2601 ecce
1292 2539 1394 2600 ultima

7 2641 8 2698 ζ
97 2639 211 2719 syllaba
238 2636 361 2699 habebit
388 2648 553 2700 accentum.
599 2647 628 2700 et
651 2659 725 2721 quae
747 2648 817 2702 sunt
838 2650 939 2720 partes
961 2658 1042 2719 quae
1059 2638 1177 2702 additae
1200 2648 1396 2721 corrumpunt

7 2723 8 2740 ²
97 2741 234 2820 regulas?
257 2760 318 2801 nors
340 2742 420 2801 enim
442 2759 550 2802 omnes
569 2751 779 2822 corrumpunt,
802 2742 857 2803 sed
878 2750 947 2804 sunt
969 2751 1068 2823 partes
1090 2762 1166 2823 quae
1189 2744 1305 2805 additae
1328 2762 1394 2804 cor·

7 2871 8 2874 ¹
97 2853 251 2923 rumpunt.
297 2849 327 2903 et
353 2850 424 2903 sunt
449 2844 538 2904 istae:
573 2863 627 2914 ne,
657 2846 775 2924 quando
803 2854 848 2906 cst
870 2846 1053 2916 coniunctio,
1084 2864 1152 2907 ecce
1175 2845 1266 2907 babes
1288 2864 1394 2915 unam;

7 2933 8 2940 ἵ
96 2964 144 3014 re,
181 2962 250 3005 ecce
284 2942 377 3005 babes
405 2944 492 3014 duas;
521 2964 595 3025 que,
627 2964 696 3007 ecce
724 2946 818 3008 babes
846 2954 923 3013 tres:
951 2966 999 3018 ce,
1030 2966 1099 3008 ecce
1128 2948 1221 3009 babes
1244 2954 1394 3027 quattuor.

64 3050 169 3107 abrae
194 3052 264 3107 sont
286 3064 361 3126 quae
383 3056 579 3127 corrumpunt
600 3048 718 3126 regulas
740 3058 926 3110 accentuum.
958 3056 1027 3129 puta
1050 3050 1176 3129 primm,
1201 3049 1277 3110 addc
1293 3067 1396 3111 omnes
1485 3038 1488 3046 ’

97 3152 167 3211 istas
195 3159 310 3229 partes:
340 3150 507 3228 primbsue,
538 3168 608 3209 ecce
637 3168 697 3210 non
725 3149 847 3212 babebit
873 3153 932 3211 iarn
961 3160 1116 3212 accentum
1146 3153 1207 3231 pri,
1236 3152 1289 3213 sed
1317 3172 1393 3221 mus,

97 3270 167 3311 ecce
196 3252 376 3330 corrumpit;
406 3258 436 3311 et
463 3253 488 3312 si
514 3250 597 3312 dicas
623 3253 787 3331 primusve,
817 3270 887 3314 ecce
911 3256 1090 3333 corrumpit;
1121 3254 1310 3334 primusque,
1334 3256 1394 3334 pri·

98 3353 218 3420 musca,
243 3370 314 3413 ecce
336 3353 510 3432 corrumpit.
541 3353 594 3414 sed
617 3353 694 3414 iorte
716 3353 798 3415 dicas
820 3354 894 3414 mibi
916 3353 984 3414 ‘sed
1007 3356 1115 3436 positio
1138 3358 1310 3435 corrumpit,
1335 3375 1396 3417 non

99 3472 237 3515 accessus
250 3455 374 3514 istarum
391 3458 548 3533 partium'.
581 3458 668 3517 ctiam
691 3456 716 3516 si
738 3457 846 3535 positio
869 3475 929 3517 non
952 3455 1122 3525 accederet,
1147 3465 1246 3518 tamen
1261 3476 1396 3519 corrum-

67 3566 224 3636 operetur
246 3566 395 3618 accentus.
439 3566 509 3637 puta
530 3558 627 3628 Musa,
651 3576 701 3619 mu
722 3556 813 3618 habet
834 3566 1003 3627 accentum;
1032 3558 1107 3619 adde
1129 3557 1172 3618 illi
1194 3560 1263 3620 istas
1284 3568 1395 3639 partes,

99 3669 126 3721 et
141 3662 359 3740 corrumpitur,
381 3660 504 3721 Musaue
525 3660 643 3721 blusalve
665 3660 806 3737 Musaque
826 3661 959 3722 blusace:
985 3678 1054 3720 ecce
1074 3659 1124 3720 illa
1139 3678 1216 3741 qnae
1238 3670 1283 3721 cst
1297 3662 1396 3722 brevis

101 3761 202 3823 ultima
231 3763 295 3841 ipsa
323 3760 413 3822 babet
434 3769 599 3823 accentum.
643 3769 673 3823 et
695 3747 823 3823 diximus
844 3764 929 3841 quia,
953 3761 1072 3842 qnando
1094 3762 1275 3842 paenultima
1299 3763 1397 3824 brevis

98 3864 202 3933 luerit,
226 3873 299 3924 tunc
322 3868 407 3926 tertia
430 3883 447 3924 a
468 3866 527 3925 lme
550 3863 671 3925 babebit
692 3873 863 3933 accentum;
892 3872 921 3923 et
943 3871 1042 3925 tamen
1065 3882 1135 3925 ecce
1158 3874 1328 3945 corruptam
1350 3866 1395 3925 in·

100 3967 243 4026 venimus.
287 3982 359 4027 ecce
386 3966 483 4034 vides,
511 3968 543 4026 in
571 3973 714 4046 quantum
744 3964 861 4027 valeant
886 3966 959 4025 istae
981 3962 1166 4047 parlticulae,
1198 3970 1396 4044 inquantum

69 4070 214 4147 apossint
230 4073 280 4147 ut,
305 4069 393 4128 etiarn
416 4068 561 4129 brevissi
584 4070 636 4139 sit,
667 4068 697 4129 id
727 4075 772 4129 est
798 4066 908 4147 syllaba
932 4084 1008 4145 quae
1037 4068 1209 4131 naturaliter
1232 4068 1331 4129 brevis
1353 4076 1397 4129 cst

101 4177 224 4248 cogatur
245 4168 359 4230 babere
381 4178 551 4240 accentum,
575 4188 636 4231 non
658 4169 847 4239 naturaliter,
871 4170 923 4230 sed
947 4188 1035 4231 causa
1057 4172 1190 4231 istarum.
1235 4190 1303 4232 nam
1326 4190 1396 4232 ecce

102 4272 196 4342 blusa,
219 4270 271 4333 illa
293 4271 403 4352 syllaba
425 4290 501 4350 quae
515 4275 598 4352 prior
614 4282 659 4333 est
677 4274 741 4352 ipsa
757 4271 848 4332 babet
864 4279 1029 4333 accentum.
1059 4276 1083 4332 si
1100 4273 1262 4352 addasque
1286 4282 1336 4333 aut
1351 4290 1394 4343 vc,

103 4375 124 4433 si
146 4374 229 4435 dicas
243 4374 386 4463 llusaque
406 4374 541 4440 blusare,
565 4374 671 4435 ubiubi
692 4376 864 4451 contigerit,
888 4375 951 4454 ipsa
974 4378 1076 4435 ultimo
1099 4374 1189 4435 babet
1210 4382 1372 4436 accentum.

170 4581 185 4631 1
210 4580 278 4631 idem
299 4579 420 4630 discretio
437 4577 491 4629 Bc
510 4580 578 4629 idem
596 4580 710 4629 discritio
725 4595 742 4627 a
761 4579 829 4629 idem
847 4578 978 4629 distinctio
997 4578 1022 4627 A
1109 4578 1126 4629 9
1144 4580 1259 4629 inuenire
1277 4579 1330 4630 AG

107 4651 203 4711 qnando
222 4651 338 4701 dicemus
352 4650 378 4698 A
449 4647 482 4699 10
499 4664 549 4699 non
569 4650 628 4699 ideo
647 4648 761 4699 dicemus
775 4648 801 4698 A
873 4650 904 4700 ll
924 4649 1024 4712 qnando
1044 4648 1157 4699 dicemus
1176 4665 1238 4716 ergo
1255 4664 1305 4700 non
1323 4650 1394 4714 (ideo

107 4720 165 4769 add.
184 4716 231 4785 ὤ)
244 4720 360 4771 dicemus
379 4718 404 4769 A
475 4719 507 4771 13
526 4720 729 4769 coniunctionem
747 4720 823 4771 Bua
841 4720 994 4769 iunctiooem
1014 4718 1039 4767 A
1093 4720 1126 4770 14
1144 4716 1303 4786 rationalem]
1324 4734 1397 4771 susm

108 4789 186 4840 ABG
264 4790 430 4840 inueniuntur
448 4789 506 4839 AB
524 4790 654 4840 inuenitur
673 4788 717 4839 Oa
806 4790 838 4839 17
858 4791 906 4839 doc
924 4790 949 4839 B
967 4791 1000 4840 do
1020 4790 1072 4840 AO
1157 4790 1191 4839 32
1210 4790 1321 4841 diximus
1338 4792 1398 4855 quia

109 4861 205 4920 qnando
221 4860 296 4912 sua
315 4860 429 4909 diximus
450 4860 500 4909 iarn
516 4860 619 4924 qnando
638 4860 663 4909 A
716 4860 750 4911 35
767 4860 854 4909 breuis
872 4862 895 4909 si
912 4860 945 4909 sit
964 4860 991 4910 id
1004 4869 1043 4910 est
1056 4858 1148 4912 nna*
1166 4861 1259 4911 bren..
1279 4861 1306 4911 id
1321 4870 1359 4912 est
1374 4860 1397 4910 A

157 4928 190 4981 36
206 4939 314 4998 cogatur
326 4930 511 4981 Lindemanans
523 4932 624 4997 cogitur
637 4928 689 4979 AB
705 4930 846 4997 cogeturG
895 4928 931 4981 33
944 4930 987 4981 nbi
1004 4941 1028 4981 et
1041 4931 1117 4982 ubiO
1166 4932 1256 4981 ultime
1267 4946 1313 4982 oro.
1323 4930 1395 4981 ABG

1151 5014 1195 5079 9*
