3350 5442
616 357 852 440 conunurvu
1314 356 1378 424 era

535 515 538 520 .
1194 467 1353 521 owe-M

85 551 250 627 iunguntur
277 550 460 618 accusativo,
490 565 570 610 nrrnc
597 546 733 609 ablativo.
778 565 869 628 super
891 564 961 607 vero
984 553 1014 608 et
1034 545 1136 608 subter
1158 546 1246 610 hodie
1268 547 1380 610 debent

84 653 171 730 iungi
193 652 372 719 accusatum
403 650 480 730 apud
505 652 632 712 maiores
655 657 772 712 nostros
794 651 875 710 sarie
896 649 1077 720 invenimus,
1108 655 1138 711 et
1164 648 1289 727 legimus
1316 653 1378 712 sire

85 755 254 816 accusativo
281 755 341 814 sive
370 752 494 814 ablativo
522 755 651 813 iunctas:
690 761 719 813 et
746 751 834 812 bodie
868 753 894 812 si
921 752 963 811 vis
995 750 1095 811 dicere
1122 769 1213 830 super
1240 759 1320 814 tecto
1348 761 1379 814 et

84 873 178 936 super
201 862 325 925 tectum,
349 854 466 915 dabitur
489 853 542 915 tibi
564 853 695 915 facultas.
741 853 792 914 sed
815 871 876 915 non
898 852 1029 933 loqueris
1050 853 1212 914 secundum
1235 870 1377 933 praesen·

60 965 146 1018 atem
176 975 278 1025 usum,
306 956 357 1017 sod
385 956 549 1018 sectandum
578 956 742 1033 antiquum.
788 973 857 1016 nam
885 957 910 1015 si
939 956 1066 1016 maiores
1096 957 1191 1016 nostri
1220 957 1378 1019 utebantur

83 1077 165 1120 nunc
181 1060 362 1128 accusativo,
379 1077 457 1119 nunc
480 1056 615 1126 ablativo,
639 1058 681 1118 sic
705 1067 734 1118 et
756 1064 787 1117 tu
809 1056 903 1118 babes
925 1058 978 1117 uti.
1008 1073 1075 1117 nam
1099 1056 1190 1117 babes
1211 1058 1290 1137 apud
1306 1061 1377 1120 Ver-

82 1159 189 1239 gilium
217 1159 400 1240 exempium,
429 1161 548 1220 ‘terre
575 1160 676 1219 iuvat
704 1157 832 1220 subter
867 1157 981 1219 densa
1014 1158 1231 1220 testudine’.
1274 1161 1378 1223 subter

82 1261 266 1324 testudinem
294 1279 352 1322 non
381 1260 468 1332 dixit,
499 1260 550 1322 sed
574 1259 677 1322 subter
701 1259 857 1321 testudine.
900 1258 982 1321 vides
1003 1276 1076 1337 ergo
1098 1260 1169 1340 quid
1192 1260 1282 1323 habet
1303 1265 1378 1324 anti-

82 1367 189 1444 quitus.
235 1383 306 1424 usus
334 1381 475 1444 praesens
498 1363 554 1424 boc
577 1361 678 1433 trahet,
708 1369 740 1422 ut
762 1364 834 1422 istae
857 1362 1092 1441 praepositiones
1113 1365 1146 1422 in
1170 1371 1199 1423 et
1220 1363 1276 1425 srrb
1297 1366 1378 1425 varie

50 1475 250 1546 1⁰ponantur;
279 1465 347 1526 iilae
376 1483 446 1526 roro
473 1484 563 1544 super
591 1471 621 1526 et
647 1462 750 1525 subter
779 1465 946 1525 accusativo
971 1461 974 1541 i
998 1465 1175 1543 iunguntur,
1197 1467 1258 1526 sive
1281 1469 1378 1528 euntis

83 1569 146 1628 sive
169 1569 371 1648 permanentis
395 1565 522 1628 babeant
543 1567 797 1646 significationem.

171 1670 275 1732 Omnis
297 1671 475 1750 praepositio
505 1668 549 1751 [in
572 1668 627 1730 sub
649 1687 737 1748 super
761 1666 895 1748 subter],
925 1687 992 1728 cum
1022 1670 1172 1729 transierit
1197 1672 1229 1730 iu
1257 1669 1449 1737 alteriusteo,
1465 1681 1495 1728 te

82 1773 311 1852 praepositionis
334 1773 594 1850 significationem,
618 1772 646 1830 ei
668 1771 748 1833 casui
771 1771 916 1848 iungitur,
941 1771 989 1831 cui
1009 1771 1141 1849 iungitur
1162 1771 1211 1832 iila
1238 1773 1269 1832 in
1296 1775 1379 1834 cuius

82 1875 330 1952 significationem
353 1875 479 1934 transiit.
524 1880 594 1953 puta
618 1874 649 1932 in
673 1889 752 1932 nunc
774 1872 907 1950 iungitur
929 1874 1111 1942 accusativo,
1137 1891 1216 1934 nunc
1238 1872 1376 1935 ablativo.

50 1975 136 2036 esee
160 1977 186 2036 si
216 1982 345 2037 transeat
371 1977 401 2036 in
428 1976 672 2054 significationem
701 1974 873 2044 accersativi,
902 1972 946 2035 itti
972 1976 1118 2052 mugitum
1148 1975 1172 2035 si
1195 1983 1324 2037 transeat
1346 1979 1377 2036 in

83 2073 328 2154 significationem
358 2076 489 2147 ablativi,
519 2076 561 2136 iiii
589 2077 729 2154 iungitur.
777 2074 890 2156 [omnis
921 2074 1117 2157 praepositio]
1145 2077 1175 2136 in
1203 2076 1259 2138 sub
1286 2097 1378 2156 super

82 2180 183 2240 subter
205 2178 307 2239 ‹lieunt
329 2178 407 2258 qrrod
430 2177 584 2256 ambiguae
606 2184 675 2238 snm
696 2178 861 2238 secundum
883 2195 968 2238 usum
991 2180 1156 2256 antiquum.
1188 2186 1285 2240 tamen
1304 2197 1376 2258 quo-

82 2282 161 2342 tiens
188 2288 346 2341 transeunt
373 2282 402 2340 in
431 2299 515 2341 usum
546 2279 627 2340 verbi
656 2297 743 2340 causa
771 2281 1001 2359 praepositionis
1030 2298 1106 2360 quae
1134 2289 1178 2341 est
1199 2284 1374 2350 accrrsativa,

83 2399 206 2443 necesse
236 2381 324 2443 babet
351 2385 414 2462 ipsa
438 2380 611 2464 [dubitatio]
635 2399 699 2442 esse
722 2382 903 2446 accusativa.
932 2382 957 2441 si
979 2383 1118 2462 impsum
1142 2380 1299 2452 ablativae,
1324 2402 1376 2446 ne·

48 2495 168 2544 ecesse
191 2482 280 2544 babet
303 2485 415 2563 etipsa
439 2483 563 2546 ablativa
586 2502 660 2544 esse.
692 2491 763 2562 puta
787 2481 905 2562 quando
928 2482 993 2544 dieo
1016 2484 1065 2544 ‘in
1088 2482 1254 2544 adulterum
1263 2487 1283 2553 ⁹,
1305 2485 1375 2564 qnid

82 2585 169 2646 dicei
193 2585 241 2645 ‘in
263 2583 456 2654 adulterum',
486 2585 515 2645 id
538 2592 583 2646 est
606 2591 708 2646 contra
730 2583 911 2645 adulterum.
955 2592 1057 2645 contra
1081 2583 1175 2662 qualis
1196 2588 1376 2665 praepositio

83 2687 147 2748 est?
170 2687 344 2747 accusative.
384 2705 455 2764 ergo
477 2688 518 2747 ita
542 2694 570 2746 et
592 2693 623 2747 tu
645 2685 737 2748 babes
760 2688 884 2764 iungere
906 2704 972 2746 eam
994 2687 1161 2748 accusativo
1183 2688 1276 2755 casui,
1301 2707 1374 2767 quo·

83 2791 162 2850 niam
192 2805 316 2849 necesse
344 2787 434 2848 babet
462 2791 589 2850 transire
617 2789 647 2849 in
678 2787 760 2848 iilum
788 2807 902 2858 casum,
931 2789 980 2848 cui
1007 2789 1138 2865 iungitur
1165 2788 1214 2849 itta
1236 2790 1268 2849 in
1290 2792 1376 2851 ouius

81 2891 326 2969 significationem
350 2891 475 2950 transiit.
521 2889 612 2951 babes
644 2889 700 2950 boc
734 2890 903 2970 exemptum
937 2899 966 2950 ct
998 2889 1035 2949 de
1063 2888 1118 2950 alia
1145 2893 1374 2970 praepositione,

47 2993 214 3054 ts‘multa
244 3009 358 3072 super
386 2991 529 3052 Priamo
557 2993 754 3069 rogitaus'.
800 2992 870 3071 quid
900 3000 947 3052 est
973 2996 1079 3070 ‘super
1101 2991 1256 3053 Priamo'?
1278 2993 1309 3054 id
1332 3003 1377 3054 est

82 3093 118 3156 de
140 3095 268 3156 Priamo.
315 3093 351 3154 de
379 3092 472 3171 qualis
501 3101 546 3153 est
574 3095 772 3172 praepositio?
806 3093 941 3156 ablativa.
987 3110 1058 3172 ergo
1088 3101 1117 3154 et
1138 3113 1227 3174 super
1249 3093 1375 3156 ablativo

82 3197 163 3258 casui
189 3196 340 3258 cobaeret.
386 3213 456 3274 ergo
485 3196 548 3275 ipsa
576 3195 679 3274 regula
707 3205 752 3257 est
780 3196 817 3258 de
840 3199 906 3258 istis
928 3201 1066 3277 quattuor
1089 3196 1372 3276 praepositionibus:

81 3315 284 3378 ‹poaecumque
306 3299 484 3378 praepositio
507 3298 658 3360 transierit
680 3299 709 3358 in
726 3297 845 3359 alterius
868 3299 1096 3377 praepositionis
1117 3300 1372 3376 significationem,

83 3417 206 3461 necesse
234 3398 324 3460 babet
350 3398 392 3460 ilii
419 3401 498 3461 casui
526 3399 701 3470 cohaerere,
726 3401 773 3463 eui
797 3399 801 3480 i
825 3399 965 3462 cohaeret
991 3398 1040 3460 itta
1068 3402 1099 3460 in
1123 3402 1205 3461 cuius
1227 3402 1374 3479 signifiea-

46 3519 69 3558 ao
83 3503 194 3562 tionem
218 3503 350 3571 transiit,
374 3503 434 3562 sive
457 3503 487 3564 in
510 3503 549 3562 sit
569 3509 686 3572 contra,
710 3505 770 3564 sire
793 3503 944 3583 supersit
966 3501 1013 3561 de.

167 3603 250 3664 Scire
277 3603 418 3664 debemus
445 3603 524 3683 quod
552 3605 649 3666 omnis
681 3607 861 3685 praepositio
889 3613 940 3666 aut
965 3605 1028 3684 ipsa
1056 3607 1222 3685 corrumpit
1248 3605 1372 3667 verbum
1384 3620 1443 3681 442,
1458 3623 1491 3670 35

84 3704 127 3766 vei
151 3723 260 3766 nomen
284 3704 327 3765 rei
350 3705 491 3785 quidquid
513 3705 584 3766 iilud
609 3713 667 3776 est,
697 3707 725 3768 id
752 3715 796 3766 est
819 3706 864 3767 vet
886 3725 1104 3786 quamcumque
1124 3714 1241 3786 partem
1264 3710 1372 3768 oratio·

84 3807 142 3876 nis,
173 3817 222 3869 aut
252 3809 315 3886 ipsa
344 3808 558 3886 corrumpitur,
589 3815 639 3868 aut
666 3815 841 3886 utrumque,
875 3807 904 3868 id
933 3816 977 3869 est
1005 3817 1034 3868 et
1060 3811 1227 3887 corrumpit
1253 3811 1315 3888 ipsa
1344 3819 1374 3870 et

83 3911 305 3990 corrumpitur„
315 3911 377 3988 ipsa
394 3911 572 3988 corrumpit,
596 3912 621 3972 si
636 3909 716 3971 dicas
732 3911 871 3970 consmio:
895 3929 952 3971 con
973 3912 1152 3990 praepositio
1174 3919 1220 3971 est
1241 3913 1371 3988 integrm

50 4011 149 4070 saucio
172 4017 348 4090 corruptum
372 4018 430 4079 est;
456 4020 519 4073 erat
542 4014 619 4073 enim
642 4015 790 4090 integrum
812 4013 898 4073 facio.
944 4022 995 4074 aut
1016 4023 1098 4074 certe
1120 4015 1183 4093 ipsa
1206 4014 1372 4092 corrumpi·

85 4119 146 4180 tur,
168 4115 275 4173 attero:
304 4131 365 4174 aron
388 4111 527 4174 dicebant
554 4112 671 4183 adiero,
699 4114 751 4174 sed
774 4116 882 4183 aiiero;
907 4114 925 4175 d
947 4116 1064 4176 transiit
1085 4117 1116 4176 in
1139 4116 1165 4185 i,
1188 4115 1252 4175 iero
1275 4120 1372 4174 autom
1481 4125 1483 4128 ’

84 4215 229 4292 integrum
252 4213 374 4274 verbum
399 4225 456 4284 est;
481 4234 550 4276 ecce
572 4217 635 4295 ipsa
659 4223 797 4296 corrupta
820 4223 865 4276 est
884 4235 900 4276 a
916 4217 1016 4278 verbo·
1047 4224 1099 4277 aut
1113 4225 1272 4296 utrumque
1286 4215 1372 4276 simut

151 4369 166 4416 '2
184 4365 218 4435 et]
240 4375 268 4416 ut
283 4367 368 4418 Alto
425 4369 518 4418 bnam
537 4369 560 4420 si
579 4370 719 4419 maioresa
739 4385 796 4420 nam
815 4369 923 4418 maiores
941 4370 965 4418 A
986 4385 1035 4419 non
1052 4371 1073 4419 si
1090 4371 1198 4418 maiores
1218 4369 1242 4418 B
1260 4383 1316 4417 nam
1337 4371 1374 4420 sic

87 4437 516 4490 maioresbnonsicmoioresG
584 4439 683 4490 tierre
703 4440 773 4490 iubat
791 4439 856 4490 Ae:
882 4441 961 4505 Verp.
982 4442 1049 4493 Aen.
1068 4441 1139 4488 Vitii
1157 4441 1207 4491 514
1277 4440 1373 4490 bnide

86 4507 211 4572 irridete)
229 4521 291 4574 ergo
310 4509 378 4572 quod
396 4506 514 4558 habetA
585 4509 617 4560 12
636 4511 718 4560 ominis
736 4511 809 4560 nea
828 4511 955 4560 omnesA
1025 4509 1270 4560 transierintABG
1340 4509 1373 4560 la

86 4579 217 4627 accusativi
234 4603 267 4614 —
282 4577 494 4643 significationem
514 4593 560 4632 om,
580 4581 615 4638 A,
635 4581 696 4628 odd.
715 4597 732 4629 a
784 4581 805 4628 si
825 4597 871 4632 om.
886 4580 929 4628 Ca
985 4581 1016 4631 lt
1033 4595 1112 4645 snper
1129 4580 1216 4628 subter
1228 4594 1274 4632 om.
1290 4579 1373 4628 Alto

154 4647 185 4700 to
202 4649 225 4699 si
244 4649 270 4696 in
290 4663 338 4697 usu
356 4647 461 4700 abietini
472 4648 558 4699 ABG
610 4649 644 4698 22
659 4664 720 4716 ergo
739 4665 784 4702 om.
799 4651 833 4711 A,
847 4651 907 4699 add.
921 4665 939 4699 α
988 4649 1022 4700 23
1039 4647 1090 4715 eni]
1108 4665 1159 4712 qno
1173 4649 1245 4699 BGa
1265 4649 1331 4712 qrrod
1347 4649 1372 4697 A

154 4719 185 4767 ²4
200 4719 293 4767 transit
311 4717 366 4767 AB
457 4721 491 4769 ⁶25
503 4717 592 4786 muita]
614 4721 692 4784 Ver-p.
709 4720 774 4772 Aen.
792 4721 798 4768 Ι
813 4721 866 4771 ibt)
934 4719 969 4770 td
987 4717 1106 4784 ablativa]
1127 4718 1232 4769 abiatiui
1246 4719 1302 4768 AB

87 4783 223 4903 {transit
238 4786 323 4838 ABG
409 4787 443 4840 db
463 4792 631 4855 eormmpitur
656 4788 743 4840 adiero
764 4789 858 4854 (edero
877 4789 919 4841 A?
936 4805 1005 4842 corr·
1030 4788 1119 4839 adiero
1137 4789 1167 4854 a)
1185 4802 1235 4839 non
1254 4788 1372 4839 dicebaut

87 4870 101 4902 a
126 4869 163 4904 ero
180 4857 225 4907 sed
245 4857 333 4908 adiero
351 4858 403 4910 Ao
