3350 5442
667 397 737 458 1118
1308 400 1349 464 69

1153 509 1323 562 1111111161).

75 594 98 644 et
114 582 155 643 bic
175 581 265 644 salsus
289 584 359 645 iacit
377 588 382 660 Ι
403 593 432 645 et
453 584 523 647 huic
545 584 630 645 saiso
660 583 712 644 sed
733 584 874 646 articulus
896 605 1005 649 nonveu
1028 586 1113 658 iacit,
1137 589 1202 648 sine
1223 589 1347 650 articudo

74 685 235 747 adverbium.
272 721 302 730 -
345 687 445 748 iuter
476 686 693 749 adverbium
722 695 758 747 et
785 691 1108 760 coniunctionem,
1134 690 1448 769 [proiectosicaanu
1494 726 1498 737 .

74 787 300 866 intellegendum,
324 808 383 868 quo
399 789 486 851 modo
502 788 584 852 salso.
617 787 833 850 observandum
856 809 942 861 saue,
966 800 999 852 ut
1020 790 1190 854 nominibus
1212 792 1347 854 locurum

74 911 135 971 quae
154 889 289 951 adverbia
311 891 424 952 iaciunt
445 893 625 972 praepositio
641 909 801 970 numquam
817 895 969 972 iungatur,
994 901 1027 954 ut
1041 894 1152 954 Romae
1173 896 1224 964 dui,
1249 895 1347 956 Cirtae

55 993 168 1063 vaudivi,
191 993 290 1053 Vticae
312 1002 445 1054 moratus
468 1013 543 1055 sum.
588 993 692 1054 domus
715 1012 785 1054 vero
808 1001 838 1054 et
858 1013 910 1056 rus
932 1003 1003 1056 tuuc
1025 996 1174 1076 accipiunt
1194 999 1346 1076 praeposi·

74 1097 181 1163 tionem,
197 1092 316 1174 quaudo
332 1102 362 1154 ct
375 1113 552 1174 pronomen,
575 1103 607 1157 ut
629 1093 683 1156 ‘ad
706 1095 827 1157 domurn
851 1115 948 1158 meam
961 1095 976 1180 Η
990 1097 1090 1160 vado’.
1125 1100 1150 1159 si
1174 1108 1255 1159 caret
1276 1118 1345 1178 pro-

73 1197 188 1265 nomine,
217 1205 299 1258 caret
325 1204 355 1255 et
381 1199 616 1277 praepositione,
646 1205 678 1258 ut
698 1196 835 1258 ‘domum
859 1197 967 1279 vado’]
996 1207 1033 1260 ut
1061 1199 1220 1281 qu'audo;
1244 1202 1345 1260 iuter

73 1297 284 1358 adverbium:
308 1298 364 1358 ‘ut
385 1307 436 1368 tc,
461 1287 672 1360 fortissime
688 1299 900 1372 Teucrum',
916 1301 1088 1388 adverbium
1111 1310 1155 1362 est
1177 1309 1223 1372 ut,
1247 1301 1276 1361 id
1291 1311 1345 1362 ‘est

72 1399 299 1479 quemadmodum
322 1401 481 1482 quomodo.
507 1435 541 1446 -
568 1404 610 1462 Vt
636 1409 810 1481 propter;
839 1403 940 1464 inter
961 1403 1192 1464 adverbium:
1220 1410 1344 1483 propter

44 1519 61 1556 o
73 1501 224 1563 adverbium
254 1510 312 1573 est,
344 1512 375 1564 ut
404 1507 540 1583 ‘propter
569 1510 597 1564 te
625 1505 726 1572 vcni’;
756 1505 951 1583 praepositio,
981 1513 1015 1566 ut
1036 1507 1208 1586 ‘propter
1230 1522 1344 1586 aquae

72 1607 200 1674 rivum’,
228 1605 286 1665 boo
309 1613 355 1666 est
376 1607 455 1666 iuxta
484 1604 622 1685 [propter
645 1613 689 1666 cst
710 1604 905 1688 praepositio]
929 1635 949 1670 a
980 1614 1025 1668 est
1048 1613 1132 1668 ‘ante
1154 1605 1270 1667 audivi'
1293 1606 1344 1668 ad·

72 1705 196 1766 verbium.
223 1741 257 1750 -
283 1707 611 1776 Interiectionem,
636 1717 673 1768 ut
695 1707 780 1767 beu:
803 1707 859 1769 beu
882 1711 1038 1788 responsio
1064 1716 1069 1785 Ι
1089 1707 1259 1770 adverbium
1282 1717 1373 1777 est;re
1452 1755 1455 1767 .

71 1807 173 1886 quando
194 1809 416 1885 ingemiscentis
439 1816 497 1878 est,
526 1811 693 1870 interiectio
723 1817 775 1870 est.
801 1845 837 1854 -
863 1811 1011 1872 Horum:
1035 1813 1085 1890 qui
1107 1810 1186 1872 unde
1208 1812 1233 1871 si
1255 1812 1306 1890 qui
1328 1829 1345 1870 a
1380 1871 1385 1881 ,

71 1912 127 1988 quis
147 1911 262 1971 veniens
284 1909 358 1971 iocis
380 1913 440 1991 qui.
477 1945 511 1955 -
548 1912 639 1973 Sunt
666 1911 843 1972 adverbia
871 1911 958 1981 doci,
983 1931 1074 1993 quae
1095 1854 1444 2055 inprudentem]

44 2019 186 2091 reputant
206 2013 369 2082 nomina,
394 2019 432 2074 ut
454 2012 588 2073 Romae
611 2031 702 2082 sum;
726 2013 769 2074 de
791 2012 887 2074 loeo:
911 2013 949 2074 de
969 2014 1018 2076 bis
1033 2014 1180 2076 adverbiis
1203 2012 1346 2074 localibus

70 2115 221 2174 inminere
244 2121 328 2192 parte
350 2113 466 2195 plenius
487 2113 676 2175 subnotatum
701 2121 755 2174 est.
785 2116 907 2175 nomina
929 2117 1088 2178 civitatium
1112 2133 1271 2194 numquam
1294 2113 1344 2174 ad·

72 2219 176 2276 mittunt
201 2217 461 2294 praepositionem.
507 2235 574 2278 nam
598 2235 631 2277 ea
660 2218 757 2277 omnia
781 2216 945 2278 secundum
967 2219 1163 2278 accusativum
1187 2218 1344 2296 septimum

71 2329 95 2378 et
119 2317 240 2377 dativum
270 2315 414 2378 debemus
440 2318 577 2396 proferre
600 2316 707 2379 autad
730 2317 828 2379 locum
851 2325 900 2379 aut
923 2319 959 2378 de
982 2318 1048 2379 locu
1071 2320 1173 2379 autin
1203 2317 1284 2388 loeo,
1314 2325 1346 2378 ut

72 2429 130 2498 puta
151 2420 368 2481 ‘beneventum
393 2418 483 2478 vado'
507 2438 567 2480 non
590 2427 648 2480 tarn
671 2397 842 2481 numen'est
863 2422 989 2481 civitatis
1004 2440 1091 2500 quam
1115 2419 1286 2481 adverbium
1309 2417 1346 2479 ad

42 2521 169 2580 veiorum:
192 2528 316 2600 excepto
339 2519 387 2581 idda
410 2522 529 2582 nomina
552 2539 626 2601 quae
650 2539 683 2582 us
706 2529 736 2582 et
757 2541 806 2582 uin
830 2529 947 2591 exeunt,
971 2530 1005 2583 ut
1019 2506 1106 2583 belus
1121 2522 1220 2583 Naxus
1234 2520 1346 2581 'daren-

72 2635 133 2682 tum.
152 2623 262 2684 -His
284 2624 521 2703 praepositio
545 2643 615 2684 non
638 2625 893 2702 anteponitur,
910 2643 1002 2703 quae
1023 2623 1229 2703 provinciis
1250 2621 1389 2683 docistt

71 2723 323 2801 regionibusve
350 2724 446 2785 adici
479 2723 576 2785 sodet
613 2724 681 2802 (tus,
711 2725 878 2787 civitatibus
907 2725 1032 2796 scilicet,
1062 2723 1235 2803 regionibus
1268 2726 1347 2784 enim

70 2845 175 2905 semper
197 2827 382 2906 apponimus.
414 2828 584 2906 provinciae
607 2828 685 2886 enim
710 2845 768 2887 non
791 2835 916 2905 possunt
937 2827 1077 2889 adverbia
1099 2828 1275 2906 significare.
1311 2825 1347 2886 de

70 2929 155 2988 ‚idrica
177 2929 275 2989 venio:
299 2929 397 2990 Africa
420 2947 527 2989 nomen
551 2936 610 2998 est,
636 2930 641 3002 Ι
666 2947 725 2989 non
754 2929 940 2999 adverbium,
970 2929 1145 3007 significatio
1167 2947 1215 2988 me
1237 2929 1347 2998 venire,

41 3030 114 3089 asad
141 3029 174 3090 de
201 3031 262 3110 ipsa
292 3033 351 3108 re),
380 3032 462 3107 quia
492 3029 534 3090 de
561 3031 847 3108 significatione
876 3032 1037 3092 nominis
1059 3049 1129 3091 non
1152 3027 1347 3098 recedunt,

70 3140 102 3191 ut
127 3130 166 3191 de
187 3133 308 3193 Africa
337 3132 457 3201 venio,
487 3132 528 3193 ad
552 3130 717 3193 Siciliam
746 3149 873 3211 pergo:
897 3132 965 3193 ideo
988 3151 1046 3193 non
1070 3129 1348 3224 transeunt—inad-

70 3234 171 3302 verbia,
221 3235 268 3294 uia
319 3253 334 3294 r
373 3235 380 3247 ‘
422 3235 467 3302 'e
495 3232 532 3294 dc
559 3235 772 3312 significatione
795 3211 1018 3295 nominisiton'
1038 3219 1193 3296 recedunt.
1232 3267 1266 3277 -
1307 3235 1378 3296 Vta

70 3333 166 3414 pone:
190 3342 235 3404 ut,
259 3335 288 3395 id
315 3344 361 3396 est
383 3335 646 3414 quemadmodum,
672 3337 894 3397 circumderunt
920 3335 1010 3397 habet
1032 3343 1202 3423 accentum,
1226 3343 1258 3395 ut
1280 3353 1350 3395 con·

71 3439 171 3498 irmcfio
192 3446 320 3498 acutum.
351 3439 393 3497 sic
417 3447 447 3498 et
467 3455 555 3517 pone,
580 3439 605 3498 si
626 3443 709 3499 retro
732 3439 890 3515 significat,
914 3439 1151 3507 circumflexum
1174 3437 1199 3496 si
1217 3436 1349 3506 verbum,

44 3549 185 3600 aacutum.
229 3558 267 3600 ue
289 3539 512 3600 circumflexum
534 3538 705 3600 adverbium
729 3545 787 3606 est;
812 3557 850 3599 ne
872 3547 957 3600 acuto
980 3538 1096 3618 quando
1119 3539 1253 3608 dicimus,
1279 3557 1348 3599 con-

71 3645 170 3702 iunctio
186 3650 237 3703 est
274 3660 366 3703 sensu
384 3659 453 3702 vero
470 3641 664 3702 discernimus
679 3649 746 3702 ante
762 3651 792 3700 et
807 3649 915 3702 cetera.
935 3675 970 3686 -
991 3641 1229 3721 Praepositio
1245 3659 1350 3719 sepa·
1365 3658 1396 3705 13

72 3747 167 3804 ratim
188 3741 393 3804 adverbiis:
417 3742 565 3804 adverbiis
580 3743 814 3823 praepositiones
828 3751 931 3822 putant
948 3741 1035 3821 aliqui
1059 3745 1180 3802 omnino
1202 3741 1269 3803 addi
1292 3759 1350 3802 uon

72 3853 212 3923 oportere,
234 3863 301 3905 uum
325 3844 474 3905 interdum
489 3852 611 3924 propter
627 3863 716 3906 sonos
730 3846 810 3923 iungi
827 3863 949 3906 necesse
964 3846 1016 3915 sit,
1039 3853 1072 3905 ut
1086 3845 1163 3924 apud
1178 3845 1351 3905 Terentium

130 4067 191 4120 con.
212 4065 291 4118 Ber-rr.
314 4061 502 4118 X112*—3*.
572 4063 699 4132 veterae]
720 4067 803 4116 circae
874 4057 931 4115 iet
950 4068 1161 4130 praepositionem
1225 4065 1350 4114 interad-

74 4138 176 4187 urrbium
194 4135 409 4200 quemadmodum
426 4145 454 4186 ut
472 4145 496 4185 te
560 4137 591 4187 11
611 4132 686 4202 quae]
703 4151 819 4200 quaeque
883 4137 914 4186 15
929 4135 1049 4185 aduerbis
1112 4136 1144 4185 18
1165 4133 1202 4200 ut]
1225 4142 1350 4185 avrteorr.

75 4219 94 4254 uv
158 4207 479 4268 iOeiuitatumqnantum
498 4205 646 4256 aduerbium
718 4206 752 4256 20
770 4217 864 4256 exeunt
882 4210 907 4254 iu
925 4207 998 4255 dctus
1018 4221 1099 4256 nexus
1168 4205 1351 4270 221131131οηί-

74 4277 153 4326 boseus
171 4275 239 4326 adiri
293 4275 548 4330 iicetcomcidieet
599 4277 632 4326 23
651 4277 885 4340 semperponimus
937 4275 1123 4326 eundemne
1174 4275 1353 4340 ’27111111ςηί-

75 4345 201 4396 nationem
272 4345 307 4396 28
326 4345 417 4396 babeat
474 4345 507 4396 32
526 4346 623 4410 aliquid
682 4345 715 4398 33
734 4347 787 4411 iugi
807 4345 916 4394 necessit
935 4356 961 4393 ut
978 4356 1039 4413 aput
1057 4363 1124 4398 corr.
1144 4349 1260 4399 red-arun,
1282 4345 1353 4410 iungi

76 4431 162 4467 amesae
181 4417 217 4466 ait
234 4427 259 4465 ut
276 4417 347 4483 apud

130 4607 191 4658 Sut
209 4604 244 4673 te]
269 4609 351 4670 γαρ.
370 4606 435 4657 Aen.
457 4604 514 4653 Vidi
538 4603 586 4655 154
639 4602 672 4654 10
691 4614 793 4670 propter
811 4605 883 4653 sedet
900 4611 959 4652 ente
976 4602 1044 4650 veuit
1061 4602 1131 4663 infra
1147 4617 1174 4664 p,
1196 4602 1239 4662 78,
1258 4603 1290 4652 21

77 4689 164 4740 propter
181 4674 274 4743 aquae]
300 4677 380 4740 Verp.
398 4674 476 4726 tueor.
495 4673 526 4731 8,
542 4674 576 4726 87
667 4674 697 4724 13
720 4675 763 4735 qui
784 4675 851 4723 uude
869 4681 918 4725 ete.
936 4673 972 4722 nd
983 4672 1180 4722 obseruationem
1196 4673 1228 4722 de
1248 4672 1291 4735 qni
1309 4671 1354 4718 nd-

78 4747 145 4796 vrrdv'o
163 4763 180 4796 u
195 4749 341 4810 pronomine
357 4745 535 4807 discernendo,
554 4745 586 4794 de
603 4759 651 4809 quo
669 4759 749 4808 supra
765 4758 792 4806 p.
808 4743 851 4803 68,
870 4743 904 4793 31
923 4743 1011 4792 dictum
1030 4750 1078 4803 est,
1095 4743 1223 4804 pertinere
1239 4742 1354 4792 videntur

135 4816 165 4868 18
183 4817 209 4865 iu
224 4817 321 4866 rniirore
340 4825 394 4864 erte
411 4813 541 4864 Putaedioa
611 4816 645 4865 20
661 4815 775 4879 exceptis
793 4815 845 4863 ittis
867 4811 1012 4862 nominibus
1031 4811 1164 4862 Pntscdv'ua
1233 4811 1267 4862 33
1285 4811 1353 4876 apud

78 4883 221 4952 Terentium]
241 4887 325 4938 Andr.
346 4885 354 4932 1
377 4885 401 4950 1,
419 4888 453 4935 ’12
