3350 5442
582 332 654 400 aas
682 328 722 400 nt
744 333 860 402 e-1c
1306 324 1370 402 425

103 454 127 499 p.
141 439 273 487 ilotooP.
1186 446 1344 501 pibbt'tl.

77 528 203 587 coontis.
247 532 278 586 et
304 527 438 604 quaein
465 545 502 599 ος
528 526 689 604 genitivum
716 529 853 598 mittunt,
884 528 1063 608 paenultima
1086 525 1198 608 syllaba
1220 546 1238 587 o
1260 527 1369 608 produ·

78 634 160 689 ctam
182 627 294 689 habent
314 628 345 687 iu
367 626 494 707 obliquis
520 628 653 700 casibus;
682 648 758 709 quae
780 622 812 690 in
834 649 905 703 τος,
934 636 1119 710 correptam,
1143 630 1274 707 exceptis
1296 628 1368 689 duo·

76 730 148 800 bus,
170 749 246 809 quae
267 730 299 789 in
321 748 358 801 ος
378 730 540 807 genitivum
567 731 695 792 elierunt
723 739 754 793 et
775 752 793 793 o
816 731 999 813 corripiunt,
1027 732 1165 793 Memnon
1191 730 1364 801 Memnonis,

77 833 280 909 Agamemnon
308 831 545 909 Agamemnonis.
588 832 619 893 in
648 852 685 893 an
713 835 869 896 masculini
902 835 1021 913 generis
1049 834 1167 895 nomina
1195 833 1369 902 desinentia,

49 944 115 993 ⁵ea
146 952 264 1014 quoque
299 934 404 994 tertiae
431 940 501 994 sunt
530 933 749 1005 declinationis,
783 944 817 996 ut
843 936 891 996 bic
919 936 1005 997 Titan
1032 936 1159 1005 Titanis,
1195 935 1243 995 hic
1276 952 1370 1015 paean

76 1037 212 1115 paeanis.
256 1036 362 1095 horum
384 1037 581 1096 accusativum
604 1042 664 1096 tam
686 1040 804 1097 numeri
830 1038 1002 1115 singularis.
1010 1055 1099 1117 quarn
1119 1036 1242 1116 pluralis
1263 1054 1369 1097 secun·

68 1138 151 1199 -dum
173 1138 302 1199 Graecos
332 1138 535 1217 proferemus,
565 1144 597 1196 ut
623 1137 702 1198 hunc
731 1138 835 1200 Titana
858 1158 984 1219 paeana,
1014 1138 1068 1199 hos
1090 1138 1210 1199 Titanas
1231 1156 1369 1217 paeanas.

78 1259 172 1300 unum
194 1241 284 1300 etiarn
304 1240 467 1317 genitivum
488 1239 669 1317 singularem
687 1239 699 1321 ll
716 1250 840 1321 propter
855 1241 1052 1301 differentiam
1074 1242 1106 1301 in
1128 1260 1160 1301 os
1182 1241 1264 1301 iuxta
1286 1258 1370 1319 grae·

77 1362 145 1403 carn
168 1341 395 1402 declinationem
416 1342 521 1411 mittit,
544 1341 592 1401 hic
614 1341 677 1403 Pan
698 1343 811 1413 Panos,
836 1352 868 1404 ut
883 1343 1030 1421 Vergilius
1051 1343 1186 1404 ‘Panos
1208 1342 1248 1402 de
1271 1360 1370 1403 more

38 1444 244 1524 ¹⁰Lycaei'.
288 1444 319 1503 in
346 1445 377 1504 iu
404 1443 558 1505 masculini
585 1445 705 1521 generis
734 1454 844 1507 exeunt
872 1445 1005 1507 eiusdem
1027 1444 1245 1515 declinationis,
1269 1451 1303 1504 ut
1323 1444 1372 1505 hic

77 1546 201 1626 delphin
224 1545 385 1625 delphinis,
414 1545 536 1606 Telchin
564 1545 725 1607 Telchinis.
764 1548 963 1608 accusativum
991 1548 1146 1625 utriusque
1169 1548 1288 1607 numeri
1310 1544 1371 1606 del·

77 1648 171 1727 phina
192 1655 223 1708 et
244 1647 401 1717 Telchina,
424 1646 578 1727 delphinas
601 1655 631 1707 et
653 1648 825 1722 Telchinas,
855 1650 932 1711 sicut
954 1648 1074 1717 Graeci,
1100 1648 1297 1728 proferemus.
1341 1647 1372 1706 in

77 1770 113 1810 os
135 1749 311 1829 productam
339 1750 456 1827 generis
484 1749 624 1811 desinunt
645 1750 798 1811 masculini
826 1752 907 1811 tertii
929 1750 1055 1820 ordinis,
1087 1757 1118 1810 ut
1139 1749 1234 1810 blinos
1255 1748 1370 1819 Minois,

76 1852 171 1913 heros
192 1852 307 1921 herois,
331 1850 407 1911 'lros
428 1851 524 1912 Trois.
550 1848 554 1930 Ι

39 1962 64 2001 1⁵
167 1954 296 2014 hlinita
318 1971 425 2032 graeca
447 1955 547 2015 neutri
571 1961 640 2014 sunt
661 1956 782 2031 generis
803 1956 911 2017 omnia.
945 1954 981 2016 de
1004 1954 1203 2015 declinatione
1224 1954 1305 2015 nulla
1328 1959 1374 2013 est

77 2055 274 2133 ambiguitas:
307 2074 374 2115 nam
403 2055 537 2117 eiusdem
565 2062 634 2117 sunt
655 2057 785 2129 ordinis,
809 2064 842 2117 ut
862 2075 968 2137 poema
989 2058 1148 2136 poematis,
1171 2062 1306 2116 toreuma
1327 2062 1372 2115 to·

77 2159 239 2227 reumatis,
263 2156 409 2218 emblema
432 2156 629 2220 emblematis.
673 2177 748 2237 quae
771 2162 906 2239 quamvis
934 2160 1038 2219 tertiae
1062 2166 1131 2219 sunt
1152 2156 1371 2227 declinationis,

77 2260 214 2321 dativum
242 2267 272 2319 et
298 2258 457 2320 ablativum
484 2260 629 2340 pluralem
657 2278 717 2321 non
744 2262 777 2322 in
804 2260 876 2332 hus,
904 2260 956 2321 sed
983 2262 1014 2321 in
1043 2262 1069 2321 is
1091 2261 1227 2329 mittunt,
1256 2260 1373 2319 ratione

76 2364 236 2423 nominum
258 2362 406 2423 secundae
429 2362 652 2424 declinationis:
681 2380 751 2423 nam
771 2362 820 2423 his
842 2364 987 2443 poematis
1009 2369 1040 2423 et
1061 2361 1246 2428 emblematis
1268 2359 1370 2421 dicen·

39 2470 66 2513 ²⁰
79 2466 154 2527 dum
177 2472 231 2525 est.

166 2566 201 2627 ln
222 2584 259 2628 ax
280 2566 326 2626 vel
347 2568 379 2628 in
402 2568 433 2627 ix
454 2566 611 2627 masculini
633 2568 755 2643 generis
784 2568 903 2628 nomina
930 2565 1070 2627 desinunt
1098 2574 1128 2625 et
1154 2566 1318 2643 genitivum
1344 2566 1373 2625 is

77 2668 194 2751 syllaba
216 2670 338 2739 finiunt,
362 2676 395 2729 ut
417 2668 522 2729 thorax
544 2669 685 2737 thoracis,
709 2686 798 2730 corax
819 2670 950 2738 coracis,
973 2667 1107 2729 Phoenix
1129 2665 1298 2727 Phoenicis.
1343 2673 1374 2726 et

77 2791 159 2852 quae
181 2773 213 2832 in
235 2771 309 2831 duas
331 2770 471 2832 desinunt
493 2779 706 2838 consonantes,
722 2772 831 2831 tertiae
848 2770 1039 2846 declinationi
1062 2767 1201 2830 s'militer
1224 2767 1373 2848 applican-

79 2884 146 2943 tur,
170 2879 204 2933 ut
224 2872 274 2933 bic
297 2872 420 2953 Cyclops
442 2872 592 2952 Cyclopis,
617 2872 740 2951 chalybs
762 2871 905 2953 chalybis.

40 2986 66 3025 ²⁵
169 2976 311 3036 Vniversa
333 2976 452 3036 nomina
475 2992 598 3053 graeca,
628 2977 842 3054 cuiuscumque
870 2976 932 3035 sint
953 2975 1088 3052 generis,
1110 2974 1275 3052 genitivum
1297 2972 1375 3053 apud

78 3078 148 3139 illos
170 3079 203 3137 in
224 3077 278 3139 has
299 3076 427 3157 syllabas
448 3079 585 3147 mittunt,
609 3078 640 3137 in
662 3097 715 3157 ης,
743 3083 777 3138 ut
798 3074 909 3157 Κίρκη
932 3074 1073 3157 Κίρκης,
1102 3076 1134 3136 in
1156 3095 1209 3148 ας,
1237 3081 1271 3135 ut
1293 3072 1374 3134 Φαί-

77 3176 147 3261 δρα
164 3176 327 3259 Φαίδρας,
344 3181 376 3239 in
391 3198 448 3250 ον,
464 3186 497 3239 ut
512 3176 649 3251 Αἰνείας
663 3176 819 3249 Αἰνείου,
835 3180 869 3239 irr
884 3198 920 3249 α,
943 3188 977 3240 ut
994 3171 1110 3250 Ἀντᾶς
1129 3169 1241 3246 Ἀντᾶ,
1265 3177 1297 3235 in
1320 3194 1374 3248 ως,

77 3291 112 3343 ut
134 3274 273 3362 Πηλεὺς
294 3278 447 3361 Πηλέως,
471 3282 503 3342 in
525 3300 599 3353 ους,
631 3288 663 3341 ut
687 3276 911 3361 [inpositione
932 3274 1192 3361 Δημοσθένους,
1214 3280 1246 3337 in
1269 3295 1320 3349 ος,
1343 3282 1376 3337 ut

79 3380 174 3455 Θόας
197 3378 356 3455 Θόαντος,
378 3383 476 3462 γίγας
496 3382 663 3461 γίγαντος.
697 3384 791 3460 igitur
811 3401 1017 3463 quaecumque
1040 3383 1160 3443 nomina
1183 3379 1261 3459 apud
1283 3378 1374 3439 Grae·

40 3494 132 3547 ³⁰cos
156 3486 320 3563 genitivum
343 3487 374 3544 in
397 3503 435 3564 ης
456 3485 502 3544 vel
523 3488 556 3547 in
578 3505 617 3557 ας
638 3486 773 3554 mittunt,
797 3483 875 3564 apud
897 3503 951 3545 nos
971 3486 1086 3564 primae
1110 3489 1179 3543 sunt
1201 3480 1375 3542 declinatio·

78 3592 143 3659 nis,
168 3594 204 3647 ut
225 3587 310 3648 Circe
333 3586 379 3646 vel
401 3586 486 3647 Circa
507 3586 598 3648 buius
620 3588 739 3655 Circae,
767 3586 903 3647 Phaedra
930 3585 1093 3646 Phaedrae.
1137 3602 1213 3664 quae
1235 3584 1267 3643 in
1288 3581 1377 3642 coel

77 3694 121 3752 in·
134 3710 180 3751 ov
202 3690 366 3767 genitivum
388 3691 511 3751 mittunt
532 3708 548 3750 a
571 3691 754 3750 nominativo
775 3706 815 3759 ας
829 3686 876 3747 vel
892 3707 929 3767 ης
945 3688 1065 3767 syllabis
1080 3688 1240 3748 terminato
1256 3685 1375 3745 venien·

77 3796 137 3863 tia,
163 3790 257 3853 simili
279 3775 367 3851 modo
381 3791 496 3870 primae
512 3797 580 3851 sunt
601 3790 823 3860 declinationis,
839 3795 874 3849 ut
888 3790 979 3851 hntas
993 3789 1102 3858 Antae,
1119 3791 1234 3849 Aeneas
1249 3787 1375 3857 Aeneae,

79 3896 208 3958 Orestes
236 3893 369 3955 Orestae.
414 3911 490 3972 quae
517 3895 549 3953 in
578 3911 621 3953 ov
647 3891 789 3972 syllabam
817 3899 928 3953 exeunt
949 3894 981 3952 in
1003 3892 1135 3969 genitivo
1157 3908 1174 3951 a
1196 3888 1377 3949 nominativo

42 4002 117 4071 εὖος
139 3998 303 4058 terminato
326 3995 489 4065 venientia,
513 3994 661 4056 secundae
684 4002 753 4056 sunt
775 3993 998 4064 declinationis,
1021 4000 1054 4054 ut
1075 3992 1222 4054 Homerus
1244 3990 1376 4060 Homeri,

149 4205 169 4255 4
189 4202 217 4251 in
235 4215 268 4251 sn
284 4200 361 4254 coms
380 4200 429 4258 25,
446 4197 490 4250 26.
511 4214 568 4254 aare.
589 4199 666 4253 coar.
686 4198 746 4265 540,
765 4197 809 4251 36.
826 4199 906 4252 Pmo.
926 4198 992 4251 aad.
1009 4198 1039 4260 o,
1059 4195 1092 4249 18
1163 4196 1196 4247 10
1213 4196 1239 4246 in
1253 4195 1279 4245 in
1299 4193 1375 4248 Char.

79 4274 124 4338 29,
143 4272 192 4326 26.
211 4286 271 4332 esc,
290 4269 366 4322 clar.
386 4271 446 4333 542,
463 4266 498 4319 ²3

156 4479 170 4529 1
191 4476 357 4543 penultimam
372 4474 496 4541 syllabam
514 4487 530 4522 o
546 4474 571 4522 P
587 4473 753 4539 penultimam
770 4472 892 4539 syllabam
913 4471 957 4528 rs
1026 4471 1043 4524 9
1059 4478 1086 4520 ut
1101 4470 1218 4537 uirgilius
1232 4484 1282 4535 pan
1296 4482 1377 4536 panos

83 4549 114 4598 de
133 4561 206 4597 more
219 4548 319 4613 lyeiF:
342 4547 414 4612 γαρ
431 4546 497 4597 Aen.
516 4544 575 4593 Vlll
592 4543 644 4595 344
714 4543 747 4593 24
765 4542 879 4610 chalybis
895 4555 1022 4593 xrrrnorra
1042 4542 1162 4591 uniuersa
1179 4540 1205 4589 P
1218 4539 1307 4591 calibis
1325 4553 1377 4590 arr·

82 4633 153 4668 roras
172 4632 387 4668 nsoxarvooxsnu
406 4616 527 4666 uniuersa
544 4613 571 4663 F
619 4612 653 4663 25
671 4614 773 4679 generis
789 4614 812 4663 si
829 4612 970 4679 genitiuum
986 4612 1011 4661 P
1061 4610 1094 4661 31
1113 4620 1141 4660 ut
1160 4610 1242 4659 circae
1256 4610 1295 4659 uel
1311 4609 1378 4658 circs

82 4688 163 4738 buius
182 4688 265 4737 circas
287 4689 312 4738 P
329 4697 356 4737 ut
377 4701 445 4737 xnxr
462 4698 547 4735 xrrxrc
571 4684 639 4733 circa
656 4684 738 4732 circae
756 4684 782 4732 F
867 4680 906 4731 uel
927 4682 951 4729 in
971 4695 1003 4731 or
1024 4696 1039 4730 a
1061 4681 1217 4730 nominatiuo
1236 4694 1267 4729 sc
1284 4678 1326 4728 uel
1345 4692 1378 4728 us

83 4758 194 4823 syllabis
217 4758 351 4808 terminato
370 4756 500 4807 uenientia
516 4755 658 4822 genitiuum
677 4753 780 4803 mittunt
798 4753 876 4803 simili
893 4752 919 4801 P
935 4750 975 4801 uel
997 4752 1024 4800 in
1050 4766 1082 4802 or
1109 4750 1252 4816 genitiuum
1277 4750 1379 4800 mittunt

85 4828 274 4879 nominatiuum
296 4828 322 4878 in
340 4842 369 4877 ss
383 4826 425 4876 uel
444 4826 470 4875 in
486 4840 514 4876 es
533 4823 640 4889 syllabis
658 4823 828 4874 terminantur
846 4821 923 4873 simili
941 4820 966 4871 F

136 4918 318 4962 cnxunxncr
331 4916 426 4961 sarim
438 4916 468 4961 v.
1134 4902 1176 4967 28
