3350 5442
317 362 382 427 610
874 364 1055 429 uacuum!

344 486 365 527 μ
378 474 436 515 πα.
449 474 476 515 α
490 473 512 513 ι,
640 490 645 505 ·

317 560 437 633 praeter
462 553 513 615 illa
538 572 615 633 quae
641 555 673 614 in
699 572 739 631 μι
764 560 889 622 exeunt,
918 546 1106 632 ἐποιούμην
1133 542 1472 633 έποιαῠ,“έτιμω’μρν
1496 548 1608 631 ispo,

318 650 510 735 ἐδηλοιέμην
531 650 668 734 dcliii-ori,
690 649 857 739 έλεγόμρν
879 649 1011 732 ἐλέγου.

399 756 444 818 lle
469 758 603 837 perlecto
629 764 661 817 et
685 756 977 837 plusquamperfecto
1004 758 1139 837 passivis.
1184 758 1349 837 perlectum
1381 759 1510 819 activum
1533 757 1609 837 quod

316 863 348 921 in
375 879 419 921 κα
437 859 562 929 desimt,
590 860 616 919 si
637 856 778 921 babuerit
804 858 1017 938 paenultimam
1039 866 1146 921 natura
1167 859 1296 938 longam,
1325 861 1468 921 transfert
1491 860 1611 921 liudem

315 962 459 1041 syllabam
486 964 518 1023 in
543 980 604 1041 μαι
632 968 664 1021 et
684 961 757 1025 lacit
776 960 814 1021 de
841 979 873 1022 se
895 963 1054 1041 passivum,
1077 957 1223 1042 νενόηκα
1245 956 1424 1041 νενόημαι,
1450 960 1631 1041 veriuntur

315 1062 499 1145 ιαιίμημαι,
521 1057 721 1141 κιχρύσωκα
734 1058 959 1149 κεχρύσωμαι.
982 1066 1007 1125 si
1026 1082 1096 1125 vero
1117 1064 1299 1145 paenultima
1321 1063 1422 1143 brevis
1436 1066 1487 1134 sit,
1508 1062 1611 1143 σίγμα
1670 1104 1671 1149 ρ

314 1166 490 1246 superaddit
509 1166 632 1227 ultimae
655 1163 783 1244 (oportet
803 1168 884 1227 enim
907 1166 1118 1246 paenultimam
1138 1170 1171 1227 in
1203 1167 1260 1227 boc
1274 1175 1407 1247 tempore
1430 1174 1483 1229 aut
1505 1174 1609 1227 natura
1670 1150 1671 1233 l

314 1276 366 1331 aut
386 1269 534 1348 positim
556 1267 675 1345 longam
693 1268 781 1346 lieri),
803 1264 960 1331 τετέλεκα
980 1266 1183 1350 τετέλεσμαι,
1210 1266 1374 1348 μεγέλακα
1393 1262 1610 1348 γιγέλασμαι,

313 1362 420 1450 ἥρακα
443 1363 601 1450 ἥροσμαι.
645 1370 775 1450 denique
801 1378 832 1430 et
861 1372 893 1431 in
915 1378 998 1431 serta
1026 1370 1111 1431 verbi
1133 1371 1278 1451 barytoni
1301 1374 1371 1451 quia
1399 1370 1557 1433 interdum
1580 1373 1609 1431 in

315 1472 365 1536 illa
387 1474 593 1552 paracimenos
613 1471 704 1534 babet
724 1471 938 1551 paenultimam
959 1472 1085 1551 longam,
1108 1474 1259 1535 interdum
1279 1473 1409 1543 brevem,
1438 1472 1492 1534 nbi
1520 1472 1608 1550 longa
1622 1498 1640 1533 n

315 1582 371 1644 est,
393 1580 508 1635 mnmm
528 1581 624 1635 mutat
644 1592 687 1633 κα
704 1575 736 1635 in
757 1594 834 1655 μαι;
857 1573 910 1635 nbi
925 1592 995 1634 vero
1011 1574 1111 1637 brevis
1133 1582 1188 1645 est,
1211 1576 1294 1637 addit
1315 1582 1345 1636 et
1366 1573 1480 1655 σίγμα,
1502 1576 1610 1651 θερα-

315 1670 408 1737 πεύω
435 1669 681 1754 recemum
694 1670 960 1756 τεθεράπευμαι,
989 1671 1144 1757 adeundo
1175 1675 1296 1758 ἔσβεκα
1330 1676 1506 1757 ἔσβεσμαι,
1542 1672 1610 1749 ξύει

314 1774 417 1853 ilum
436 1774 586 1859 ἑξασμαι.
619 1772 744 1839 λέλυκα
766 1784 866 1839 autem
889 1774 1030 1859 λέλυμαι
1051 1786 1081 1839 et
1102 1773 1231 1841 ιέθυκα
1256 1777 1400 1859 τέθυμαι
1422 1796 1482 1839 non
1503 1788 1612 1839 carent
1670 1816 1671 1823 ι

313 1882 401 1951 vitio,
432 1880 511 1960 quia,
533 1899 603 1941 cum
623 1879 725 1940 brevis
744 1882 784 1940 sit
805 1891 875 1948 υ,σ
896 1899 956 1941 non
977 1883 1137 1961 recipiunt.
1182 1900 1252 1943 sane
1284 1882 1316 1943 in
1344 1881 1497 1960 barptonis
1519 1882 1610 1941 tertia

314 1984 499 2060 coniugatio,
529 1990 650 2043 etcum
677 1982 890 2062 paenultimam
917 1982 1036 2061 longam
1062 1982 1184 2052 babeat,
1216 1991 1316 2045 tamen
1345 1982 1466 2043 adhibet
1493 1982 1611 2061 σίγμα,
1625 2007 1643 2045 ιι

313 2080 456 2146 πέπεικα
469 2078 657 2164 πέπεισμαι.
688 2102 764 2164 quae
779 2086 811 2145 in
827 2103 877 2163 φα
892 2083 1032 2147 desinunt
1045 2084 1091 2146 vel
1109 2084 1112 2163 l
1129 2104 1205 2165 quae
1221 2092 1289 2145 ante
1304 2103 1326 2145 α
1339 2083 1449 2145 babent
1463 2103 1520 2162 γκ,
1537 2085 1612 2145 baec

315 2178 371 2247 dul
393 2180 456 2247 udo
480 2184 528 2266 μῦ
555 2187 587 2246 in
615 2187 732 2265 passivo
753 2189 998 2266 pronuntiantur,
1021 2183 1148 2266 τέτυφα
1175 2182 1351 2267 τέτυμμαις
1381 2204 1455 2265 quae
1485 2204 1561 2247 vero
1583 2190 1612 2247 in

314 2306 374 2368 χα,
402 2293 557 2349 transeunt
583 2288 616 2348 in
643 2275 742 2367 μμαι,
769 2284 895 2367 νένυχα
916 2282 1093 2368 νένυγμαι,
1117 2283 1269 2368 πέπληχα
1295 2281 1495 2368 πέπληγμαι.
1543 2306 1612 2349 cum
1670 2280 1671 2355 l

315 2397 383 2452 ante
404 2389 538 2450 ultimam
561 2388 704 2468 syllabam
725 2396 776 2450 aut
798 2409 818 2469 ρ
840 2398 891 2451 ant
911 2390 931 2450 λ
955 2392 1115 2469 reperitur,
1138 2409 1181 2450 κα
1204 2392 1310 2451 transit
1332 2392 1363 2451 ln
1384 2408 1454 2470 μαι,
1477 2387 1614 2463 sparsa

313 2489 475 2573 έραλμαι,
496 2485 645 2570 κέκαρκα
666 2486 842 2572 κέκαρμαι.
876 2492 956 2553 idem
978 2499 1097 2554 servant
1118 2498 1150 2551 et
1170 2489 1262 2551 verba
1284 2508 1359 2571 quae
1381 2492 1414 2552 in
1434 2493 1535 2571 prima
1561 2512 1645 2571 pos
1670 2504 1671 2583 p

313 2595 423 2655 sitione
444 2613 466 2654 ν
486 2592 598 2653 babent
619 2595 651 2655 in
673 2594 776 2677 ultima
798 2593 920 2673 syllaba,
944 2592 1049 2673 κρίνω
1072 2587 1211 2672 κέκρικα
1226 2587 1389 2674 κέκριμαι,
1412 2588 1535 2653 atrium
1553 2588 1614 2655 πὲ-

314 2695 427 2755 πλυκα
453 2687 633 2775 πέπλυμαι.
667 2685 952 2775 ὖπερσυντελικός
980 2698 1088 2776 passivi
1117 2697 1238 2773 generis
1266 2696 1302 2757 de
1331 2698 1523 2777 paracimeno
1560 2714 1614 2757 suo

314 2798 456 2857 nascitur.
499 2795 551 2857 ille
578 2799 658 2858 enim
685 2798 833 2879 incipiens
861 2818 878 2859 a
906 2797 999 2859 vocali
1027 2800 1059 2859 in
1086 2817 1130 2879 ην
1158 2800 1318 2859 terminum
1345 2803 1438 2859 mutat
1464 2804 1497 2857 et
1531 2797 1613 2859 bunc

315 2900 414 2967 cilicii,
437 2896 611 2980 ἔφθαρμαι
632 2894 826 2981 έρθάρμην,
849 2893 990 2981 ἥτιημαι
1011 2893 1169 2981 ἡττήμηκ.
1201 2907 1231 2960 at
1252 2901 1279 2959 si
1305 2898 1355 2961 ille
1376 2901 1475 2980 coepit
1497 2918 1516 2960 a
1541 2918 1613 2961 con·

314 2999 446 3070 sonanti,
475 2999 526 3060 bic
547 3007 667 3080 praeter
688 3002 758 3063 linis
778 3005 972 3065 mutationem
994 3021 1083 3083 quam
1104 3002 1234 3063 diximus
1260 3001 1349 3061 etiam
1371 3001 1502 3063 vocalem
1526 3004 1644 3081 prin-s

314 3103 394 3181 cipio
416 3120 470 3162 sno
492 3100 623 3172 adbibot,
645 3102 827 3185 πεποίημαι
850 3099 1068 3186 ἐπεποιήμην,
1095 3097 1249 3184 λέλιγμαι
1277 3098 1471 3184 έλελέγμην.

397 3202 441 3263 lle
468 3204 568 3265 tuturo
596 3207 723 3284 passivo.
773 3205 952 3285 paenultima
987 3205 1098 3286 syllaba
1125 3205 1203 3287 apud
1231 3204 1359 3267 Graecos
1391 3206 1486 3267 iuturi
1519 3208 1612 3266 activi

246 3384 250 3391 .
315 3306 474 3386 quartalli
501 3324 518 3365 a
545 3307 603 3367 line
625 3308 751 3386 passivi,
778 3302 891 3387 νικήσω
914 3302 1141 3389 νοηθήσομαι,
1163 3302 1366 3387 θεραπεύσω
1387 3303 1613 3388 θεραπευθῆ-

315 3421 432 3487 σομαι,
455 3400 565 3469 ἐλάσαι
594 3404 836 3489 ἐλασθήσομαι.
882 3410 1011 3471 secunda
1039 3427 1167 3489 persona
1194 3411 1293 3471 minor
1314 3408 1425 3489 syllaba
1452 3410 1487 3469 tit
1519 3428 1612 3488 quam
1670 3452 1671 3455 κ

314 3511 425 3590 prima,
459 3505 692 3591 λαληθήσομαι
725 3505 928 3591 λαληθήσει,
961 3508 1187 3592 τιμηθήσομαι
1214 3507 1401 3592 ιιμηθήσει.
1452 3510 1502 3572 illa
1538 3529 1642 3572 veroa

315 3611 430 3691 species
457 3613 579 3691 propria
608 3612 788 3673 Graecorum
816 3622 875 3683 est,
904 3612 982 3693 quod
1015 3613 1129 3674 babent
1148 3615 1180 3673 in
1202 3630 1313 3691 genere
1333 3614 1451 3692 passivo
1473 3614 1611 3673 loturum
1670 3648 1671 3693 ρ

314 3711 393 3791 quod
421 3730 486 3773 rem
513 3714 661 3791 signifieat
686 3732 744 3775 non
774 3715 868 3775 multo
890 3722 957 3795 post
979 3715 1031 3776 sed
1054 3734 1120 3775 mox
1144 3717 1289 3785 iuturam,
1323 3721 1355 3775 ut
1382 3710 1610 3794 πεποιήσομαι
1670 3700 1671 3709 “

315 3809 535 3894 γεγράψομαι.
579 3813 636 3875 boc
664 3824 762 3877 autem
796 3822 913 3896 tempus
935 3834 973 3876 ex
994 3818 1131 3898 perlecto
1159 3815 1292 3877 eiusdem
1320 3818 1441 3894 generis
1465 3818 1608 3877 nascitur.
1670 3840 1671 3843 ¹

315 3918 438 3977 insertis
459 3918 538 3977 enim
560 3917 708 3979 secundae
723 3935 868 3997 personae
890 3920 1017 3999 perlecti
1033 3916 1149 3979 duabus
1166 3919 1286 3988 litteris
1309 3937 1327 3977 o
1343 3914 1399 3977 καὶ
1413 3936 1448 3997 μ,
1471 3918 1608 3979 futurum

314 4014 402 4098 paulo
423 4024 503 4097 post,
526 4018 605 4097 quod
627 4021 750 4080 atticum
773 4026 902 4091 vocatur,
926 4021 1068 4091 eflicitur,
1091 4018 1270 4101 πεποίησαι
1292 4013 1529 4099 πεποιήσομαι,
1553 4014 1639 4097 ρέα
1670 4050 1671 4107 j

314 4126 441 4199 γραψαι
468 4114 687 4202 γεγράρομαι.
726 4140 782 4182 nec
809 4121 847 4182 ab
874 4140 907 4182 re
931 4119 1103 4203 eratpanlo
1125 4121 1348 4203 postfuturum
1370 4139 1406 4181 ex
1428 4121 1517 4200 paulo
1541 4129 1607 4181 ante
1670 4108 1671 4187 l

314 4229 466 4286 transacto,
485 4228 620 4303 tempore
642 4226 804 4303 procreari.
844 4225 1035 4285 inveniuntur
1058 4224 1147 4284 buius
1169 4224 1249 4284 modi
1271 4230 1405 4303 tempora
1428 4224 1557 4301 figurata
1578 4232 1607 4283 et

315 4342 351 4385 ox
373 4323 473 4385 verbis
502 4326 533 4385 in
563 4343 589 4384 ω
612 4325 798 4395 exeuntibus,
821 4332 855 4386 ut
877 4332 923 4386 est
945 4321 1142 4408 deductorium,
1166 4325 1245 4405 quod
1267 4324 1422 4405 proprium
1445 4326 1605 4405 Syracusa·

314 4443 420 4486 norum
442 4433 496 4495 est,
519 4432 549 4485 et
563 4419 713 4507 dadolena,
736 4436 768 4489 nt
793 4428 870 4507 apud
885 4427 1062 4489 Dracontem
1085 4419 1185 4507 *ἀτὰρ
1202 4422 1258 4488 καὶ
1273 4422 1366 4507 δῶρα
1381 4421 1605 4507 dedoioopav',
1670 4410 1671 4467 l

314 4530 398 4607 qnasi
413 4527 507 4607 'paulo
528 4535 594 4607 post
616 4528 761 4589 dabimus.
1614 4547 1635 4585 α
1670 4532 1671 4625 J

383 4714 415 4763 10
431 4713 598 4791 pericimenos
614 4716 639 4765 P
706 4717 737 4765 12
756 4709 859 4779 ἔσβικα
874 4732 892 4779 p
910 4713 1053 4781 εσβρκαΡ
1121 4715 1337 4779 13λελυσμαιΡ
1405 4717 1436 4767 14
1447 4730 1506 4765 enm
1519 4716 1601 4764 breuis

315 4796 334 4833 u
351 4796 368 4832 o
384 4794 435 4831 non
452 4782 577 4846 recipitP
644 4784 675 4833 18
687 4783 856 4849 πεπληκαΡ
921 4786 953 4833 21
971 4784 1155 4835 πεπλευκαΡ
1221 4784 1382 4836 aaaron?
1448 4782 1601 4836 illlrabetP
1670 4806 1671 4829 l

382 4850 415 4907 37
428 4851 577 4921 temporeP
643 4853 676 4906 ³9
694 4851 835 4906 Draconem
854 4852 961 4907 Zeuniue
