<?xml version="1.0" encoding="UTF-8"?>
<!DOCTYPE html PUBLIC "-//W3C//DTD XHTML 1.0 Transitional//EN"
    "http://www.w3.org/TR/xhtml1/DTD/xhtml1-transitional.dtd">
<html xmlns="http://www.w3.org/1999/xhtml" xml:lang="en" lang="en">
 <head>
  <title>
</title>
<meta http-equiv="Content-Type" content="text/html;charset=utf-8" />
  <meta name='ocr-system' content='tesseract 3.04.00' />
  <meta name='ocr-capabilities' content='ocr_page ocr_carea ocr_par ocr_line ocrx_word'/>
</head>
<body>
  <div class='ocr_page' id='page_1' title='image "./grammaticilatin02hagagoog_0535.png"; bbox 0 0 3350 5442; ppageno 0'>
   <div class='ocr_carea' id='block_1_1' title="bbox 304 264 1082 346">
    <p class='ocr_par' dir='ltr' id='par_1_1' title="bbox 304 264 1082 346">
     <span class='ocr_line' id='line_1_1' title="bbox 304 264 1082 346; baseline -0.006 -15"><span class='ocrx_word' id='word_1_1' title='bbox 304 266 366 331; x_wconf 80' lang='lat'><strong><em>526</em></strong></span> <span class='ocrx_word' id='word_1_2' title='bbox 816 264 1082 346; x_wconf 62' lang='lat' dir='ltr'><strong><em>[inhumanis]</em></strong></span> 
     </span>
    </p>
   </div>
   <div class='ocr_carea' id='block_1_2' title="bbox 1126 349 1139 358">
    <p class='ocr_par' dir='ltr' id='par_1_2' title="bbox 1126 349 1139 358">
     <span class='ocr_line' id='line_1_2' title="bbox 1126 349 1139 358; baseline 0 0"><span class='ocrx_word' id='word_1_3' title='bbox 1126 349 1139 358; x_wconf 71' lang='grc' dir='ltr'><strong><em>ιι</em></strong></span> 
     </span>
    </p>
   </div>
   <div class='ocr_carea' id='block_1_3' title="bbox 305 451 1585 842">
    <p class='ocr_par' dir='ltr' id='par_1_3' title="bbox 305 451 1585 842">
     <span class='ocr_line' id='line_1_3' title="bbox 305 451 1580 533; baseline -0.004 -14"><span class='ocrx_word' id='word_1_4' title='bbox 305 453 411 519; x_wconf 82' lang='lat' dir='ltr'><strong><em>Velie.</em></strong></span> <span class='ocrx_word' id='word_1_5' title='bbox 437 451 516 516; x_wconf 83' lang='lat'>1491</span> <span class='ocrx_word' id='word_1_6' title='bbox 542 458 574 527; x_wconf 72' lang='lat' dir='ltr'><strong><em>Q·</em></strong></span> <span class='ocrx_word' id='word_1_7' title='bbox 592 455 754 516; x_wconf 84' lang='lat' dir='ltr'><strong><em>iibemnius</em></strong></span> <span class='ocrx_word' id='word_1_8' title='bbox 768 457 942 516; x_wconf 80' lang='lat' dir='ltr'><strong><em>Palaemon.</em></strong></span> <span class='ocrx_word' id='word_1_9' title='bbox 975 454 1082 515; x_wconf 90' lang='lat' dir='ltr'><strong><em>Omnia</em></strong></span> <span class='ocrx_word' id='word_1_10' title='bbox 1103 459 1226 517; x_wconf 91' lang='lat' dir='ltr'><strong><em>nomina</em></strong></span> <span class='ocrx_word' id='word_1_11' title='bbox 1250 491 1286 500; x_wconf 96' lang='lat'><em>-</em></span> <span class='ocrx_word' id='word_1_12' title='bbox 1308 459 1491 533; x_wconf 78' lang='lat' dir='ltr'><em>plenissime</em></span> <span class='ocrx_word' id='word_1_13' title='bbox 1510 457 1580 518; x_wconf 84' lang='lat' dir='ltr'><strong><em>dieto.</em></strong></span> 
     </span>
     <span class='ocr_line' id='line_1_4' title="bbox 307 553 1583 634; baseline 0 -16"><span class='ocrx_word' id='word_1_14' title='bbox 307 591 342 603; x_wconf 90' lang='lat'><em>—</em></span> <span class='ocrx_word' id='word_1_15' title='bbox 374 559 515 619; x_wconf 75' lang='lat' dir='ltr'><em>Aemilius</em></span> <span class='ocrx_word' id='word_1_16' title='bbox 536 559 644 634; x_wconf 82' lang='lat' dir='ltr'><strong><em>Asper.</em></strong></span> <span class='ocrx_word' id='word_1_17' title='bbox 681 559 740 618; x_wconf 80' lang='lat' dir='ltr'><strong><em>Ars</em></strong></span> <span class='ocrx_word' id='word_1_18' title='bbox 761 565 806 618; x_wconf 90' lang='lat' dir='ltr'><strong><em>est</em></strong></span> <span class='ocrx_word' id='word_1_19' title='bbox 828 591 865 602; x_wconf 93' lang='lat'><em>-</em></span> <span class='ocrx_word' id='word_1_20' title='bbox 889 557 965 617; x_wconf 89' lang='lat' dir='ltr'><strong><em>bobo</em></strong></span> <span class='ocrx_word' id='word_1_21' title='bbox 992 573 1064 618; x_wconf 89' lang='lat' dir='ltr'><strong><em>uua.</em></strong></span> <span class='ocrx_word' id='word_1_22' title='bbox 1101 553 1173 619; x_wconf 89' lang='lat' dir='ltr'><strong><em>cod.</em></strong></span> <span class='ocrx_word' id='word_1_23' title='bbox 1197 553 1306 619; x_wconf 79' lang='lat' dir='ltr'><strong><em>Vatis.</em></strong></span> <span class='ocrx_word' id='word_1_24' title='bbox 1333 554 1422 618; x_wconf 81' lang='lat'>1492</span> <span class='ocrx_word' id='word_1_25' title='bbox 1451 559 1583 618; x_wconf 66' lang='lat' dir='ltr'><strong><em>quenali</em></strong></span> 
     </span>
     <span class='ocr_line' id='line_1_5' title="bbox 306 653 1584 740; baseline -0.001 -19"><span class='ocrx_word' id='word_1_26' title='bbox 306 659 381 740; x_wconf 84' lang='lat' dir='ltr'><strong><em>(sai.</em></strong></span> <span class='ocrx_word' id='word_1_27' title='bbox 405 658 434 735; x_wconf 80' lang='lat'><strong><em>7,</em></strong></span> <span class='ocrx_word' id='word_1_28' title='bbox 459 653 531 720; x_wconf 84' lang='lat'><strong><em>215.</em></strong></span> <span class='ocrx_word' id='word_1_29' title='bbox 555 656 584 737; x_wconf 84' lang='lat'><strong><em>6,</em></strong></span> <span class='ocrx_word' id='word_1_30' title='bbox 607 655 684 739; x_wconf 79' lang='lat'>452)</span> <span class='ocrx_word' id='word_1_31' title='bbox 707 661 744 718; x_wconf 87' lang='lat' dir='ltr'><strong><em>da</em></strong></span> <span class='ocrx_word' id='word_1_32' title='bbox 766 661 926 720; x_wconf 88' lang='lat' dir='ltr'><strong><em>Polemone</em></strong></span> <span class='ocrx_word' id='word_1_33' title='bbox 948 661 1045 735; x_wconf 82' lang='lat' dir='ltr'><strong><em>inquit</em></strong></span> <span class='ocrx_word' id='word_1_34' title='bbox 1066 661 1221 736; x_wconf 76' lang='lat' dir='ltr'><strong><em>‘doctique</em></strong></span> <span class='ocrx_word' id='word_1_35' title='bbox 1243 663 1422 721; x_wconf 82' lang='lat' dir='ltr'><strong><em>Polemonis</em></strong></span> <span class='ocrx_word' id='word_1_36' title='bbox 1445 663 1584 720; x_wconf 83' lang='lat' dir='ltr'><strong><em>artes’.et</em></strong></span> 
     </span>
     <span class='ocr_line' id='line_1_6' title="bbox 306 757 1585 842; baseline -0.004 -17"><span class='ocrx_word' id='word_1_37' title='bbox 306 764 349 825; x_wconf 90' lang='lat' dir='ltr'><strong><em>M.</em></strong></span> <span class='ocrx_word' id='word_1_38' title='bbox 362 764 476 825; x_wconf 83' lang='lat' dir='ltr'><strong><em>Fabius</em></strong></span> <span class='ocrx_word' id='word_1_39' title='bbox 491 761 695 834; x_wconf 74' lang='lat' dir='ltr'><strong><em>Quintilianus</em></strong></span> <span class='ocrx_word' id='word_1_40' title='bbox 717 765 748 822; x_wconf 93' lang='lat' dir='ltr'><strong><em>in</em></strong></span> <span class='ocrx_word' id='word_1_41' title='bbox 762 763 841 822; x_wconf 91' lang='lat' dir='ltr'><strong><em>libro</em></strong></span> <span class='ocrx_word' id='word_1_42' title='bbox 855 763 1071 822; x_wconf 78' lang='lat' dir='ltr'><strong><em>institutionum</em></strong></span> <span class='ocrx_word' id='word_1_43' title='bbox 1087 765 1163 822; x_wconf 88' lang='lat' dir='ltr'><strong><em>artis</em></strong></span> <span class='ocrx_word' id='word_1_44' title='bbox 1178 765 1333 823; x_wconf 88' lang='lat' dir='ltr'><strong><em>oratoriae</em></strong></span> <span class='ocrx_word' id='word_1_45' title='bbox 1349 759 1449 842; x_wconf 82' lang='lat' dir='ltr'><strong><em>(inst.</em></strong></span> <span class='ocrx_word' id='word_1_46' title='bbox 1467 757 1484 821; x_wconf 95' lang='grc' dir='ltr'>Ι</span> <span class='ocrx_word' id='word_1_47' title='bbox 1498 759 1532 838; x_wconf 88' lang='grc'><strong><em>4,</em></strong></span> <span class='ocrx_word' id='word_1_48' title='bbox 1545 759 1585 841; x_wconf 68' lang='grc'><strong><em>’26]</em></strong></span> 
     </span>
    </p>
   </div>
   <div class='ocr_carea' id='block_1_4' title="bbox 279 981 1627 2407">
    <p class='ocr_par' dir='ltr' id='par_1_4' title="bbox 279 981 1627 2407">
     <span class='ocr_line' id='line_1_7' title="bbox 306 981 1585 1049; baseline 0 -14"><span class='ocrx_word' id='word_1_49' title='bbox 306 985 327 1036; x_wconf 90' lang='grc'><strong><em>1.</em></strong></span> <span class='ocrx_word' id='word_1_50' title='bbox 347 984 360 1032; x_wconf 93' lang='grc'><strong><em>1</em></strong></span> <span class='ocrx_word' id='word_1_51' title='bbox 379 983 459 1048; x_wconf 84' lang='lat' dir='ltr'><strong><em>Capri</em></strong></span> <span class='ocrx_word' id='word_1_52' title='bbox 474 983 632 1049; x_wconf 82' lang='lat' dir='ltr'><strong><em>prammatici</em></strong></span> <span class='ocrx_word' id='word_1_53' title='bbox 648 998 701 1033; x_wconf 91' lang='lat' dir='ltr'><strong><em>ars.</em></strong></span> <span class='ocrx_word' id='word_1_54' title='bbox 738 981 791 1043; x_wconf 89' lang='lat' dir='ltr'><strong><em>Quo</em></strong></span> <span class='ocrx_word' id='word_1_55' title='bbox 813 983 882 1032; x_wconf 86' lang='lat' dir='ltr'><strong><em>ducit</em></strong></span> <span class='ocrx_word' id='word_1_56' title='bbox 899 1008 932 1015; x_wconf 91' lang='lat'>—</span> <span class='ocrx_word' id='word_1_57' title='bbox 950 983 986 1032; x_wconf 88' lang='lat' dir='ltr'><strong><em>ad</em></strong></span> <span class='ocrx_word' id='word_1_58' title='bbox 1006 983 1191 1034; x_wconf 85' lang='lat' dir='ltr'><strong><em>similitudinem</em></strong></span> <span class='ocrx_word' id='word_1_59' title='bbox 1211 986 1342 1034; x_wconf 81' lang='lat' dir='ltr'><strong><em>stellarum</em></strong></span> <span class='ocrx_word' id='word_1_60' title='bbox 1363 981 1372 1047; x_wconf 73' lang='grc'><strong><em>11</em></strong></span> <span class='ocrx_word' id='word_1_61' title='bbox 1399 984 1421 1034; x_wconf 85' lang='grc'><strong><em>1.</em></strong></span> <span class='ocrx_word' id='word_1_62' title='bbox 1441 987 1459 1034; x_wconf 85' lang='grc'>3</span> <span class='ocrx_word' id='word_1_63' title='bbox 1477 986 1585 1046; x_wconf 68' lang='lat' dir='ltr'><strong><em>Apate.</em></strong></span> 
     </span>
     <span class='ocr_line' id='line_1_8' title="bbox 305 1063 1585 1133; baseline 0 -14"><span class='ocrx_word' id='word_1_64' title='bbox 305 1070 461 1120; x_wconf 85' lang='lat' dir='ltr'><strong><em>Domino-</em></strong></span> <span class='ocrx_word' id='word_1_65' title='bbox 480 1069 572 1118; x_wconf 86' lang='lat' dir='ltr'><strong><em>diuinis</em></strong></span> <span class='ocrx_word' id='word_1_66' title='bbox 594 1063 603 1132; x_wconf 73' lang='lat' dir='ltr'><strong><em>ll</em></strong></span> <span class='ocrx_word' id='word_1_67' title='bbox 625 1067 645 1120; x_wconf 89' lang='grc'><strong><em>1.</em></strong></span> <span class='ocrx_word' id='word_1_68' title='bbox 664 1069 680 1118; x_wconf 90' lang='grc'>5</span> <span class='ocrx_word' id='word_1_69' title='bbox 704 1065 732 1127; x_wconf 90' lang='lat' dir='ltr'><strong><em>Q.</em></strong></span> <span class='ocrx_word' id='word_1_70' title='bbox 749 1066 876 1116; x_wconf 82' lang='lat' dir='ltr'><strong><em>rbemnius</em></strong></span> <span class='ocrx_word' id='word_1_71' title='bbox 898 1070 1042 1131; x_wconf 88' lang='lat' dir='ltr'><strong><em>palaemon.</em></strong></span> <span class='ocrx_word' id='word_1_72' title='bbox 1074 1067 1162 1118; x_wconf 89' lang='lat' dir='ltr'><strong><em>Omnia</em></strong></span> <span class='ocrx_word' id='word_1_73' title='bbox 1182 1094 1217 1103; x_wconf 92' lang='lat'>—</span> <span class='ocrx_word' id='word_1_74' title='bbox 1237 1070 1385 1132; x_wconf 73' lang='lat' dir='ltr'><strong><em>plenissime</em></strong></span> <span class='ocrx_word' id='word_1_75' title='bbox 1410 1069 1491 1122; x_wconf 62' lang='lat' dir='ltr'><strong><em>duta.</em></strong></span> <span class='ocrx_word' id='word_1_76' title='bbox 1508 1067 1517 1133; x_wconf 72' lang='lat' dir='ltr'><strong><em>f</em></strong></span> <span class='ocrx_word' id='word_1_77' title='bbox 1533 1071 1549 1118; x_wconf 92' lang='lat' dir='ltr'><strong><em>i.</em></strong></span> <span class='ocrx_word' id='word_1_78' title='bbox 1564 1075 1585 1119; x_wconf 77' lang='lat' dir='ltr'><strong><em>ti</em></strong></span> 
     </span>
     <span class='ocr_line' id='line_1_9' title="bbox 305 1149 1579 1217; baseline 0 -15"><span class='ocrx_word' id='word_1_79' title='bbox 305 1155 430 1203; x_wconf 86' lang='lat' dir='ltr'><strong><em>Donatus.</em></strong></span> <span class='ocrx_word' id='word_1_80' title='bbox 459 1152 639 1204; x_wconf 86' lang='lat' dir='ltr'><strong><em>Barbarisrnus</em></strong></span> <span class='ocrx_word' id='word_1_81' title='bbox 657 1159 697 1202; x_wconf 89' lang='lat' dir='ltr'><strong><em>est</em></strong></span> <span class='ocrx_word' id='word_1_82' title='bbox 713 1168 763 1202; x_wconf 93' lang='lat' dir='ltr'><strong><em>una</em></strong></span> <span class='ocrx_word' id='word_1_83' title='bbox 779 1167 845 1216; x_wconf 88' lang='lat' dir='ltr'><strong><em>pars</em></strong></span> <span class='ocrx_word' id='word_1_84' title='bbox 861 1177 895 1186; x_wconf 96' lang='lat'><em>-</em></span> <span class='ocrx_word' id='word_1_85' title='bbox 912 1153 982 1201; x_wconf 89' lang='lat' dir='ltr'><strong><em>uenit</em></strong></span> <span class='ocrx_word' id='word_1_86' title='bbox 999 1153 1036 1201; x_wconf 89' lang='lat' dir='ltr'><strong><em>ad</em></strong></span> <span class='ocrx_word' id='word_1_87' title='bbox 1051 1152 1126 1202; x_wconf 85' lang='lat' dir='ltr'><strong><em>nrbes</em></strong></span> <span class='ocrx_word' id='word_1_88' title='bbox 1148 1149 1157 1217; x_wconf 76' lang='grc' dir='ltr'><strong><em>ΙΙ</em></strong></span> <span class='ocrx_word' id='word_1_89' title='bbox 1180 1153 1200 1202; x_wconf 93' lang='grc'><strong><em>1.</em></strong></span> <span class='ocrx_word' id='word_1_90' title='bbox 1219 1154 1251 1203; x_wconf 88' lang='grc'><strong><em>15</em></strong></span> <span class='ocrx_word' id='word_1_91' title='bbox 1268 1152 1377 1203; x_wconf 88' lang='lat' dir='ltr'><strong><em>Seruius</em></strong></span> <span class='ocrx_word' id='word_1_92' title='bbox 1402 1155 1579 1203; x_wconf 70' lang='lat' dir='ltr'><strong><em>rrieomediew&#39;s</em></strong></span> 
     </span>
     <span class='ocr_line' id='line_1_10' title="bbox 307 1235 1585 1303; baseline 0 -15"><span class='ocrx_word' id='word_1_93' title='bbox 307 1239 395 1288; x_wconf 87' lang='lat' dir='ltr'><strong><em>Oratio</em></strong></span> <span class='ocrx_word' id='word_1_94' title='bbox 413 1239 507 1288; x_wconf 88' lang='lat' dir='ltr'><strong><em>dicitnr</em></strong></span> <span class='ocrx_word' id='word_1_95' title='bbox 524 1241 630 1290; x_wconf 81' lang='lat' dir='ltr'><strong><em>elocutio</em></strong></span> <span class='ocrx_word' id='word_1_96' title='bbox 648 1263 682 1274; x_wconf 90' lang='lat'><strong><em>·-</em></strong></span> <span class='ocrx_word' id='word_1_97' title='bbox 701 1235 734 1286; x_wconf 80' lang='lat' dir='ltr'><strong><em>tle</em></strong></span> <span class='ocrx_word' id='word_1_98' title='bbox 754 1237 949 1286; x_wconf 82' lang='lat' dir='ltr'><strong><em>interiectione</em></strong></span> <span class='ocrx_word' id='word_1_99' title='bbox 968 1239 1072 1288; x_wconf 90' lang='lat' dir='ltr'><strong><em>contulit</em></strong></span> <span class='ocrx_word' id='word_1_100' title='bbox 1089 1253 1187 1287; x_wconf 88' lang='lat' dir='ltr'><strong><em>semen:</em></strong></span> <span class='ocrx_word' id='word_1_101' title='bbox 1206 1237 1241 1286; x_wconf 87' lang='lat' dir='ltr'><strong><em>ci.</em></strong></span> <span class='ocrx_word' id='word_1_102' title='bbox 1262 1237 1340 1303; x_wconf 83' lang='lat' dir='ltr'><strong><em>Serg.</em></strong></span> <span class='ocrx_word' id='word_1_103' title='bbox 1359 1239 1390 1286; x_wconf 90' lang='lat' dir='ltr'><strong><em>in</em></strong></span> <span class='ocrx_word' id='word_1_104' title='bbox 1410 1238 1485 1287; x_wconf 87' lang='lat' dir='ltr'><strong><em>Dan.</em></strong></span> <span class='ocrx_word' id='word_1_105' title='bbox 1503 1254 1527 1302; x_wconf 90' lang='lat' dir='ltr'><strong><em>p.</em></strong></span> <span class='ocrx_word' id='word_1_106' title='bbox 1543 1240 1585 1289; x_wconf 79' lang='grc'><strong>161,</strong></span> 
     </span>
     <span class='ocr_line' id='line_1_11' title="bbox 307 1319 1587 1388; baseline -0.002 -15"><span class='ocrx_word' id='word_1_107' title='bbox 307 1326 339 1374; x_wconf 76' lang='lat'><strong><em>23</em></strong></span> <span class='ocrx_word' id='word_1_108' title='bbox 358 1319 367 1388; x_wconf 86' lang='grc' dir='ltr'><strong><em>ΙΙ</em></strong></span> <span class='ocrx_word' id='word_1_109' title='bbox 385 1323 404 1378; x_wconf 93' lang='grc'><strong><em>1,</em></strong></span> <span class='ocrx_word' id='word_1_110' title='bbox 424 1323 457 1372; x_wconf 83' lang='lat'><strong><em>24</em></strong></span> <span class='ocrx_word' id='word_1_111' title='bbox 475 1324 595 1373; x_wconf 79' lang='lat' dir='ltr'><strong><em>Aemilius</em></strong></span> <span class='ocrx_word' id='word_1_112' title='bbox 613 1338 699 1388; x_wconf 85' lang='lat' dir='ltr'><strong><em>asper.</em></strong></span> <span class='ocrx_word' id='word_1_113' title='bbox 731 1323 786 1372; x_wconf 81' lang='lat' dir='ltr'><strong><em>Ars</em></strong></span> <span class='ocrx_word' id='word_1_114' title='bbox 803 1327 893 1372; x_wconf 88' lang='lat' dir='ltr'><strong><em>est-</em></strong></span> <span class='ocrx_word' id='word_1_115' title='bbox 910 1319 1075 1387; x_wconf 64' lang='grc'><strong>11511118</strong></span> <span class='ocrx_word' id='word_1_116' title='bbox 1097 1323 1231 1372; x_wconf 88' lang='lat' dir='ltr'><strong><em>Ternutins</em></strong></span> <span class='ocrx_word' id='word_1_117' title='bbox 1248 1338 1332 1376; x_wconf 83' lang='lat' dir='ltr'><strong><em>uerus.</em></strong></span> <span class='ocrx_word' id='word_1_118' title='bbox 1358 1323 1456 1372; x_wconf 80' lang='lat' dir='ltr'><strong><em>Metro</em></strong></span> <span class='ocrx_word' id='word_1_119' title='bbox 1472 1330 1587 1372; x_wconf 75' lang='lat' dir='ltr'><strong><em>uocem-</em></strong></span> 
     </span>
     <span class='ocr_line' id='line_1_12' title="bbox 279 1405 1586 1472; baseline 0 -14"><span class='ocrx_word' id='word_1_120' title='bbox 279 1421 281 1428; x_wconf 80' lang='grc'><strong>“</strong></span> <span class='ocrx_word' id='word_1_121' title='bbox 307 1409 407 1458; x_wconf 85' lang='lat' dir='ltr'><strong><em>cantion</em></strong></span> <span class='ocrx_word' id='word_1_122' title='bbox 422 1408 584 1458; x_wconf 87' lang='lat' dir='ltr'><strong><em>inserantur:</em></strong></span> <span class='ocrx_word' id='word_1_123' title='bbox 606 1408 703 1459; x_wconf 89' lang='lat' dir='ltr'><strong><em>Isidor.</em></strong></span> <span class='ocrx_word' id='word_1_124' title='bbox 722 1407 736 1457; x_wconf 96' lang='lat' dir='ltr'>I</span> <span class='ocrx_word' id='word_1_125' title='bbox 754 1409 799 1470; x_wconf 85' lang='lat'><strong><em>38,</em></strong></span> <span class='ocrx_word' id='word_1_126' title='bbox 820 1409 878 1454; x_wconf 94' lang='lat'><strong><em>1-</em></strong></span> <span class='ocrx_word' id='word_1_127' title='bbox 889 1407 920 1455; x_wconf 94' lang='grc'><strong><em>16</em></strong></span> <span class='ocrx_word' id='word_1_128' title='bbox 938 1405 947 1472; x_wconf 80' lang='grc' dir='ltr'><strong><em>ΙΙ</em></strong></span> <span class='ocrx_word' id='word_1_129' title='bbox 965 1407 983 1456; x_wconf 89' lang='lat' dir='ltr'><strong><em>i.</em></strong></span> <span class='ocrx_word' id='word_1_130' title='bbox 1003 1409 1037 1458; x_wconf 78' lang='lat'><strong><em>28</em></strong></span> <span class='ocrx_word' id='word_1_131' title='bbox 1055 1407 1186 1472; x_wconf 74' lang='lat' dir='ltr'><strong><em>Mam-obli</em></strong></span> <span class='ocrx_word' id='word_1_132' title='bbox 1202 1409 1355 1471; x_wconf 69' lang='lat' dir='ltr'><strong><em>opuseulum,</em></strong></span> <span class='ocrx_word' id='word_1_133' title='bbox 1386 1408 1516 1458; x_wconf 81' lang='lat' dir='ltr'><strong><em>Dubitare</em></strong></span> <span class='ocrx_word' id='word_1_134' title='bbox 1531 1413 1586 1458; x_wconf 84' lang='lat' dir='ltr'><strong><em>neni·</em></strong></span> 
     </span>
     <span class='ocr_line' id='line_1_13' title="bbox 308 1491 1585 1557; baseline -0.001 -14"><span class='ocrx_word' id='word_1_135' title='bbox 308 1510 362 1545; x_wconf 91' lang='lat' dir='ltr'><strong><em>nem</em></strong></span> <span class='ocrx_word' id='word_1_136' title='bbox 379 1493 494 1544; x_wconf 86' lang='lat' dir='ltr'><strong><em>arbitror</em></strong></span> <span class='ocrx_word' id='word_1_137' title='bbox 512 1494 631 1544; x_wconf 82' lang='lat' dir='ltr'><strong><em>tlieodere</em></strong></span> <span class='ocrx_word' id='word_1_138' title='bbox 645 1493 684 1557; x_wconf 83' lang='lat' dir='ltr'><strong><em>fili</em></strong></span> <span class='ocrx_word' id='word_1_139' title='bbox 701 1519 734 1528; x_wconf 91' lang='lat'><em>-</em></span> <span class='ocrx_word' id='word_1_140' title='bbox 752 1493 870 1557; x_wconf 84' lang='lat' dir='ltr'><strong><em>epitritus</em></strong></span> <span class='ocrx_word' id='word_1_141' title='bbox 888 1499 1009 1556; x_wconf 82' lang='lat' dir='ltr'><strong><em>quartus.-</em></strong></span> <span class='ocrx_word' id='word_1_142' title='bbox 1031 1491 1107 1541; x_wconf 79' lang='lat' dir='ltr'><strong><em>Mali.</em></strong></span> <span class='ocrx_word' id='word_1_143' title='bbox 1127 1491 1231 1542; x_wconf 85' lang='lat' dir='ltr'><strong><em>Theod.</em></strong></span> <span class='ocrx_word' id='word_1_144' title='bbox 1252 1508 1279 1557; x_wconf 87' lang='lat' dir='ltr'><strong><em>p.</em></strong></span> <span class='ocrx_word' id='word_1_145' title='bbox 1298 1493 1348 1543; x_wconf 79' lang='lat'><strong><em>525</em></strong></span> <span class='ocrx_word' id='word_1_146' title='bbox 1367 1507 1432 1557; x_wconf 83' lang='lat' dir='ltr'><strong><em>sqq.</em></strong></span> <span class='ocrx_word' id='word_1_147' title='bbox 1457 1492 1501 1542; x_wconf 85' lang='lat' dir='ltr'><strong><em>ed.</em></strong></span> <span class='ocrx_word' id='word_1_148' title='bbox 1518 1493 1585 1543; x_wconf 75' lang='lat' dir='ltr'><strong><em>Gaisi.</em></strong></span> 
     </span>
     <span class='ocr_line' id='line_1_14' title="bbox 308 1575 1587 1644; baseline -0.001 -16"><span class='ocrx_word' id='word_1_149' title='bbox 308 1575 317 1644; x_wconf 71' lang='grc'><strong><em>11</em></strong></span> <span class='ocrx_word' id='word_1_150' title='bbox 334 1578 353 1628; x_wconf 98' lang='grc'><strong><em>1.</em></strong></span> <span class='ocrx_word' id='word_1_151' title='bbox 372 1579 405 1628; x_wconf 84' lang='grc'><strong><em>30</em></strong></span> <span class='ocrx_word' id='word_1_152' title='bbox 422 1578 507 1629; x_wconf 91' lang='lat' dir='ltr'><strong><em>Mallii</em></strong></span> <span class='ocrx_word' id='word_1_153' title='bbox 523 1578 642 1629; x_wconf 76' lang='lat' dir='ltr'><strong><em>theodori</em></strong></span> <span class='ocrx_word' id='word_1_154' title='bbox 658 1593 711 1628; x_wconf 88' lang='lat' dir='ltr'><strong><em>ars.</em></strong></span> <span class='ocrx_word' id='word_1_155' title='bbox 736 1577 847 1627; x_wconf 82' lang='lat' dir='ltr'><strong><em>Metram</em></strong></span> <span class='ocrx_word' id='word_1_156' title='bbox 864 1578 1014 1642; x_wconf 76' lang='lat' dir='ltr'><strong><em>dactylicum</em></strong></span> <span class='ocrx_word' id='word_1_157' title='bbox 1031 1603 1064 1611; x_wconf 93' lang='lat'>-</span> <span class='ocrx_word' id='word_1_158' title='bbox 1081 1578 1254 1641; x_wconf 85' lang='lat' dir='ltr'><strong><em>turpissimus:</em></strong></span> <span class='ocrx_word' id='word_1_159' title='bbox 1273 1578 1310 1630; x_wconf 91' lang='lat' dir='ltr'><strong><em>ib.</em></strong></span> <span class='ocrx_word' id='word_1_160' title='bbox 1329 1594 1357 1642; x_wconf 87' lang='lat' dir='ltr'><strong><em>p.</em></strong></span> <span class='ocrx_word' id='word_1_161' title='bbox 1371 1580 1425 1628; x_wconf 81' lang='lat'><strong><em>537</em></strong></span> <span class='ocrx_word' id='word_1_162' title='bbox 1439 1593 1500 1642; x_wconf 85' lang='lat' dir='ltr'><strong>sqq.</strong></span> <span class='ocrx_word' id='word_1_163' title='bbox 1538 1578 1554 1627; x_wconf 91' lang='grc'><strong><em>1.</em></strong></span> <span class='ocrx_word' id='word_1_164' title='bbox 1564 1583 1587 1627; x_wconf 71' lang='lat'><strong><em>32</em></strong></span> 
     </span>
     <span class='ocr_line' id='line_1_15' title="bbox 309 1660 1627 1732; baseline -0.005 -18"><span class='ocrx_word' id='word_1_165' title='bbox 309 1662 413 1728; x_wconf 82' lang='lat' dir='ltr'><strong><em>Serpius</em></strong></span> <span class='ocrx_word' id='word_1_166' title='bbox 430 1678 538 1713; x_wconf 77' lang='lat' dir='ltr'><strong><em>titaneus.</em></strong></span> <span class='ocrx_word' id='word_1_167' title='bbox 560 1663 702 1713; x_wconf 83' lang='lat' dir='ltr'><strong><em>Clarissimo</em></strong></span> <span class='ocrx_word' id='word_1_168' title='bbox 720 1662 804 1712; x_wconf 89' lang='lat' dir='ltr'><strong><em>albino</em></strong></span> <span class='ocrx_word' id='word_1_169' title='bbox 823 1688 854 1695; x_wconf 92' lang='lat'>—</span> <span class='ocrx_word' id='word_1_170' title='bbox 872 1663 974 1711; x_wconf 84' lang='lat' dir='ltr'><strong><em>intende</em></strong></span> <span class='ocrx_word' id='word_1_171' title='bbox 992 1661 1117 1712; x_wconf 85' lang='lat' dir='ltr'><strong><em>laborem:</em></strong></span> <span class='ocrx_word' id='word_1_172' title='bbox 1135 1662 1212 1713; x_wconf 80' lang='lat' dir='ltr'><strong><em>Serv.</em></strong></span> <span class='ocrx_word' id='word_1_173' title='bbox 1230 1660 1263 1712; x_wconf 87' lang='lat' dir='ltr'><strong><em>do</em></strong></span> <span class='ocrx_word' id='word_1_174' title='bbox 1282 1667 1354 1711; x_wconf 83' lang='lat' dir='ltr'><strong><em>cent.</em></strong></span> <span class='ocrx_word' id='word_1_175' title='bbox 1374 1667 1458 1714; x_wconf 86' lang='lat' dir='ltr'><strong><em>metr.</em></strong></span> <span class='ocrx_word' id='word_1_176' title='bbox 1479 1666 1586 1732; x_wconf 21' lang='grc'><strong>[11156-</strong></span> <span class='ocrx_word' id='word_1_177' title='bbox 1626 1674 1627 1707; x_wconf 63' lang='lat' dir='ltr'><strong><em>t</em></strong></span> 
     </span>
     <span class='ocr_line' id='line_1_16' title="bbox 308 1744 1586 1813; baseline -0.002 -16"><span class='ocrx_word' id='word_1_178' title='bbox 308 1749 368 1813; x_wconf 88' lang='grc'><strong>464,</strong></span> <span class='ocrx_word' id='word_1_179' title='bbox 389 1749 416 1796; x_wconf 94' lang='grc'><strong><em>11</em></strong></span> <span class='ocrx_word' id='word_1_180' title='bbox 437 1744 445 1812; x_wconf 68' lang='lat' dir='ltr'>ss</span> <span class='ocrx_word' id='word_1_181' title='bbox 468 1747 488 1798; x_wconf 88' lang='grc'><strong><em>1.</em></strong></span> <span class='ocrx_word' id='word_1_182' title='bbox 509 1749 543 1798; x_wconf 83' lang='grc'><strong><em>34</em></strong></span> <span class='ocrx_word' id='word_1_183' title='bbox 564 1747 707 1813; x_wconf 90' lang='lat' dir='ltr'><strong><em>Pompeius.</em></strong></span> <span class='ocrx_word' id='word_1_184' title='bbox 731 1745 912 1797; x_wconf 87' lang='lat' dir='ltr'><strong><em>Barbarismus</em></strong></span> <span class='ocrx_word' id='word_1_185' title='bbox 930 1753 1019 1797; x_wconf 85' lang='lat' dir='ltr'><strong><em>est-</em></strong></span> <span class='ocrx_word' id='word_1_186' title='bbox 1037 1748 1183 1811; x_wconf 88' lang='lat' dir='ltr'><strong><em>appellatur</em></strong></span> <span class='ocrx_word' id='word_1_187' title='bbox 1200 1746 1393 1797; x_wconf 72' lang='lat' dir='ltr'><strong><em>barbarolexis:</em></strong></span> <span class='ocrx_word' id='word_1_188' title='bbox 1413 1745 1538 1812; x_wconf 83' lang='lat' dir='ltr'><strong><em>Pompeii</em></strong></span> <span class='ocrx_word' id='word_1_189' title='bbox 1553 1765 1586 1796; x_wconf 34' lang='grc' dir='ltr'><strong><em>ει,</em></strong></span> 
     </span>
     <span class='ocr_line' id='line_1_17' title="bbox 310 1829 1627 1901; baseline 0 -19"><span class='ocrx_word' id='word_1_190' title='bbox 310 1836 405 1898; x_wconf 82' lang='lat' dir='ltr'><strong><em>cerpte</em></strong></span> <span class='ocrx_word' id='word_1_191' title='bbox 423 1829 431 1898; x_wconf 69' lang='grc'><strong><em>11</em></strong></span> <span class='ocrx_word' id='word_1_192' title='bbox 450 1831 469 1882; x_wconf 89' lang='grc'><strong><em>1.</em></strong></span> <span class='ocrx_word' id='word_1_193' title='bbox 489 1834 522 1882; x_wconf 89' lang='grc'><strong><em>35</em></strong></span> <span class='ocrx_word' id='word_1_194' title='bbox 540 1832 682 1884; x_wconf 86' lang='lat' dir='ltr'><strong><em>Metrorins</em></strong></span> <span class='ocrx_word' id='word_1_195' title='bbox 701 1870 728 1885; x_wconf 88' lang='lat'><strong><em>..</em></strong></span> <span class='ocrx_word' id='word_1_196' title='bbox 747 1847 845 1896; x_wconf 81' lang='lat' dir='ltr'><strong><em>annone</em></strong></span> <span class='ocrx_word' id='word_1_197' title='bbox 863 1832 895 1881; x_wconf 83' lang='lat' dir='ltr'><strong><em>ele</em></strong></span> <span class='ocrx_word' id='word_1_198' title='bbox 912 1832 1010 1882; x_wconf 90' lang='lat' dir='ltr'><strong><em>licteris</em></strong></span> <span class='ocrx_word' id='word_1_199' title='bbox 1028 1859 1059 1867; x_wconf 92' lang='lat'>—</span> <span class='ocrx_word' id='word_1_200' title='bbox 1078 1847 1112 1880; x_wconf 88' lang='lat' dir='ltr'><strong><em>an</em></strong></span> <span class='ocrx_word' id='word_1_201' title='bbox 1128 1830 1254 1881; x_wconf 82' lang='lat' dir='ltr'><strong><em>meliboei:</em></strong></span> <span class='ocrx_word' id='word_1_202' title='bbox 1277 1832 1342 1881; x_wconf 79' lang='lat' dir='ltr'><strong><em>Mei.</em></strong></span> <span class='ocrx_word' id='word_1_203' title='bbox 1363 1831 1452 1882; x_wconf 79' lang='lat' dir='ltr'><strong><em>class,</em></strong></span> <span class='ocrx_word' id='word_1_204' title='bbox 1472 1839 1541 1881; x_wconf 82' lang='lat' dir='ltr'><strong><em>nuci.</em></strong></span> <span class='ocrx_word' id='word_1_205' title='bbox 1556 1834 1586 1883; x_wconf 92' lang='grc'><strong><em>111</em></strong></span> <span class='ocrx_word' id='word_1_206' title='bbox 1626 1860 1627 1901; x_wconf 37' lang='lat' dir='ltr'><strong><em>p</em></strong></span> 
     </span>
     <span class='ocr_line' id='line_1_18' title="bbox 309 1913 1627 1985; baseline -0.001 -18"><span class='ocrx_word' id='word_1_207' title='bbox 309 1934 337 1985; x_wconf 86' lang='lat' dir='ltr'><strong><em>p.</em></strong></span> <span class='ocrx_word' id='word_1_208' title='bbox 355 1917 405 1967; x_wconf 86' lang='grc'><strong><em>504</em></strong></span> <span class='ocrx_word' id='word_1_209' title='bbox 422 1931 481 1982; x_wconf 86' lang='lat' dir='ltr'><strong><em>sqq.</em></strong></span> <span class='ocrx_word' id='word_1_210' title='bbox 507 1913 515 1982; x_wconf 73' lang='grc' dir='ltr'>Η</span> <span class='ocrx_word' id='word_1_211' title='bbox 542 1916 562 1968; x_wconf 88' lang='grc'><strong><em>1.</em></strong></span> <span class='ocrx_word' id='word_1_212' title='bbox 586 1919 618 1968; x_wconf 79' lang='lat' dir='ltr'><strong><em>et</em></strong></span> <span class='ocrx_word' id='word_1_213' title='bbox 640 1917 771 1967; x_wconf 78' lang='lat' dir='ltr'><strong><em>Maximus</em></strong></span> <span class='ocrx_word' id='word_1_214' title='bbox 796 1918 943 1967; x_wconf 85' lang='lat' dir='ltr'><strong><em>nictminus.</em></strong></span> <span class='ocrx_word' id='word_1_215' title='bbox 976 1917 1115 1981; x_wconf 83' lang='lat' dir='ltr'><strong><em>Liquentes</em></strong></span> <span class='ocrx_word' id='word_1_216' title='bbox 1136 1942 1170 1951; x_wconf 87' lang='lat'>—</span> <span class='ocrx_word' id='word_1_217' title='bbox 1191 1918 1261 1966; x_wconf 85' lang='lat' dir='ltr'><strong><em>ultra</em></strong></span> <span class='ocrx_word' id='word_1_218' title='bbox 1284 1932 1349 1966; x_wconf 87' lang='lat' dir='ltr'><strong><em>una:</em></strong></span> <span class='ocrx_word' id='word_1_219' title='bbox 1375 1917 1455 1970; x_wconf 75' lang='lat' dir='ltr'><strong><em>Max.</em></strong></span> <span class='ocrx_word' id='word_1_220' title='bbox 1479 1917 1547 1966; x_wconf 64' lang='lat' dir='ltr'><strong><em>Vici</em></strong></span> <span class='ocrx_word' id='word_1_221' title='bbox 1568 1934 1586 1981; x_wconf 81' lang='lat' dir='ltr'><strong><em>p.</em></strong></span> <span class='ocrx_word' id='word_1_222' title='bbox 1626 1930 1627 1937; x_wconf 56' lang='lat'>¹</span> 
     </span>
     <span class='ocr_line' id='line_1_19' title="bbox 311 1999 1627 2068; baseline -0.006 -15"><span class='ocrx_word' id='word_1_223' title='bbox 311 2003 444 2054; x_wconf 75' lang='lat' dir='ltr'><strong><em>teos—⁷4</em></strong></span> <span class='ocrx_word' id='word_1_224' title='bbox 461 1999 470 2066; x_wconf 76' lang='grc' dir='ltr'><strong>Η</strong></span> <span class='ocrx_word' id='word_1_225' title='bbox 488 2002 507 2052; x_wconf 95' lang='grc'><strong><em>1.</em></strong></span> <span class='ocrx_word' id='word_1_226' title='bbox 526 2004 560 2053; x_wconf 80' lang='lat' dir='ltr'><strong><em>to</em></strong></span> <span class='ocrx_word' id='word_1_227' title='bbox 577 2001 682 2068; x_wconf 81' lang='lat' dir='ltr'><strong><em>Serpins</em></strong></span> <span class='ocrx_word' id='word_1_228' title='bbox 700 2003 731 2052; x_wconf 89' lang='lat' dir='ltr'><strong><em>de</em></strong></span> <span class='ocrx_word' id='word_1_229' title='bbox 749 2003 884 2052; x_wconf 86' lang='lat' dir='ltr'><strong><em>elementis.</em></strong></span> <span class='ocrx_word' id='word_1_230' title='bbox 910 2002 1002 2051; x_wconf 83' lang='lat' dir='ltr'><strong><em>Litera</em></strong></span> <span class='ocrx_word' id='word_1_231' title='bbox 1019 2003 1088 2052; x_wconf 90' lang='lat' dir='ltr'><strong><em>dieta</em></strong></span> <span class='ocrx_word' id='word_1_232' title='bbox 1105 2007 1143 2052; x_wconf 85' lang='lat' dir='ltr'><strong><em>eet</em></strong></span> <span class='ocrx_word' id='word_1_233' title='bbox 1155 2025 1189 2037; x_wconf 87' lang='lat'><strong><em>—-</em></strong></span> <span class='ocrx_word' id='word_1_234' title='bbox 1201 2017 1265 2053; x_wconf 89' lang='lat' dir='ltr'><strong><em>cano</em></strong></span> <span class='ocrx_word' id='word_1_235' title='bbox 1282 2003 1382 2052; x_wconf 85' lang='lat' dir='ltr'><strong><em>troiae:</em></strong></span> <span class='ocrx_word' id='word_1_236' title='bbox 1401 2003 1483 2067; x_wconf 81' lang='lat' dir='ltr'><strong><em>Serg.</em></strong></span> <span class='ocrx_word' id='word_1_237' title='bbox 1500 2001 1531 2052; x_wconf 84' lang='lat' dir='ltr'><strong><em>de</em></strong></span> <span class='ocrx_word' id='word_1_238' title='bbox 1545 2001 1584 2050; x_wconf 74' lang='lat' dir='ltr'><strong><em>liti</em></strong></span> <span class='ocrx_word' id='word_1_239' title='bbox 1626 2042 1627 2045; x_wconf 76' lang='grc'>,</span> 
     </span>
     <span class='ocr_line' id='line_1_20' title="bbox 311 2074 1627 2152; baseline -0.001 -15"><span class='ocrx_word' id='word_1_240' title='bbox 311 2091 364 2138; x_wconf 84' lang='lat' dir='ltr'><strong><em>etc.</em></strong></span> <span class='ocrx_word' id='word_1_241' title='bbox 383 2104 409 2152; x_wconf 88' lang='lat' dir='ltr'><strong><em>p.</em></strong></span> <span class='ocrx_word' id='word_1_242' title='bbox 428 2087 564 2139; x_wconf 83' lang='grc'><strong><em>475-485</em></strong></span> <span class='ocrx_word' id='word_1_243' title='bbox 580 2083 589 2152; x_wconf 70' lang='lat' dir='ltr'><strong><em>ll</em></strong></span> <span class='ocrx_word' id='word_1_244' title='bbox 606 2087 627 2141; x_wconf 83' lang='grc'><strong><em>1.</em></strong></span> <span class='ocrx_word' id='word_1_245' title='bbox 645 2087 679 2138; x_wconf 84' lang='grc'><strong><em>43</em></strong></span> <span class='ocrx_word' id='word_1_246' title='bbox 697 2088 814 2138; x_wconf 77' lang='lat' dir='ltr'><strong><em>Donatus</em></strong></span> <span class='ocrx_word' id='word_1_247' title='bbox 831 2088 922 2137; x_wconf 87' lang='lat' dir='ltr'><strong><em>iunior.</em></strong></span> <span class='ocrx_word' id='word_1_248' title='bbox 945 2086 1006 2137; x_wconf 78' lang='lat' dir='ltr'><strong><em>Vox</em></strong></span> <span class='ocrx_word' id='word_1_249' title='bbox 1023 2094 1062 2136; x_wconf 88' lang='lat' dir='ltr'><strong><em>est</em></strong></span> <span class='ocrx_word' id='word_1_250' title='bbox 1079 2112 1113 2122; x_wconf 97' lang='lat'>-</span> <span class='ocrx_word' id='word_1_251' title='bbox 1129 2093 1264 2137; x_wconf 89' lang='lat' dir='ltr'><strong><em>commata:</em></strong></span> <span class='ocrx_word' id='word_1_252' title='bbox 1281 2087 1352 2137; x_wconf 87' lang='lat' dir='ltr'><strong><em>Don.</em></strong></span> <span class='ocrx_word' id='word_1_253' title='bbox 1373 2103 1400 2152; x_wconf 88' lang='lat' dir='ltr'><strong><em>p.</em></strong></span> <span class='ocrx_word' id='word_1_254' title='bbox 1414 2088 1553 2148; x_wconf 73' lang='grc'><strong>361-311,</strong></span> <span class='ocrx_word' id='word_1_255' title='bbox 1562 2089 1586 2136; x_wconf 74' lang='lat' dir='ltr'><strong><em>is</em></strong></span> <span class='ocrx_word' id='word_1_256' title='bbox 1626 2074 1627 2109; x_wconf 68' lang='lat' dir='ltr'><strong><em>t</em></strong></span> 
     </span>
     <span class='ocr_line' id='line_1_21' title="bbox 309 2167 1585 2240; baseline -0.002 -18"><span class='ocrx_word' id='word_1_257' title='bbox 309 2169 317 2240; x_wconf 70' lang='grc' dir='ltr'>Η</span> <span class='ocrx_word' id='word_1_258' title='bbox 336 2173 356 2223; x_wconf 83' lang='lat' dir='ltr'><strong><em>f.</em></strong></span> <span class='ocrx_word' id='word_1_259' title='bbox 369 2173 403 2223; x_wconf 87' lang='grc'><strong><em>45</em></strong></span> <span class='ocrx_word' id='word_1_260' title='bbox 420 2172 535 2224; x_wconf 85' lang='lat' dir='ltr'><strong><em>Albinus.</em></strong></span> <span class='ocrx_word' id='word_1_261' title='bbox 560 2173 723 2236; x_wconf 76' lang='lat' dir='ltr'><strong><em>Principalis</em></strong></span> <span class='ocrx_word' id='word_1_262' title='bbox 737 2179 830 2237; x_wconf 88' lang='lat' dir='ltr'><strong><em>partes</em></strong></span> <span class='ocrx_word' id='word_1_263' title='bbox 848 2167 972 2223; x_wconf 83' lang='lat' dir='ltr'><strong><em>orationis</em></strong></span> <span class='ocrx_word' id='word_1_264' title='bbox 988 2179 1046 2221; x_wconf 87' lang='lat' dir='ltr'><strong><em>sunt</em></strong></span> <span class='ocrx_word' id='word_1_265' title='bbox 1063 2187 1151 2222; x_wconf 91' lang='lat' dir='ltr'><strong><em>nomen</em></strong></span> <span class='ocrx_word' id='word_1_266' title='bbox 1164 2178 1188 2222; x_wconf 90' lang='lat' dir='ltr'><strong><em>et</em></strong></span> <span class='ocrx_word' id='word_1_267' title='bbox 1200 2171 1303 2221; x_wconf 92' lang='lat' dir='ltr'><strong><em>uerbum</em></strong></span> <span class='ocrx_word' id='word_1_268' title='bbox 1314 2171 1391 2222; x_wconf 83' lang='lat' dir='ltr'><strong><em>—dc</em></strong></span> <span class='ocrx_word' id='word_1_269' title='bbox 1411 2172 1585 2221; x_wconf 78' lang='lat' dir='ltr'><strong><em>interiectione</em></strong></span> 
     </span>
     <span class='ocr_line' id='line_1_22' title="bbox 309 2253 1627 2322; baseline 0.001 -14"><span class='ocrx_word' id='word_1_270' title='bbox 309 2257 416 2308; x_wconf 87' lang='lat' dir='ltr'><strong><em>callidos</em></strong></span> <span class='ocrx_word' id='word_1_271' title='bbox 432 2257 543 2308; x_wconf 83' lang='lat' dir='ltr'><strong><em>bomines</em></strong></span> <span class='ocrx_word' id='word_1_272' title='bbox 561 2265 586 2307; x_wconf 93' lang='lat' dir='ltr'><strong><em>et</em></strong></span> <span class='ocrx_word' id='word_1_273' title='bbox 602 2258 694 2307; x_wconf 89' lang='lat' dir='ltr'><strong><em>similia</em></strong></span> <span class='ocrx_word' id='word_1_274' title='bbox 715 2253 724 2322; x_wconf 71' lang='grc'><strong><em>11</em></strong></span> <span class='ocrx_word' id='word_1_275' title='bbox 745 2258 765 2308; x_wconf 98' lang='grc'><strong><em>1.</em></strong></span> <span class='ocrx_word' id='word_1_276' title='bbox 782 2259 816 2307; x_wconf 87' lang='grc'><strong><em>49</em></strong></span> <span class='ocrx_word' id='word_1_277' title='bbox 836 2256 919 2308; x_wconf 80' lang='lat' dir='ltr'><strong><em>l&#39;ocas</em></strong></span> <span class='ocrx_word' id='word_1_278' title='bbox 933 2259 1119 2322; x_wconf 80' lang='lat' dir='ltr'><strong><em>pramruaticus.</em></strong></span> <span class='ocrx_word' id='word_1_279' title='bbox 1148 2258 1203 2306; x_wconf 84' lang='lat' dir='ltr'><strong><em>Ars</em></strong></span> <span class='ocrx_word' id='word_1_280' title='bbox 1220 2272 1275 2306; x_wconf 89' lang='lat' dir='ltr'><strong><em>mea</em></strong></span> <span class='ocrx_word' id='word_1_281' title='bbox 1291 2283 1326 2293; x_wconf 92' lang='lat'>—</span> <span class='ocrx_word' id='word_1_282' title='bbox 1341 2258 1381 2307; x_wconf 80' lang='lat' dir='ltr'><strong><em>leis</em></strong></span> <span class='ocrx_word' id='word_1_283' title='bbox 1397 2258 1492 2307; x_wconf 73' lang='lat' dir='ltr'><strong><em>similia</em></strong></span> <span class='ocrx_word' id='word_1_284' title='bbox 1513 2257 1547 2304; x_wconf 89' lang='grc'><strong><em>·1.</em></strong></span> <span class='ocrx_word' id='word_1_285' title='bbox 1562 2257 1585 2303; x_wconf 80' lang='lat' dir='ltr'><strong><em>bi</em></strong></span> <span class='ocrx_word' id='word_1_286' title='bbox 1626 2260 1627 2309; x_wconf 73' lang='grc' dir='ltr'>ἶ</span> 
     </span>
     <span class='ocr_line' id='line_1_23' title="bbox 310 2339 1627 2407; baseline -0.005 -14"><span class='ocrx_word' id='word_1_287' title='bbox 310 2345 401 2393; x_wconf 84' lang='lat' dir='ltr'><strong><em>Artem</em></strong></span> <span class='ocrx_word' id='word_1_288' title='bbox 421 2358 484 2394; x_wconf 87' lang='lat' dir='ltr'><strong><em>uero</em></strong></span> <span class='ocrx_word' id='word_1_289' title='bbox 505 2343 640 2394; x_wconf 76' lang='lat' dir='ltr'><strong><em>latinitatis</em></strong></span> <span class='ocrx_word' id='word_1_290' title='bbox 657 2369 689 2378; x_wconf 93' lang='lat'>—</span> <span class='ocrx_word' id='word_1_291' title='bbox 712 2349 915 2394; x_wconf 84' lang='lat' dir='ltr'><strong><em>consecuturum:</em></strong></span> <span class='ocrx_word' id='word_1_292' title='bbox 942 2341 1090 2393; x_wconf 82' lang='lat' dir='ltr'><strong><em>Diomedes</em></strong></span> <span class='ocrx_word' id='word_1_293' title='bbox 1113 2358 1140 2407; x_wconf 88' lang='lat' dir='ltr'><strong><em>p.</em></strong></span> <span class='ocrx_word' id='word_1_294' title='bbox 1160 2342 1301 2392; x_wconf 74' lang='lat' dir='ltr'><strong><em>ess-529</em></strong></span> <span class='ocrx_word' id='word_1_295' title='bbox 1319 2339 1328 2407; x_wconf 73' lang='lat' dir='ltr'><strong><em>li</em></strong></span> <span class='ocrx_word' id='word_1_296' title='bbox 1345 2343 1366 2392; x_wconf 90' lang='lat' dir='ltr'><strong><em>i.</em></strong></span> <span class='ocrx_word' id='word_1_297' title='bbox 1386 2344 1438 2393; x_wconf 83' lang='lat'><strong><em>113</em></strong></span> <span class='ocrx_word' id='word_1_298' title='bbox 1456 2341 1487 2402; x_wconf 82' lang='lat' dir='ltr'><strong><em>Q.</em></strong></span> <span class='ocrx_word' id='word_1_299' title='bbox 1504 2342 1587 2390; x_wconf 72' lang='lat' dir='ltr'><strong><em>terentii</em></strong></span> <span class='ocrx_word' id='word_1_300' title='bbox 1626 2346 1627 2351; x_wconf 76' lang='grc'>’</span> 
     </span>
    </p>
   </div>
   <div class='ocr_carea' id='block_1_5' title="bbox 310 2427 1584 2580">
    <p class='ocr_par' dir='ltr' id='par_1_5' title="bbox 310 2427 1584 2580">
     <span class='ocr_line' id='line_1_24' title="bbox 310 2427 1584 2494; baseline -0.004 -15"><span class='ocrx_word' id='word_1_301' title='bbox 310 2429 397 2480; x_wconf 89' lang='lat' dir='ltr'><strong><em>scauri</em></strong></span> <span class='ocrx_word' id='word_1_302' title='bbox 418 2429 450 2478; x_wconf 86' lang='lat' dir='ltr'><strong><em>de</em></strong></span> <span class='ocrx_word' id='word_1_303' title='bbox 473 2428 640 2494; x_wconf 76' lang='lat' dir='ltr'><strong><em>ortoprapbia</em></strong></span> <span class='ocrx_word' id='word_1_304' title='bbox 662 2430 698 2479; x_wconf 89' lang='lat' dir='ltr'><strong><em>ad</em></strong></span> <span class='ocrx_word' id='word_1_305' title='bbox 718 2428 834 2479; x_wconf 84' lang='lat' dir='ltr'><strong><em>tleeseum.</em></strong></span> <span class='ocrx_word' id='word_1_306' title='bbox 865 2427 1000 2478; x_wconf 80' lang='lat' dir='ltr'><strong><em>Scribendi</em></strong></span> <span class='ocrx_word' id='word_1_307' title='bbox 1015 2453 1048 2463; x_wconf 93' lang='lat'><em>-</em></span> <span class='ocrx_word' id='word_1_308' title='bbox 1066 2433 1094 2475; x_wconf 91' lang='lat' dir='ltr'><strong><em>nt</em></strong></span> <span class='ocrx_word' id='word_1_309' title='bbox 1114 2429 1206 2493; x_wconf 86' lang='lat' dir='ltr'><strong><em>squilla</em></strong></span> <span class='ocrx_word' id='word_1_310' title='bbox 1228 2443 1309 2492; x_wconf 82' lang='lat' dir='ltr'><strong><em>neque</em></strong></span> <span class='ocrx_word' id='word_1_311' title='bbox 1325 2443 1405 2492; x_wconf 84' lang='lat' dir='ltr'><strong><em>prae:</em></strong></span> <span class='ocrx_word' id='word_1_312' title='bbox 1425 2427 1488 2476; x_wconf 85' lang='lat' dir='ltr'><strong><em>Ter.</em></strong></span> <span class='ocrx_word' id='word_1_313' title='bbox 1506 2427 1584 2477; x_wconf 79' lang='lat' dir='ltr'><strong><em>Scene.</em></strong></span> 
     </span>
     <span class='ocr_line' id='line_1_25' title="bbox 310 2513 506 2580; baseline -0.005 -17"><span class='ocrx_word' id='word_1_314' title='bbox 310 2530 337 2580; x_wconf 88' lang='lat' dir='ltr'><strong><em>p.</em></strong></span> <span class='ocrx_word' id='word_1_315' title='bbox 355 2513 506 2564; x_wconf 72' lang='lat' dir='ltr'><strong><em>reio-54.</em></strong></span> 
     </span>
    </p>
   </div>
   <div class='ocr_carea' id='block_1_6' title="bbox 311 2613 1586 3620">
    <p class='ocr_par' dir='ltr' id='par_1_6' title="bbox 311 2613 1586 3620">
     <span class='ocr_line' id='line_1_26' title="bbox 380 2613 1584 2681; baseline -0.002 -15"><span class='ocrx_word' id='word_1_316' title='bbox 380 2614 446 2666; x_wconf 78' lang='lat' dir='ltr'><strong><em>ooo.</em></strong></span> <span class='ocrx_word' id='word_1_317' title='bbox 459 2614 522 2668; x_wconf 75' lang='lat' dir='ltr'><strong><em>vat.</em></strong></span> <span class='ocrx_word' id='word_1_318' title='bbox 538 2615 603 2666; x_wconf 73' lang='grc'><strong>1491</strong></span> <span class='ocrx_word' id='word_1_319' title='bbox 628 2613 798 2666; x_wconf 74' lang='lat' dir='ltr'><strong><em>Vetustissimi</em></strong></span> <span class='ocrx_word' id='word_1_320' title='bbox 815 2617 891 2680; x_wconf 86' lang='lat' dir='ltr'><strong><em>capri</em></strong></span> <span class='ocrx_word' id='word_1_321' title='bbox 905 2617 1063 2681; x_wconf 79' lang='lat' dir='ltr'><strong><em>prarrmeatici</em></strong></span> <span class='ocrx_word' id='word_1_322' title='bbox 1073 2614 1137 2666; x_wconf 89' lang='lat' dir='ltr'><strong><em>liber</em></strong></span> <span class='ocrx_word' id='word_1_323' title='bbox 1148 2616 1330 2680; x_wconf 80' lang='lat' dir='ltr'><strong><em>elepantiarmn</em></strong></span> <span class='ocrx_word' id='word_1_324' title='bbox 1347 2617 1388 2665; x_wconf 86' lang='lat' dir='ltr'><strong><em>nel</em></strong></span> <span class='ocrx_word' id='word_1_325' title='bbox 1405 2613 1584 2680; x_wconf 80' lang='lat' dir='ltr'><strong><em>ortboprupbia</em></strong></span> 
     </span>
     <span class='ocr_line' id='line_1_27' title="bbox 312 2698 1586 2766; baseline -0.004 -14"><span class='ocrx_word' id='word_1_326' title='bbox 312 2703 409 2766; x_wconf 78' lang='lat' dir='ltr'><strong><em>incipit.</em></strong></span> <span class='ocrx_word' id='word_1_327' title='bbox 447 2699 499 2761; x_wconf 90' lang='lat' dir='ltr'><strong><em>Quo</em></strong></span> <span class='ocrx_word' id='word_1_328' title='bbox 518 2701 589 2750; x_wconf 87' lang='lat' dir='ltr'><strong><em>clacit</em></strong></span> <span class='ocrx_word' id='word_1_329' title='bbox 604 2727 636 2738; x_wconf 87' lang='lat'>-</span> <span class='ocrx_word' id='word_1_330' title='bbox 648 2703 778 2752; x_wconf 87' lang='lat' dir='ltr'><strong><em>stellarum</em></strong></span> <span class='ocrx_word' id='word_1_331' title='bbox 794 2698 802 2766; x_wconf 71' lang='grc'><strong><em>11</em></strong></span> <span class='ocrx_word' id='word_1_332' title='bbox 821 2701 918 2765; x_wconf 81' lang='lat' dir='ltr'><strong><em>Incipit</em></strong></span> <span class='ocrx_word' id='word_1_333' title='bbox 934 2701 1000 2752; x_wconf 90' lang='lat' dir='ltr'><strong><em>liber</em></strong></span> <span class='ocrx_word' id='word_1_334' title='bbox 1018 2702 1127 2766; x_wconf 83' lang='lat' dir='ltr'><strong><em>aproetii</em></strong></span> <span class='ocrx_word' id='word_1_335' title='bbox 1143 2702 1175 2751; x_wconf 90' lang='lat' dir='ltr'><strong><em>de</em></strong></span> <span class='ocrx_word' id='word_1_336' title='bbox 1192 2702 1366 2752; x_wconf 82' lang='lat' dir='ltr'><strong><em>emendatione</em></strong></span> <span class='ocrx_word' id='word_1_337' title='bbox 1384 2702 1461 2766; x_wconf 87' lang='lat' dir='ltr'><strong><em>capri</em></strong></span> <span class='ocrx_word' id='word_1_338' title='bbox 1476 2700 1546 2750; x_wconf 82' lang='lat' dir='ltr'><strong><em>libelli</em></strong></span> <span class='ocrx_word' id='word_1_339' title='bbox 1560 2700 1586 2746; x_wconf 87' lang='lat' dir='ltr'><strong><em>ui</em></strong></span> 
     </span>
     <span class='ocr_line' id='line_1_28' title="bbox 311 2785 1583 2852; baseline -0.002 -16"><span class='ocrx_word' id='word_1_340' title='bbox 311 2787 455 2852; x_wconf 88' lang='lat' dir='ltr'><strong><em>pontificem</em></strong></span> <span class='ocrx_word' id='word_1_341' title='bbox 478 2785 619 2834; x_wconf 75' lang='lat' dir='ltr'><strong><em>eucherium</em></strong></span> <span class='ocrx_word' id='word_1_342' title='bbox 638 2787 784 2848; x_wconf 88' lang='lat' dir='ltr'><strong><em>proemium.</em></strong></span> <span class='ocrx_word' id='word_1_343' title='bbox 820 2785 928 2837; x_wconf 81' lang='lat' dir='ltr'><strong><em>Douiino</em></strong></span> <span class='ocrx_word' id='word_1_344' title='bbox 947 2813 978 2822; x_wconf 95' lang='lat'>-</span> <span class='ocrx_word' id='word_1_345' title='bbox 997 2787 1029 2836; x_wconf 91' lang='lat' dir='ltr'><strong><em>de</em></strong></span> <span class='ocrx_word' id='word_1_346' title='bbox 1045 2786 1163 2850; x_wconf 84' lang='lat' dir='ltr'><strong><em>precibus</em></strong></span> <span class='ocrx_word' id='word_1_347' title='bbox 1180 2787 1281 2836; x_wconf 72' lang='lat' dir='ltr'><strong><em>diuinis.</em></strong></span> <span class='ocrx_word' id='word_1_348' title='bbox 1317 2803 1388 2836; x_wconf 80' lang='lat' dir='ltr'><strong><em>einen</em></strong></span> <span class='ocrx_word' id='word_1_349' title='bbox 1406 2787 1493 2844; x_wconf 72' lang='grc' dir='ltr'><strong><em>τελως</em></strong></span> <span class='ocrx_word' id='word_1_350' title='bbox 1509 2785 1583 2834; x_wconf 71' lang='lat' dir='ltr'><strong><em>cedias</em></strong></span> 
     </span>
     <span class='ocr_line' id='line_1_29' title="bbox 312 2867 1583 2936; baseline -0.005 -15"><span class='ocrx_word' id='word_1_351' title='bbox 312 2870 474 2921; x_wconf 71' lang='lat' dir='ltr'><strong><em>uetustissimi</em></strong></span> <span class='ocrx_word' id='word_1_352' title='bbox 490 2871 565 2934; x_wconf 84' lang='lat' dir='ltr'><strong><em>capri</em></strong></span> <span class='ocrx_word' id='word_1_353' title='bbox 581 2872 738 2934; x_wconf 84' lang='lat' dir='ltr'><strong><em>pranematici</em></strong></span> <span class='ocrx_word' id='word_1_354' title='bbox 755 2872 937 2936; x_wconf 80' lang='lat' dir='ltr'><strong><em>elepantiarum</em></strong></span> <span class='ocrx_word' id='word_1_355' title='bbox 954 2878 980 2921; x_wconf 92' lang='lat' dir='ltr'><strong><em>et</em></strong></span> <span class='ocrx_word' id='word_1_356' title='bbox 997 2871 1179 2935; x_wconf 81' lang='lat' dir='ltr'><strong><em>orloprapliiae</em></strong></span> <span class='ocrx_word' id='word_1_357' title='bbox 1201 2867 1210 2935; x_wconf 72' lang='grc'><strong><em>11</em></strong></span> <span class='ocrx_word' id='word_1_358' title='bbox 1232 2871 1375 2922; x_wconf 84' lang='lat' dir='ltr'><strong><em>Polemonis</em></strong></span> <span class='ocrx_word' id='word_1_359' title='bbox 1390 2870 1542 2936; x_wconf 83' lang='lat' dir='ltr'><strong><em>prammalici</em></strong></span> <span class='ocrx_word' id='word_1_360' title='bbox 1554 2884 1583 2915; x_wconf 85' lang='lat' dir='ltr'><strong><em>ne·</em></strong></span> 
     </span>
     <span class='ocr_line' id='line_1_30' title="bbox 312 2951 1585 3021; baseline -0.004 -15"><span class='ocrx_word' id='word_1_361' title='bbox 312 2955 443 3006; x_wconf 87' lang='lat' dir='ltr'><strong><em>iustissimi</em></strong></span> <span class='ocrx_word' id='word_1_362' title='bbox 460 2955 491 3004; x_wconf 90' lang='lat' dir='ltr'><strong><em>de</em></strong></span> <span class='ocrx_word' id='word_1_363' title='bbox 507 2953 624 3019; x_wconf 88' lang='lat' dir='ltr'><strong><em>partibus</em></strong></span> <span class='ocrx_word' id='word_1_364' title='bbox 642 2957 766 3006; x_wconf 85' lang='lat' dir='ltr'><strong><em>orationis</em></strong></span> <span class='ocrx_word' id='word_1_365' title='bbox 783 2955 856 3008; x_wconf 87' lang='lat' dir='ltr'><strong><em>liber.</em></strong></span> <span class='ocrx_word' id='word_1_366' title='bbox 893 2954 980 3006; x_wconf 76' lang='lat' dir='ltr'><strong><em>Ouinia</em></strong></span> <span class='ocrx_word' id='word_1_367' title='bbox 996 2981 1028 2991; x_wconf 97' lang='lat'>-</span> <span class='ocrx_word' id='word_1_368' title='bbox 1047 2957 1116 3005; x_wconf 87' lang='lat' dir='ltr'><strong><em>dicta</em></strong></span> <span class='ocrx_word' id='word_1_369' title='bbox 1137 2951 1146 3021; x_wconf 87' lang='grc' dir='ltr'><strong><em>ΙΙ</em></strong></span> <span class='ocrx_word' id='word_1_370' title='bbox 1170 2955 1267 3020; x_wconf 89' lang='lat' dir='ltr'><strong><em>Incipit</em></strong></span> <span class='ocrx_word' id='word_1_371' title='bbox 1283 2971 1329 3006; x_wconf 87' lang='lat' dir='ltr'><strong><em>ars</em></strong></span> <span class='ocrx_word' id='word_1_372' title='bbox 1346 2957 1437 3006; x_wconf 84' lang='lat' dir='ltr'><strong><em>donati</em></strong></span> <span class='ocrx_word' id='word_1_373' title='bbox 1450 2954 1585 3020; x_wconf 79' lang='lat' dir='ltr'><strong><em>prmnncu&#39;n‘</em></strong></span> 
     </span>
     <span class='ocr_line' id='line_1_31' title="bbox 313 3039 1582 3107; baseline -0.002 -16"><span class='ocrx_word' id='word_1_374' title='bbox 313 3044 339 3091; x_wconf 91' lang='lat' dir='ltr'><strong><em>in</em></strong></span> <span class='ocrx_word' id='word_1_375' title='bbox 356 3040 528 3104; x_wconf 85' lang='lat' dir='ltr'><strong><em>compendium</em></strong></span> <span class='ocrx_word' id='word_1_376' title='bbox 544 3041 653 3092; x_wconf 81' lang='lat' dir='ltr'><strong><em>reducta</em></strong></span> <span class='ocrx_word' id='word_1_377' title='bbox 669 3044 744 3090; x_wconf 89' lang='lat' dir='ltr'><strong><em>semel</em></strong></span> <span class='ocrx_word' id='word_1_378' title='bbox 760 3049 939 3107; x_wconf 84' lang='lat' dir='ltr'><strong><em>postremoque</em></strong></span> <span class='ocrx_word' id='word_1_379' title='bbox 956 3056 1046 3092; x_wconf 79' lang='lat' dir='ltr'><strong><em>remens</em></strong></span> <span class='ocrx_word' id='word_1_380' title='bbox 1062 3042 1171 3091; x_wconf 87' lang='lat' dir='ltr'><strong><em>redacta</em></strong></span> <span class='ocrx_word' id='word_1_381' title='bbox 1186 3043 1213 3090; x_wconf 91' lang='lat' dir='ltr'><strong><em>in</em></strong></span> <span class='ocrx_word' id='word_1_382' title='bbox 1224 3043 1422 3106; x_wconf 85' lang='lat' dir='ltr'><strong><em>compendiatum</em></strong></span> <span class='ocrx_word' id='word_1_383' title='bbox 1433 3048 1460 3092; x_wconf 90' lang='lat' dir='ltr'><strong><em>et</em></strong></span> <span class='ocrx_word' id='word_1_384' title='bbox 1473 3039 1582 3105; x_wconf 87' lang='lat' dir='ltr'><strong><em>prinole</em></strong></span> 
     </span>
     <span class='ocr_line' id='line_1_32' title="bbox 314 3123 1582 3192; baseline -0.003 -17"><span class='ocrx_word' id='word_1_385' title='bbox 314 3127 430 3176; x_wconf 84' lang='lat' dir='ltr'><strong><em>oratione</em></strong></span> <span class='ocrx_word' id='word_1_386' title='bbox 450 3160 477 3178; x_wconf 90' lang='lat'><strong><em>..</em></strong></span> <span class='ocrx_word' id='word_1_387' title='bbox 496 3124 572 3176; x_wconf 87' lang='lat' dir='ltr'><strong><em>ilatio</em></strong></span> <span class='ocrx_word' id='word_1_388' title='bbox 590 3127 683 3176; x_wconf 89' lang='lat' dir='ltr'><strong><em>dieitur</em></strong></span> <span class='ocrx_word' id='word_1_389' title='bbox 701 3128 807 3177; x_wconf 87' lang='lat' dir='ltr'><strong><em>elocutio</em></strong></span> <span class='ocrx_word' id='word_1_390' title='bbox 824 3151 858 3160; x_wconf 95' lang='lat'>—</span> <span class='ocrx_word' id='word_1_391' title='bbox 875 3128 1048 3191; x_wconf 83' lang='lat' dir='ltr'><strong><em>compendium</em></strong></span> <span class='ocrx_word' id='word_1_392' title='bbox 1063 3130 1145 3175; x_wconf 86' lang='lat' dir='ltr'><strong><em>seruit</em></strong></span> <span class='ocrx_word' id='word_1_393' title='bbox 1158 3128 1315 3190; x_wconf 73' lang='lat' dir='ltr'><strong><em>pneumatici</em></strong></span> <span class='ocrx_word' id='word_1_394' title='bbox 1332 3142 1367 3176; x_wconf 78' lang='lat' dir='ltr'><strong><em>en</em></strong></span> <span class='ocrx_word' id='word_1_395' title='bbox 1383 3123 1582 3192; x_wconf 69' lang='lat' dir='ltr'><strong><em>praecantato-</em></strong></span> 
     </span>
     <span class='ocr_line' id='line_1_33' title="bbox 314 3207 1584 3278; baseline -0.003 -17"><span class='ocrx_word' id='word_1_396' title='bbox 314 3211 369 3261; x_wconf 86' lang='lat' dir='ltr'><strong><em>nati</em></strong></span> <span class='ocrx_word' id='word_1_397' title='bbox 381 3211 439 3274; x_wconf 85' lang='lat' dir='ltr'><strong><em>finit</em></strong></span> <span class='ocrx_word' id='word_1_398' title='bbox 455 3211 582 3273; x_wconf 82' lang='lat' dir='ltr'><strong><em>feliciter:</em></strong></span> <span class='ocrx_word' id='word_1_399' title='bbox 600 3211 635 3260; x_wconf 84' lang='lat' dir='ltr'><strong><em>ei.</em></strong></span> <span class='ocrx_word' id='word_1_400' title='bbox 657 3211 735 3278; x_wconf 80' lang='lat' dir='ltr'><strong><em>Serg.</em></strong></span> <span class='ocrx_word' id='word_1_401' title='bbox 753 3211 782 3260; x_wconf 91' lang='lat' dir='ltr'><strong><em>in</em></strong></span> <span class='ocrx_word' id='word_1_402' title='bbox 799 3211 871 3262; x_wconf 86' lang='lat' dir='ltr'><strong><em>Dan.</em></strong></span> <span class='ocrx_word' id='word_1_403' title='bbox 891 3227 918 3276; x_wconf 87' lang='lat' dir='ltr'><strong><em>p.</em></strong></span> <span class='ocrx_word' id='word_1_404' title='bbox 930 3212 989 3278; x_wconf 80' lang='grc'><strong>481,</strong></span> <span class='ocrx_word' id='word_1_405' title='bbox 1006 3214 1039 3263; x_wconf 76' lang='grc'><strong><em>13</em></strong></span> <span class='ocrx_word' id='word_1_406' title='bbox 1057 3209 1065 3277; x_wconf 67' lang='lat' dir='ltr'><strong><em>ll</em></strong></span> <span class='ocrx_word' id='word_1_407' title='bbox 1083 3211 1171 3275; x_wconf 84' lang='lat' dir='ltr'><strong><em>Asper</em></strong></span> <span class='ocrx_word' id='word_1_408' title='bbox 1187 3214 1364 3276; x_wconf 81' lang='lat' dir='ltr'><strong><em>prunmeaticus</em></strong></span> <span class='ocrx_word' id='word_1_409' title='bbox 1377 3237 1407 3246; x_wconf 90' lang='lat'><em>-</em></span> <span class='ocrx_word' id='word_1_410' title='bbox 1420 3227 1471 3261; x_wconf 83' lang='lat' dir='ltr'><strong><em>nna</em></strong></span> <span class='ocrx_word' id='word_1_411' title='bbox 1491 3207 1494 3215; x_wconf 83' lang='lat'><em>&#39;</em></span> <span class='ocrx_word' id='word_1_412' title='bbox 1510 3208 1584 3257; x_wconf 82' lang='lat' dir='ltr'><strong><em>Carisi</em></strong></span> 
     </span>
     <span class='ocr_line' id='line_1_34' title="bbox 312 3295 1581 3366; baseline -0.004 -20"><span class='ocrx_word' id='word_1_413' title='bbox 312 3296 469 3363; x_wconf 86' lang='lat' dir='ltr'><strong><em>pramrnatici</em></strong></span> <span class='ocrx_word' id='word_1_414' title='bbox 485 3311 530 3346; x_wconf 90' lang='lat' dir='ltr'><strong><em>ars</em></strong></span> <span class='ocrx_word' id='word_1_415' title='bbox 547 3297 644 3360; x_wconf 85' lang='lat' dir='ltr'><strong><em>incipit.</em></strong></span> <span class='ocrx_word' id='word_1_416' title='bbox 679 3302 704 3346; x_wconf 90' lang='lat' dir='ltr'><strong><em>et</em></strong></span> <span class='ocrx_word' id='word_1_417' title='bbox 721 3296 783 3346; x_wconf 82' lang='lat' dir='ltr'><strong><em>linea</em></strong></span> <span class='ocrx_word' id='word_1_418' title='bbox 805 3297 920 3366; x_wconf 76' lang='lat' dir='ltr'><strong><em>omnine</em></strong></span> <span class='ocrx_word' id='word_1_419' title='bbox 942 3297 1057 3347; x_wconf 80' lang='lat' dir='ltr'><strong><em>diomede</em></strong></span> <span class='ocrx_word' id='word_1_420' title='bbox 1074 3299 1180 3347; x_wconf 89' lang='lat' dir='ltr'><strong><em>collecta</em></strong></span> <span class='ocrx_word' id='word_1_421' title='bbox 1197 3298 1325 3348; x_wconf 88' lang='lat' dir='ltr'><strong><em>uidentur.</em></strong></span> <span class='ocrx_word' id='word_1_422' title='bbox 1360 3313 1418 3346; x_wconf 88' lang='lat' dir='ltr'><strong><em>nam</em></strong></span> <span class='ocrx_word' id='word_1_423' title='bbox 1439 3310 1528 3363; x_wconf 82' lang='lat' dir='ltr'><strong><em>queque</em></strong></span> <span class='ocrx_word' id='word_1_424' title='bbox 1546 3295 1581 3341; x_wconf 79' lang='lat' dir='ltr'><strong><em>en</em></strong></span> 
     </span>
     <span class='ocr_line' id='line_1_35' title="bbox 314 3381 1580 3447; baseline -0.004 -14"><span class='ocrx_word' id='word_1_425' title='bbox 314 3384 376 3433; x_wconf 87' lang='lat' dir='ltr'><strong><em>dicit</em></strong></span> <span class='ocrx_word' id='word_1_426' title='bbox 393 3382 520 3432; x_wconf 84' lang='lat' dir='ltr'><strong><em>diomedes</em></strong></span> <span class='ocrx_word' id='word_1_427' title='bbox 538 3381 606 3431; x_wconf 89' lang='lat' dir='ltr'><strong><em>dicit.</em></strong></span> <span class='ocrx_word' id='word_1_428' title='bbox 646 3381 839 3447; x_wconf 77' lang='lat' dir='ltr'><strong><em>Coniupationes</em></strong></span> <span class='ocrx_word' id='word_1_429' title='bbox 862 3396 925 3446; x_wconf 82' lang='lat' dir='ltr'><strong><em>qaas</em></strong></span> <span class='ocrx_word' id='word_1_430' title='bbox 944 3382 1034 3444; x_wconf 82' lang='lat' dir='ltr'><strong><em>praeci</em></strong></span> <span class='ocrx_word' id='word_1_431' title='bbox 1053 3383 1177 3446; x_wconf 78' lang='lat' dir='ltr'><strong><em>aneppias</em></strong></span> <span class='ocrx_word' id='word_1_432' title='bbox 1193 3383 1326 3445; x_wconf 88' lang='lat' dir='ltr'><strong><em>appellant</em></strong></span> <span class='ocrx_word' id='word_1_433' title='bbox 1342 3388 1402 3431; x_wconf 87' lang='lat' dir='ltr'><strong><em>snut</em></strong></span> <span class='ocrx_word' id='word_1_434' title='bbox 1419 3383 1488 3446; x_wconf 82' lang='lat' dir='ltr'><strong><em>apud</em></strong></span> <span class='ocrx_word' id='word_1_435' title='bbox 1502 3385 1580 3428; x_wconf 72' lang='lat' dir='ltr'><strong><em>uorem</em></strong></span> 
     </span>
     <span class='ocr_line' id='line_1_36' title="bbox 313 3464 1581 3533; baseline -0.004 -16"><span class='ocrx_word' id='word_1_436' title='bbox 313 3469 398 3533; x_wconf 85' lang='lat' dir='ltr'><strong><em>prima</em></strong></span> <span class='ocrx_word' id='word_1_437' title='bbox 416 3481 467 3532; x_wconf 88' lang='lat' dir='ltr'><strong><em>per</em></strong></span> <span class='ocrx_word' id='word_1_438' title='bbox 489 3483 512 3516; x_wconf 89' lang='lat' dir='ltr'><strong><em>a.</em></strong></span> <span class='ocrx_word' id='word_1_439' title='bbox 550 3471 700 3530; x_wconf 82' lang='lat' dir='ltr'><strong><em>sequnntur</em></strong></span> <span class='ocrx_word' id='word_1_440' title='bbox 722 3465 857 3531; x_wconf 77' lang='lat' dir='ltr'><strong><em>quaedem</em></strong></span> <span class='ocrx_word' id='word_1_441' title='bbox 880 3481 913 3516; x_wconf 85' lang='lat' dir='ltr'><strong><em>ox</em></strong></span> <span class='ocrx_word' id='word_1_442' title='bbox 936 3464 1054 3517; x_wconf 83' lang='lat' dir='ltr'><strong><em>diversis</em></strong></span> <span class='ocrx_word' id='word_1_443' title='bbox 1076 3467 1266 3530; x_wconf 79' lang='lat' dir='ltr'><strong><em>grammaticis</em></strong></span> <span class='ocrx_word' id='word_1_444' title='bbox 1290 3472 1422 3532; x_wconf 74' lang='lat' dir='ltr'><strong><em>excerpis</em></strong></span> <span class='ocrx_word' id='word_1_445' title='bbox 1444 3494 1476 3502; x_wconf 88' lang='lat'>—</span> <span class='ocrx_word' id='word_1_446' title='bbox 1492 3464 1581 3515; x_wconf 68' lang='lat' dir='ltr'><strong><em>udidw</em></strong></span> 
     </span>
     <span class='ocr_line' id='line_1_37' title="bbox 315 3552 1508 3620; baseline -0.003 -18"><span class='ocrx_word' id='word_1_447' title='bbox 315 3555 415 3620; x_wconf 86' lang='lat' dir='ltr'><strong><em>quidam</em></strong></span> <span class='ocrx_word' id='word_1_448' title='bbox 431 3558 442 3601; x_wconf 95' lang='lat' dir='ltr'><strong><em>t</em></strong></span> <span class='ocrx_word' id='word_1_449' title='bbox 459 3559 486 3602; x_wconf 89' lang='lat' dir='ltr'><strong><em>ui</em></strong></span> <span class='ocrx_word' id='word_1_450' title='bbox 503 3553 543 3602; x_wconf 90' lang='lat' dir='ltr'><strong><em>lac</em></strong></span> <span class='ocrx_word' id='word_1_451' title='bbox 561 3567 703 3616; x_wconf 85' lang='lat' dir='ltr'><strong><em>quanquam</em></strong></span> <span class='ocrx_word' id='word_1_452' title='bbox 719 3553 787 3601; x_wconf 84' lang='lat' dir='ltr'><strong><em>lacte</em></strong></span> <span class='ocrx_word' id='word_1_453' title='bbox 804 3552 891 3602; x_wconf 90' lang='lat' dir='ltr'><strong><em>melius</em></strong></span> <span class='ocrx_word' id='word_1_454' title='bbox 908 3552 1010 3601; x_wconf 67' lang='lat' dir='ltr'><strong><em>duntur</em></strong></span> <span class='ocrx_word' id='word_1_455' title='bbox 1026 3557 1054 3600; x_wconf 90' lang='lat' dir='ltr'><strong><em>ut</em></strong></span> <span class='ocrx_word' id='word_1_456' title='bbox 1071 3558 1110 3601; x_wconf 90' lang='lat' dir='ltr'><strong><em>est</em></strong></span> <span class='ocrx_word' id='word_1_457' title='bbox 1126 3553 1198 3615; x_wconf 81' lang='lat' dir='ltr'><strong><em>apud</em></strong></span> <span class='ocrx_word' id='word_1_458' title='bbox 1214 3553 1313 3602; x_wconf 87' lang='lat' dir='ltr'><strong><em>ennium</em></strong></span> <span class='ocrx_word' id='word_1_459' title='bbox 1329 3554 1356 3602; x_wconf 92' lang='lat' dir='ltr'><strong><em>in</em></strong></span> <span class='ocrx_word' id='word_1_460' title='bbox 1373 3552 1508 3603; x_wconf 79' lang='lat' dir='ltr'><strong><em>annalibus.</em></strong></span> 
     </span>
    </p>
   </div>
   <div class='ocr_carea' id='block_1_7' title="bbox 312 3649 1627 4828">
    <p class='ocr_par' dir='ltr' id='par_1_7' title="bbox 312 3649 1627 4828">
     <span class='ocr_line' id='line_1_38' title="bbox 400 3649 1579 3719; baseline -0.003 -16"><span class='ocrx_word' id='word_1_461' title='bbox 400 3653 467 3706; x_wconf 76' lang='lat' dir='ltr'><strong><em>eod.</em></strong></span> <span class='ocrx_word' id='word_1_462' title='bbox 486 3654 585 3719; x_wconf 82' lang='lat' dir='ltr'><strong><em>Regin.</em></strong></span> <span class='ocrx_word' id='word_1_463' title='bbox 607 3653 671 3703; x_wconf 82' lang='grc'><strong>1818</strong></span> <span class='ocrx_word' id='word_1_464' title='bbox 695 3653 714 3703; x_wconf 92' lang='grc'><strong><em>1.</em></strong></span> <span class='ocrx_word' id='word_1_465' title='bbox 737 3654 750 3702; x_wconf 93' lang='grc'><strong><em>1</em></strong></span> <span class='ocrx_word' id='word_1_466' title='bbox 774 3654 905 3704; x_wconf 80' lang='lat' dir='ltr'><strong><em>Prisciani</em></strong></span> <span class='ocrx_word' id='word_1_467' title='bbox 923 3652 1082 3718; x_wconf 83' lang='lat' dir='ltr'><strong><em>pranimatiei</em></strong></span> <span class='ocrx_word' id='word_1_468' title='bbox 1102 3654 1236 3704; x_wconf 74' lang='lat' dir='ltr'><strong><em>clarissimi</em></strong></span> <span class='ocrx_word' id='word_1_469' title='bbox 1257 3653 1322 3704; x_wconf 90' lang='lat' dir='ltr'><strong><em>liber</em></strong></span> <span class='ocrx_word' id='word_1_470' title='bbox 1343 3655 1376 3704; x_wconf 85' lang='lat' dir='ltr'><strong><em>de</em></strong></span> <span class='ocrx_word' id='word_1_471' title='bbox 1397 3649 1579 3706; x_wconf 70' lang='lat' dir='ltr'><strong><em>declinationibus</em></strong></span> 
     </span>
     <span class='ocr_line' id='line_1_39' title="bbox 312 3733 1577 3807; baseline -0.006 -17"><span class='ocrx_word' id='word_1_472' title='bbox 312 3742 426 3805; x_wconf 83' lang='lat' dir='ltr'><strong><em>feliciter</em></strong></span> <span class='ocrx_word' id='word_1_473' title='bbox 441 3740 539 3804; x_wconf 90' lang='lat' dir='ltr'><strong><em>incipit.</em></strong></span> <span class='ocrx_word' id='word_1_474' title='bbox 577 3736 663 3788; x_wconf 88' lang='lat' dir='ltr'><strong><em>Omnia</em></strong></span> <span class='ocrx_word' id='word_1_475' title='bbox 681 3764 712 3775; x_wconf 89' lang='lat'><em>-</em></span> <span class='ocrx_word' id='word_1_476' title='bbox 730 3739 860 3788; x_wconf 85' lang='lat' dir='ltr'><strong><em>inuenies:</em></strong></span> <span class='ocrx_word' id='word_1_477' title='bbox 877 3737 1014 3788; x_wconf 80' lang='lat' dir='ltr'><strong><em>Priscian.</em></strong></span> <span class='ocrx_word' id='word_1_478' title='bbox 1032 3736 1067 3786; x_wconf 85' lang='lat' dir='ltr'><strong><em>de</em></strong></span> <span class='ocrx_word' id='word_1_479' title='bbox 1085 3752 1156 3790; x_wconf 84' lang='lat' dir='ltr'><strong><em>nom.</em></strong></span> <span class='ocrx_word' id='word_1_480' title='bbox 1176 3743 1228 3788; x_wconf 84' lang='lat' dir='ltr'><strong><em>etc.</em></strong></span> <span class='ocrx_word' id='word_1_481' title='bbox 1246 3754 1274 3804; x_wconf 88' lang='lat' dir='ltr'><strong><em>p.</em></strong></span> <span class='ocrx_word' id='word_1_482' title='bbox 1292 3739 1428 3790; x_wconf 77' lang='grc'><strong>143-456</strong></span> <span class='ocrx_word' id='word_1_483' title='bbox 1446 3737 1456 3807; x_wconf 78' lang='lat'><strong><em>{1</em></strong></span> <span class='ocrx_word' id='word_1_484' title='bbox 1473 3739 1490 3790; x_wconf 86' lang='grc'><strong><em>1.</em></strong></span> <span class='ocrx_word' id='word_1_485' title='bbox 1507 3738 1533 3787; x_wconf 84' lang='lat' dir='ltr'><strong><em>li</em></strong></span> <span class='ocrx_word' id='word_1_486' title='bbox 1546 3733 1577 3782; x_wconf 86' lang='lat' dir='ltr'><strong><em>lu·</em></strong></span> 
     </span>
     <span class='ocr_line' id='line_1_40' title="bbox 314 3821 1576 3888; baseline -0.006 -12"><span class='ocrx_word' id='word_1_487' title='bbox 314 3828 411 3876; x_wconf 89' lang='lat' dir='ltr'><strong><em>uenalis</em></strong></span> <span class='ocrx_word' id='word_1_488' title='bbox 429 3825 461 3874; x_wconf 90' lang='lat' dir='ltr'><strong><em>de</em></strong></span> <span class='ocrx_word' id='word_1_489' title='bbox 478 3827 609 3888; x_wconf 89' lang='lat' dir='ltr'><strong><em>palemone</em></strong></span> <span class='ocrx_word' id='word_1_490' title='bbox 627 3849 660 3858; x_wconf 91' lang='lat'><strong><em>-—</em></strong></span> <span class='ocrx_word' id='word_1_491' title='bbox 676 3825 820 3888; x_wconf 84' lang='lat' dir='ltr'><strong><em>plenissime</em></strong></span> <span class='ocrx_word' id='word_1_492' title='bbox 839 3825 908 3874; x_wconf 84' lang='lat' dir='ltr'><strong><em>dicta</em></strong></span> <span class='ocrx_word' id='word_1_493' title='bbox 925 3821 933 3888; x_wconf 69' lang='grc'><strong><em>11</em></strong></span> <span class='ocrx_word' id='word_1_494' title='bbox 952 3823 971 3873; x_wconf 92' lang='grc'><strong><em>1.</em></strong></span> <span class='ocrx_word' id='word_1_495' title='bbox 988 3821 1020 3873; x_wconf 80' lang='lat'><strong><em>34</em></strong></span> <span class='ocrx_word' id='word_1_496' title='bbox 1040 3822 1120 3887; x_wconf 83' lang='lat' dir='ltr'><strong><em>Capri</em></strong></span> <span class='ocrx_word' id='word_1_497' title='bbox 1136 3825 1293 3888; x_wconf 83' lang='lat' dir='ltr'><strong><em>praumatici</em></strong></span> <span class='ocrx_word' id='word_1_498' title='bbox 1309 3827 1473 3876; x_wconf 87' lang='lat' dir='ltr'><strong><em>uetustissimi</em></strong></span> <span class='ocrx_word' id='word_1_499' title='bbox 1487 3831 1576 3884; x_wconf 74' lang='lat' dir='ltr'><strong><em>alopec-</em></strong></span> 
     </span>
     <span class='ocr_line' id='line_1_41' title="bbox 314 3904 1579 3977; baseline -0.008 -15"><span class='ocrx_word' id='word_1_500' title='bbox 314 3912 373 3977; x_wconf 82' lang='lat' dir='ltr'><strong><em>pltie</em></strong></span> <span class='ocrx_word' id='word_1_501' title='bbox 390 3912 444 3962; x_wconf 89' lang='lat' dir='ltr'><strong><em>siue</em></strong></span> <span class='ocrx_word' id='word_1_502' title='bbox 462 3911 643 3975; x_wconf 79' lang='lat' dir='ltr'><strong><em>elepantinrnm</em></strong></span> <span class='ocrx_word' id='word_1_503' title='bbox 660 3909 756 3959; x_wconf 88' lang='lat' dir='ltr'><strong><em>libellus</em></strong></span> <span class='ocrx_word' id='word_1_504' title='bbox 771 3909 883 3972; x_wconf 70' lang='lat' dir='ltr'><strong><em>feliciter</em></strong></span> <span class='ocrx_word' id='word_1_505' title='bbox 900 3909 997 3972; x_wconf 89' lang='lat' dir='ltr'><strong><em>incipit.</em></strong></span> <span class='ocrx_word' id='word_1_506' title='bbox 1034 3907 1109 3957; x_wconf 86' lang='lat' dir='ltr'><strong><em>Haec</em></strong></span> <span class='ocrx_word' id='word_1_507' title='bbox 1131 3909 1173 3958; x_wconf 89' lang='lat' dir='ltr'><strong><em>uia</em></strong></span> <span class='ocrx_word' id='word_1_508' title='bbox 1192 3933 1223 3942; x_wconf 94' lang='lat'>—</span> <span class='ocrx_word' id='word_1_509' title='bbox 1241 3912 1370 3959; x_wconf 82' lang='lat' dir='ltr'><strong><em>stellarum</em></strong></span> <span class='ocrx_word' id='word_1_510' title='bbox 1388 3908 1396 3974; x_wconf 70' lang='lat' dir='ltr'><strong><em>lt</em></strong></span> <span class='ocrx_word' id='word_1_511' title='bbox 1412 3910 1435 3960; x_wconf 90' lang='grc'><strong><em>1.</em></strong></span> <span class='ocrx_word' id='word_1_512' title='bbox 1452 3911 1482 3959; x_wconf 84' lang='grc'><strong><em>41</em></strong></span> <span class='ocrx_word' id='word_1_513' title='bbox 1499 3904 1579 3958; x_wconf 73' lang='lat' dir='ltr'><strong><em>eruar</em></strong></span> 
     </span>
     <span class='ocr_line' id='line_1_42' title="bbox 316 3992 1576 4063; baseline -0.004 -16"><span class='ocrx_word' id='word_1_514' title='bbox 316 3997 425 4063; x_wconf 81' lang='lat' dir='ltr'><strong><em>aproetii</em></strong></span> <span class='ocrx_word' id='word_1_515' title='bbox 441 3995 621 4060; x_wconf 86' lang='lat' dir='ltr'><strong><em>elepantiarum</em></strong></span> <span class='ocrx_word' id='word_1_516' title='bbox 638 3993 734 4044; x_wconf 88' lang='lat' dir='ltr'><strong><em>libellus</em></strong></span> <span class='ocrx_word' id='word_1_517' title='bbox 750 3994 891 4044; x_wconf 83' lang='lat' dir='ltr'><strong><em>scolaribus</em></strong></span> <span class='ocrx_word' id='word_1_518' title='bbox 902 3995 1000 4043; x_wconf 69' lang='lat' dir='ltr'><strong><em>matum</em></strong></span> <span class='ocrx_word' id='word_1_519' title='bbox 1017 3995 1160 4043; x_wconf 86' lang='lat' dir='ltr'><strong><em>conducens</em></strong></span> <span class='ocrx_word' id='word_1_520' title='bbox 1174 3993 1288 4056; x_wconf 87' lang='lat' dir='ltr'><strong><em>feliciter</em></strong></span> <span class='ocrx_word' id='word_1_521' title='bbox 1304 3997 1396 4059; x_wconf 87' lang='lat' dir='ltr'><strong><em>incipit</em></strong></span> <span class='ocrx_word' id='word_1_522' title='bbox 1412 3997 1450 4046; x_wconf 88' lang='lat' dir='ltr'><strong><em>ad</em></strong></span> <span class='ocrx_word' id='word_1_523' title='bbox 1465 3992 1576 4046; x_wconf 68' lang='lat' dir='ltr'><strong><em>eucleriw</em></strong></span> 
     </span>
     <span class='ocr_line' id='line_1_43' title="bbox 314 4076 1577 4148; baseline -0.01 -14"><span class='ocrx_word' id='word_1_524' title='bbox 314 4084 458 4148; x_wconf 81' lang='lat' dir='ltr'><strong><em>pontificem</em></strong></span> <span class='ocrx_word' id='word_1_525' title='bbox 476 4081 507 4130; x_wconf 91' lang='lat' dir='ltr'><strong><em>de</em></strong></span> <span class='ocrx_word' id='word_1_526' title='bbox 522 4080 645 4144; x_wconf 80' lang='lat' dir='ltr'><strong><em>politione</em></strong></span> <span class='ocrx_word' id='word_1_527' title='bbox 663 4081 745 4144; x_wconf 87' lang='lat' dir='ltr'><strong><em>capri.</em></strong></span> <span class='ocrx_word' id='word_1_528' title='bbox 782 4079 904 4130; x_wconf 82' lang='lat' dir='ltr'><strong><em>Libellum</em></strong></span> <span class='ocrx_word' id='word_1_529' title='bbox 921 4103 954 4114; x_wconf 90' lang='lat'>-</span> <span class='ocrx_word' id='word_1_530' title='bbox 971 4079 1089 4143; x_wconf 87' lang='lat' dir='ltr'><strong><em>precibus</em></strong></span> <span class='ocrx_word' id='word_1_531' title='bbox 1106 4076 1114 4143; x_wconf 70' lang='grc'><strong><em>11</em></strong></span> <span class='ocrx_word' id='word_1_532' title='bbox 1132 4079 1151 4128; x_wconf 93' lang='grc'><strong><em>1.</em></strong></span> <span class='ocrx_word' id='word_1_533' title='bbox 1169 4080 1203 4129; x_wconf 77' lang='grc'><strong><em>46</em></strong></span> <span class='ocrx_word' id='word_1_534' title='bbox 1221 4079 1334 4130; x_wconf 82' lang='lat' dir='ltr'><strong><em>Obarisii</em></strong></span> <span class='ocrx_word' id='word_1_535' title='bbox 1350 4081 1503 4144; x_wconf 60' lang='lat' dir='ltr'><strong><em>menindici</em></strong></span> <span class='ocrx_word' id='word_1_536' title='bbox 1517 4083 1577 4125; x_wconf 77' lang='lat' dir='ltr'><strong><em>uetui-</em></strong></span> 
     </span>
     <span class='ocr_line' id='line_1_44' title="bbox 316 4153 1559 4230; baseline -0.006 -12"><span class='ocrx_word' id='word_1_537' title='bbox 316 4168 405 4218; x_wconf 85' lang='lat' dir='ltr'><strong><em>tiseimi</em></strong></span> <span class='ocrx_word' id='word_1_538' title='bbox 425 4181 470 4216; x_wconf 86' lang='lat' dir='ltr'><strong><em>ars</em></strong></span> <span class='ocrx_word' id='word_1_539' title='bbox 492 4167 586 4230; x_wconf 89' lang='lat' dir='ltr'><strong><em>optima</em></strong></span> <span class='ocrx_word' id='word_1_540' title='bbox 607 4173 632 4214; x_wconf 92' lang='lat' dir='ltr'><strong><em>et</em></strong></span> <span class='ocrx_word' id='word_1_541' title='bbox 652 4167 778 4230; x_wconf 77' lang='lat' dir='ltr'><strong><em>perutilis.</em></strong></span> <span class='ocrx_word' id='word_1_542' title='bbox 816 4153 1059 4227; x_wconf 76' lang='lat' dir='ltr'><strong><em>Goniupatianes&#39;-</em></strong></span> <span class='ocrx_word' id='word_1_543' title='bbox 1077 4165 1104 4213; x_wconf 90' lang='lat' dir='ltr'><strong><em>in</em></strong></span> <span class='ocrx_word' id='word_1_544' title='bbox 1125 4164 1273 4214; x_wconf 83' lang='lat' dir='ltr'><strong><em>anualiben:</em></strong></span> <span class='ocrx_word' id='word_1_545' title='bbox 1295 4164 1331 4213; x_wconf 82' lang='lat' dir='ltr'><strong><em>ci.</em></strong></span> <span class='ocrx_word' id='word_1_546' title='bbox 1354 4165 1415 4220; x_wconf 85' lang='lat' dir='ltr'><strong><em>cod.</em></strong></span> <span class='ocrx_word' id='word_1_547' title='bbox 1435 4165 1495 4216; x_wconf 75' lang='lat' dir='ltr'><strong><em>vu.</em></strong></span> <span class='ocrx_word' id='word_1_548' title='bbox 1511 4161 1559 4212; x_wconf 76' lang='lat' dir='ltr'><strong><em>liii</em></strong></span> 
     </span>
     <span class='ocr_line' id='line_1_45' title="bbox 317 4244 1627 4316; baseline -0.004 -12"><span class='ocrx_word' id='word_1_549' title='bbox 317 4253 336 4303; x_wconf 87' lang='grc'><strong><em>1.</em></strong></span> <span class='ocrx_word' id='word_1_550' title='bbox 354 4253 387 4304; x_wconf 83' lang='grc'><strong><em>59</em></strong></span> <span class='ocrx_word' id='word_1_551' title='bbox 406 4251 489 4316; x_wconf 86' lang='lat' dir='ltr'><strong><em>Aepri</em></strong></span> <span class='ocrx_word' id='word_1_552' title='bbox 505 4251 608 4301; x_wconf 86' lang='lat' dir='ltr'><strong><em>maioris</em></strong></span> <span class='ocrx_word' id='word_1_553' title='bbox 623 4251 788 4315; x_wconf 85' lang='lat' dir='ltr'><strong><em>prnmmntica</em></strong></span> <span class='ocrx_word' id='word_1_554' title='bbox 804 4265 873 4301; x_wconf 92' lang='lat' dir='ltr'><strong><em>more</em></strong></span> <span class='ocrx_word' id='word_1_555' title='bbox 895 4249 1062 4299; x_wconf 74' lang='lat' dir='ltr'><strong><em>molestissimo</em></strong></span> <span class='ocrx_word' id='word_1_556' title='bbox 1079 4250 1176 4314; x_wconf 85' lang='lat' dir='ltr'><strong><em>incipit.</em></strong></span> <span class='ocrx_word' id='word_1_557' title='bbox 1213 4250 1316 4299; x_wconf 82' lang='lat' dir='ltr'><strong><em>Ars-</em></strong></span> <span class='ocrx_word' id='word_1_558' title='bbox 1335 4267 1393 4301; x_wconf 86' lang='lat' dir='ltr'><strong><em>uua.</em></strong></span> <span class='ocrx_word' id='word_1_559' title='bbox 1412 4248 1421 4316; x_wconf 72' lang='grc'><strong><em>11</em></strong></span> <span class='ocrx_word' id='word_1_560' title='bbox 1440 4252 1458 4302; x_wconf 92' lang='grc'><strong><em>1.</em></strong></span> <span class='ocrx_word' id='word_1_561' title='bbox 1470 4253 1500 4301; x_wconf 80' lang='grc'><strong><em>61</em></strong></span> <span class='ocrx_word' id='word_1_562' title='bbox 1515 4244 1577 4308; x_wconf 78' lang='lat' dir='ltr'><strong><em>Queri·</em></strong></span> <span class='ocrx_word' id='word_1_563' title='bbox 1626 4278 1627 4287; x_wconf 78' lang='lat'><strong><em>.</em></strong></span> 
     </span>
     <span class='ocr_line' id='line_1_46' title="bbox 318 4333 1574 4402; baseline -0.004 -14"><span class='ocrx_word' id='word_1_564' title='bbox 318 4346 358 4389; x_wconf 89' lang='lat' dir='ltr'><strong><em>tar</em></strong></span> <span class='ocrx_word' id='word_1_565' title='bbox 375 4345 456 4387; x_wconf 88' lang='lat' dir='ltr'><strong><em>utram</em></strong></span> <span class='ocrx_word' id='word_1_566' title='bbox 472 4337 598 4402; x_wconf 77' lang='lat' dir='ltr'><strong><em>perunctia</em></strong></span> <span class='ocrx_word' id='word_1_567' title='bbox 618 4337 669 4384; x_wconf 87' lang='lat' dir='ltr'><strong><em>sint</em></strong></span> <span class='ocrx_word' id='word_1_568' title='bbox 691 4335 771 4385; x_wconf 87' lang='lat' dir='ltr'><strong><em>uerba</em></strong></span> <span class='ocrx_word' id='word_1_569' title='bbox 789 4359 820 4368; x_wconf 94' lang='lat'>—</span> <span class='ocrx_word' id='word_1_570' title='bbox 839 4340 864 4384; x_wconf 91' lang='lat' dir='ltr'><strong><em>et</em></strong></span> <span class='ocrx_word' id='word_1_571' title='bbox 886 4333 949 4383; x_wconf 89' lang='lat' dir='ltr'><strong><em>baec</em></strong></span> <span class='ocrx_word' id='word_1_572' title='bbox 968 4347 1019 4398; x_wconf 88' lang='lat' dir='ltr'><strong><em>pro</em></strong></span> <span class='ocrx_word' id='word_1_573' title='bbox 1039 4339 1173 4398; x_wconf 86' lang='lat' dir='ltr'><strong><em>praesenti</em></strong></span> <span class='ocrx_word' id='word_1_574' title='bbox 1189 4335 1341 4398; x_wconf 81' lang='lat' dir='ltr'><strong><em>difficultate</em></strong></span> <span class='ocrx_word' id='word_1_575' title='bbox 1357 4337 1487 4399; x_wconf 75' lang='lat' dir='ltr'><strong><em>sufficiant</em></strong></span> <span class='ocrx_word' id='word_1_576' title='bbox 1501 4334 1530 4383; x_wconf 88' lang='lat' dir='ltr'><strong><em>od</em></strong></span> <span class='ocrx_word' id='word_1_577' title='bbox 1540 4333 1574 4378; x_wconf 78' lang='lat' dir='ltr'><strong><em>la·</em></strong></span> 
     </span>
     <span class='ocr_line' id='line_1_47' title="bbox 319 4421 1575 4487; baseline -0.003 -13"><span class='ocrx_word' id='word_1_578' title='bbox 319 4425 374 4474; x_wconf 88' lang='lat' dir='ltr'><strong><em>dem</em></strong></span> <span class='ocrx_word' id='word_1_579' title='bbox 391 4422 568 4487; x_wconf 86' lang='lat' dir='ltr'><strong><em>omnipotentie</em></strong></span> <span class='ocrx_word' id='word_1_580' title='bbox 585 4422 628 4471; x_wconf 87' lang='lat' dir='ltr'><strong><em>dei</em></strong></span> <span class='ocrx_word' id='word_1_581' title='bbox 645 4421 687 4486; x_wconf 84' lang='lat' dir='ltr'><strong><em>qui</em></strong></span> <span class='ocrx_word' id='word_1_582' title='bbox 704 4421 767 4470; x_wconf 82' lang='lat' dir='ltr'><strong><em>niriit</em></strong></span> <span class='ocrx_word' id='word_1_583' title='bbox 784 4427 809 4469; x_wconf 91' lang='lat' dir='ltr'><strong><em>et</em></strong></span> <span class='ocrx_word' id='word_1_584' title='bbox 826 4427 918 4485; x_wconf 78' lang='lat' dir='ltr'><strong><em>repunt</em></strong></span> <span class='ocrx_word' id='word_1_585' title='bbox 941 4421 967 4468; x_wconf 91' lang='lat' dir='ltr'><strong><em>in</em></strong></span> <span class='ocrx_word' id='word_1_586' title='bbox 982 4422 1122 4469; x_wconf 81' lang='lat' dir='ltr'><strong><em>seculorean</em></strong></span> <span class='ocrx_word' id='word_1_587' title='bbox 1137 4421 1224 4469; x_wconf 87' lang='lat' dir='ltr'><strong><em>secula</em></strong></span> <span class='ocrx_word' id='word_1_588' title='bbox 1242 4436 1322 4474; x_wconf 74' lang='lat' dir='ltr'><strong><em>aneu.</em></strong></span> <span class='ocrx_word' id='word_1_589' title='bbox 1357 4421 1506 4487; x_wconf 85' lang='lat' dir='ltr'><strong><em>Disceptant</em></strong></span> <span class='ocrx_word' id='word_1_590' title='bbox 1517 4429 1575 4483; x_wconf 63' lang='lat' dir='ltr'><strong><em>prim·</em></strong></span> 
     </span>
     <span class='ocr_line' id='line_1_48' title="bbox 318 4505 1575 4573; baseline -0.004 -14"><span class='ocrx_word' id='word_1_591' title='bbox 318 4509 403 4559; x_wconf 90' lang='lat' dir='ltr'><strong><em>matici</em></strong></span> <span class='ocrx_word' id='word_1_592' title='bbox 423 4509 535 4558; x_wconf 89' lang='lat' dir='ltr'><strong><em>nonnulli</em></strong></span> <span class='ocrx_word' id='word_1_593' title='bbox 557 4513 583 4556; x_wconf 90' lang='lat' dir='ltr'><strong><em>et</em></strong></span> <span class='ocrx_word' id='word_1_594' title='bbox 604 4507 685 4570; x_wconf 84' lang='lat' dir='ltr'><strong><em>lonpis</em></strong></span> <span class='ocrx_word' id='word_1_595' title='bbox 708 4505 855 4571; x_wconf 83' lang='lat' dir='ltr'><strong><em>quibusdam</em></strong></span> <span class='ocrx_word' id='word_1_596' title='bbox 877 4513 904 4555; x_wconf 92' lang='lat' dir='ltr'><strong><em>ut</em></strong></span> <span class='ocrx_word' id='word_1_597' title='bbox 929 4507 966 4554; x_wconf 90' lang='lat' dir='ltr'><strong><em>ita</em></strong></span> <span class='ocrx_word' id='word_1_598' title='bbox 988 4505 1100 4556; x_wconf 59' lang='lat' dir='ltr'><strong><em>dmerbn</em></strong></span> <span class='ocrx_word' id='word_1_599' title='bbox 1122 4505 1317 4556; x_wconf 73' lang='lat' dir='ltr'><strong><em>theorematibus</em></strong></span> <span class='ocrx_word' id='word_1_600' title='bbox 1346 4514 1471 4573; x_wconf 71' lang='lat' dir='ltr'><strong><em>pluerunt</em></strong></span> <span class='ocrx_word' id='word_1_601' title='bbox 1495 4513 1575 4554; x_wconf 60' lang='lat' dir='ltr'><strong><em>nunna</em></strong></span> 
     </span>
     <span class='ocr_line' id='line_1_49' title="bbox 317 4585 1574 4660; baseline -0.006 -16"><span class='ocrx_word' id='word_1_602' title='bbox 317 4595 464 4660; x_wconf 64' lang='lat' dir='ltr'><strong><em>gerundium</em></strong></span> <span class='ocrx_word' id='word_1_603' title='bbox 482 4607 570 4642; x_wconf 90' lang='lat' dir='ltr'><strong><em>namen</em></strong></span> <span class='ocrx_word' id='word_1_604' title='bbox 587 4607 621 4641; x_wconf 93' lang='lat' dir='ltr'><strong><em>an</em></strong></span> <span class='ocrx_word' id='word_1_605' title='bbox 638 4589 740 4640; x_wconf 87' lang='lat' dir='ltr'><strong><em>uerbum</em></strong></span> <span class='ocrx_word' id='word_1_606' title='bbox 756 4592 791 4640; x_wconf 88' lang='lat' dir='ltr'><strong><em>sit</em></strong></span> <span class='ocrx_word' id='word_1_607' title='bbox 808 4617 841 4626; x_wconf 87' lang='lat'><em>-</em></span> <span class='ocrx_word' id='word_1_608' title='bbox 857 4607 936 4641; x_wconf 89' lang='lat' dir='ltr'><strong><em>meam</em></strong></span> <span class='ocrx_word' id='word_1_609' title='bbox 952 4592 1102 4641; x_wconf 87' lang='lat' dir='ltr'><strong><em>sententiam</em></strong></span> <span class='ocrx_word' id='word_1_610' title='bbox 1119 4593 1211 4644; x_wconf 84' lang='lat' dir='ltr'><strong><em>nutele.</em></strong></span> <span class='ocrx_word' id='word_1_611' title='bbox 1228 4587 1238 4656; x_wconf 69' lang='lat' dir='ltr'><strong><em>ll</em></strong></span> <span class='ocrx_word' id='word_1_612' title='bbox 1257 4591 1277 4640; x_wconf 94' lang='grc'><strong><em>1.</em></strong></span> <span class='ocrx_word' id='word_1_613' title='bbox 1295 4592 1328 4642; x_wconf 82' lang='grc'><strong><em>67</em></strong></span> <span class='ocrx_word' id='word_1_614' title='bbox 1347 4592 1491 4644; x_wconf 79' lang='lat' dir='ltr'><strong><em>Laurentii</em></strong></span> <span class='ocrx_word' id='word_1_615' title='bbox 1505 4585 1574 4640; x_wconf 69' lang='lat' dir='ltr'><strong><em>velle</em></strong></span> 
     </span>
     <span class='ocr_line' id='line_1_50' title="bbox 318 4668 1575 4743; baseline -0.002 -14"><span class='ocrx_word' id='word_1_616' title='bbox 318 4692 414 4730; x_wconf 79' lang='lat' dir='ltr'><strong><em>versus</em></strong></span> <span class='ocrx_word' id='word_1_617' title='bbox 431 4675 439 4743; x_wconf 73' lang='lat' dir='ltr'><strong><em>l}</em></strong></span> <span class='ocrx_word' id='word_1_618' title='bbox 462 4677 481 4726; x_wconf 89' lang='grc'><strong><em>1.</em></strong></span> <span class='ocrx_word' id='word_1_619' title='bbox 501 4678 533 4727; x_wconf 79' lang='lat' dir='ltr'><strong><em>‘lb</em></strong></span> <span class='ocrx_word' id='word_1_620' title='bbox 555 4677 610 4726; x_wconf 82' lang='lat' dir='ltr'><strong><em>Ars</em></strong></span> <span class='ocrx_word' id='word_1_621' title='bbox 630 4689 686 4725; x_wconf 89' lang='lat' dir='ltr'><strong><em>mea</em></strong></span> <span class='ocrx_word' id='word_1_622' title='bbox 704 4701 737 4710; x_wconf 91' lang='lat'><strong><em>—-</em></strong></span> <span class='ocrx_word' id='word_1_623' title='bbox 754 4676 853 4726; x_wconf 68' lang='lat' dir='ltr'><strong><em>durbia.</em></strong></span> <span class='ocrx_word' id='word_1_624' title='bbox 884 4676 985 4727; x_wconf 84' lang='lat' dir='ltr'><strong><em>Pbocae</em></strong></span> <span class='ocrx_word' id='word_1_625' title='bbox 1005 4677 1165 4740; x_wconf 67' lang='lat' dir='ltr'><strong><em>pranmeamei</em></strong></span> <span class='ocrx_word' id='word_1_626' title='bbox 1184 4678 1290 4728; x_wconf 82' lang='lat' dir='ltr'><strong><em>illustm&#39;e</em></strong></span> <span class='ocrx_word' id='word_1_627' title='bbox 1312 4678 1344 4728; x_wconf 84' lang='lat' dir='ltr'><strong><em>de</em></strong></span> <span class='ocrx_word' id='word_1_628' title='bbox 1367 4679 1466 4729; x_wconf 79' lang='lat' dir='ltr'><strong><em>nomine</em></strong></span> <span class='ocrx_word' id='word_1_629' title='bbox 1485 4683 1508 4728; x_wconf 86' lang='lat' dir='ltr'><strong><em>ei</em></strong></span> <span class='ocrx_word' id='word_1_630' title='bbox 1523 4668 1575 4722; x_wconf 72' lang='lat' dir='ltr'><strong><em>attii</em></strong></span> 
     </span>
     <span class='ocr_line' id='line_1_51' title="bbox 318 4763 641 4828; baseline -0.006 -12"><span class='ocrx_word' id='word_1_631' title='bbox 318 4764 383 4816; x_wconf 91' lang='lat' dir='ltr'><strong><em>liber</em></strong></span> <span class='ocrx_word' id='word_1_632' title='bbox 401 4763 508 4828; x_wconf 71' lang='lat' dir='ltr'><strong><em>explicit</em></strong></span> <span class='ocrx_word' id='word_1_633' title='bbox 522 4763 641 4825; x_wconf 89' lang='lat' dir='ltr'><strong><em>feliciter.</em></strong></span> 
     </span>
    </p>
   </div>
   <div class='ocr_carea' id='block_1_8' title="bbox 0 0 1695 5442">
    <p class='ocr_par' dir='ltr' id='par_1_8' title="bbox 0 0 1695 5442">
     <span class='ocr_line' id='line_1_52' title="bbox 0 0 1695 5442; baseline 0 0"><span class='ocrx_word' id='word_1_634' title='bbox 0 0 1695 5442; x_wconf 95' lang='lat' dir='ltr'><strong><em> </em></strong></span> 
     </span>
    </p>
   </div>
  </div>
 </body>
</html>
