3350 5442
246 1135 350 1216 ilicis
366 1149 408 1196 τ’.
422 1110 463 1194 ll.
520 1066 706 1178 Stes-*leiwi-
730 1044 981 1141 fllaciam-2⁴

91 1353 100 1370 .
141 1275 716 1397 ΕΧΟΕΒΡΤΑΛΜΑΟΗΟΒΗ
751 1277 822 1359 nn
858 1273 1231 1360 nrrrnuumns
1265 1275 1331 1356 ur

180 1402 550 1517 soornrlrnivs
581 1427 779 1514 aarum
809 1430 1095 1536 ulularum
1125 1429 1289 1514 vnum
1354 1504 1372 1578 ρ

661 1669 810 1676 ἡ...-

175 1819 268 1901 Quae
296 1819 484 1914 Macrobius
513 1819 553 1884 de
580 1820 771 1885 differentiis
799 1830 831 1885 et
861 1821 1073 1886 societatibus
1095 1820 1205 1906 graeci
1227 1819 1384 1906 latinique

87 1923 184 1989 verbi
212 1922 387 2010 scripserat
414 1945 478 1987 non
506 1924 649 2009 integra,
681 1925 728 1988 sic
755 1933 792 1988 ut
814 1925 856 1990 ab
878 1922 934 1991 illo
964 1925 1087 2010 scripta
1108 1932 1220 2004 erant,
1243 1930 1385 1986 aetatem

87 2027 249 2106 tulerunt,
273 2025 332 2090 sed
354 2049 427 2090 cum
450 2023 526 2090 olim
549 2049 569 2090 a
589 2026 808 2111 grammaticis
829 2028 999 2114 utriusque
1020 2025 1151 2111 linguae
1174 2023 1328 2089 studiosis
1350 2024 1384 2086 in

87 2129 310 2215 conpendium
343 2126 478 2194 redacta
505 2138 538 2192 et
566 2127 640 2193 aliis
668 2129 813 2212 omissis,
845 2127 919 2193 aliis
947 2129 1070 2194 additis
1097 2126 1151 2193 vel
1177 2127 1312 2191 mutatis
1341 2125 1384 2190 ad

88 2252 185 2295 usum
211 2229 375 2295 inferioris
404 2232 521 2295 aetatis
551 2231 793 2296 accommodata
820 2239 946 2312 essent,
975 2241 1084 2295 vetere
1111 2229 1273 2294 Macrobii
1301 2229 1384 2294 libro

87 2331 238 2417 neglecto
261 2355 300 2396 ea
322 2353 405 2418 quae
427 2333 622 2418 posteriores
649 2333 854 2417 grammatici
883 2332 1031 2396 diversas
1053 2333 1195 2396 rationes
1218 2332 1321 2394 secuti
1343 2353 1385 2394 ex

87 2435 145 2499 illo
174 2432 372 2518 collegerant
403 2435 639 2499 consuetudine
672 2434 856 2499 scholarum
888 2443 1071 2521 propagata
1103 2444 1189 2498 sunt.
1232 2441 1386 2518 quattuor

89 2546 201 2603 autem
224 2546 452 2623 excerptorum
473 2558 595 2622 genera
616 2539 650 2601 in
672 2537 840 2603 codicibus
862 2559 960 2601 manu
983 2535 1112 2623 scriptis
1140 2537 1276 2599 inventa
1298 2543 1384 2598 sunt.

77 2663 108 2730 'e
131 2639 250 2725 quibus
273 2636 354 2702 illud
377 2637 464 2726 quod
486 2640 590 2726 primo
618 2637 689 2704 loeo
717 2641 811 2726 posui
841 2641 874 2703 in
897 2639 1008 2704 codice
1030 2637 1180 2703 Parisino
1203 2636 1384 2720 71861081-

89 2754 154 2807 tur.
198 2742 226 2805 is
256 2751 305 2806 cst
331 2739 455 2805 formae
481 2728 660 2827 quadratae
688 2742 821 2806 minoris
851 2764 893 2806 ex
915 2741 1041 2806 duabus
1064 2739 1204 2804 diversis
1225 2726 1387 2804 membra-

88 2865 204 2907 narum
227 2841 375 2930 partibus
398 2843 597 2928 conpositus,
620 2866 757 2930 quarum
778 2843 949 2929 posterior,
972 2864 1056 2929 quae
1078 2852 1128 2906 est
1149 2842 1286 2907 duorum
1309 2862 1387 2926 qua·

89 2945 290 3025 ternionum‚
323 2943 485 3008 Macrobii
518 2955 674 3032 excerpta
705 2947 852 3011 continet
883 2944 1054 3011 undecimo
1090 2943 1219 3010 saeculo
1252 2943 1385 3028 scripta,

90 3049 114 3112 s.
130 3047 256 3112 42-56
281 3051 331 3112 Ex
351 3051 430 3110 libro
452 3052 604 3112 Macrobii
609 3049 641 3132 *)
664 3054 702 3113 de
724 3053 905 3130 differentia
925 3058 955 3112 et
975 3051 1139 3113 societatib.
1160 3051 1249 3126 preci
1268 3051 1386 3124 latiniq:

89 3156 188 3216 uerbi.
227 3156 341 3214 Grecaa
367 3155 542 3229 latinaeque
561 3135 685 3230 liupana
704 3187 747 3200 -
769 3173 857 3215 οιοω.
895 3157 1043 3230 explicuit
1064 3156 1224 3228 defloratio
1246 3153 1284 3212 de
1309 3151 1387 3210 libro

90 3257 235 3317 ambrosii
254 3257 400 3316 macrobii
424 3256 570 3317 theodosii
597 3275 687 3332 qaam
714 3259 860 3318 iohannes
886 3264 1048 3333 carpserat
1076 3257 1119 3316 ad
1140 3256 1298 3316 discendas
1316 3271 1387 3328 pre-

89 3377 194 3420 coram
210 3359 368 3420 uerborum
383 3360 515 3432 reputas.
545 3353 652 3440 spatio
673 3356 708 3418 in
730 3354 794 3419 fine
816 3355 955 3441 paginae
977 3354 1102 3435 relicto,
1124 3354 1159 3417 in
1180 3374 1242 3439 quo
1266 3351 1387 3438 scripta

92 3467 169 3521 sunt
190 3457 285 3536 haec,
314 3461 415 3520 diaria
436 3477 528 3534 preca
550 3460 662 3520 dicitur
684 3449 828 3522 arthemia
849 3465 939 3537 quasi
963 3462 1120 3520 acrotomis
1141 3459 1198 3520 hoc
1220 3465 1264 3518 est
1285 3474 1386 3517 aerem

90 3579 228 3636 caracara,
253 3559 400 3644 sequitur
421 3556 597 3623 declinatio
618 3559 729 3644 graeci
749 3560 843 3625 verbi
865 3564 950 3624 ποιῶ
972 3568 1005 3623 et
1026 3556 1197 3622 adnotatio
1220 3563 1385 3642 excerpto·

90 3662 154 3743 rIS,
177 3659 201 3724 f.
228 3659 413 3725 56*-57*
450 3685 552 3722 rannus
575 3698 609 3710 —
632 3681 782 3736 prurirrrar.
834 3661 898 3726 fuit
933 3669 1043 3725 autem
1079 3659 1161 3723 haec
1195 3680 1271 3746 pars
1300 3657 1387 3722 codi-

90 3765 138 3827 cis
169 3761 246 3827 olim
275 3761 365 3826 Petri
392 3761 538 3844 Pithoei‚
567 3763 663 3828 cuius'
686 3785 804 3827 nomen
831 3764 882 3829 bis
911 3764 945 3826 in
967 3784 1006 3827 ea
1028 3760 1187 3848 scriptum
1209 3769 1275 3842 est,
1299 3757 1322 3822 f.
1344 3758 1386 3821 42

91 3873 125 3930 P.
142 3869 251 3930 Pitaoa
273 3874 306 3929 et
327 3863 351 3928 f.
373 3864 413 3928 57
437 3870 522 3929 Patri
535 3871 669 3930 Piraeea·
684 3888 786 3952 eoque
809 3863 927 3931 librum
949 3863 1146 3929 concedente
1168 3863 1309 3949 primum
1331 3883 1386 3924 ex·-

91 3970 211 4053 ecrptis
227 3965 387 4031 Macrobii
409 3989 487 4030 usus
511 3977 561 4032 est
575 3968 761 4034 Ludovicus
778 3967 904 4049 Carrio,
927 3967 983 4053 qui
1005 3966 1224 4050 fragmentum
1240 3961 1387 4028 Sallustii

90 4095 124 4157 p.
141 4069 224 4133 2765
239 4069 276 4132 Ρ.
300 4091 342 4133 ex
365 4067 494 4133 schedis
516 4070 704 4135 Pithoeanis
728 4093 762 4134 se
785 4069 929 4134 edidisse
951 4067 1066 4134 scribit
1087 4065 1186 4131 schol.
1202 4067 1237 4130 in
1253 4065 1384 4130 Sallust.

91 4174 169 4237 bist.
191 4169 310 4256 frag'm.
333 4193 365 4257 p.
387 4171 450 4236 253
473 4173 523 4237 ed.
540 4173 641 4238 Antv.
665 4197 693 4238 a.
712 4172 803 4238 1579.
828 4171 946 4236 deinde
968 4171 1131 4235 Henricus
1148 4167 1330 4256 Stephanus
1353 4169 1388 4231 in

93 4275 235 4361 epistula
257 4273 300 4336 ad
323 4271 480 4338 Iacobum
503 4275 685 4340 Danesium
708 4276 842 4362 scripta,
865 4297 948 4361 quae
970 4272 1076 4338 estin
1097 4272 1239 4337 editione
1260 4271 1386 4335 Maero-

94 4377 138 4441 bii
156 4400 175 4440 a
190 4375 346 4440 Carrione
362 4375 451 4458 facta
466 4377 600 4440 Parisiis
623 4399 653 4440 a.
671 4377 762 4456 1585,
787 4382 848 4442 ‘ex
862 4377 965 4442 veteri
981 4374 1017 4439 P.
1034 4374 1162 4439 Pithoei
1185 4370 1387 4458 exemplari',

92 4487 130 4542 ut
152 4477 214 4560 ait,
245 4487 278 4543 et
304 4477 543 4562 praefationem
571 4476 673 4541 libelli
701 4478 806 4544 edidit
832 4490 866 4544 et
892 4486 996 4543 totum
1027 4476 1146 4543 librum
1169 4498 1204 4540 se
1225 4474 1387 4540 editurum

179 4683 206 4749 ³²)
230 4684 361 4734 Macrobii
382 4685 502 4735 ambrosii
520 4685 549 4734 in
569 4684 664 4734 codice
688 4687 818 4752 seriptum
842 4701 903 4736 esse
922 4684 1057 4734 indicavit
1074 4685 1158 4734 Ianus
1176 4687 1288 4733 anctore
1306 4684 1387 4733 Pres-

93 4769 171 4824 selio.
192 4769 271 4819 euius
290 4785 374 4834 opera
392 4771 421 4819 in
440 4786 471 4821 eo
491 4767 658 4821 conserendo
676 4785 741 4822 usna
760 4775 811 4822 est.
848 4786 900 4835 ego
919 4771 947 4820 in
966 4768 1062 4837 paucis
1080 4783 1151 4833 quae
1170 4768 1204 4818 da
1222 4767 1275 4819 hoe
1292 4767 1387 4820 codice

92 4855 226 4906 adnotavi
243 4853 329 4906 solum
349 4855 484 4908 Macrobii
501 4870 599 4906 nomeu
618 4854 725 4920 scripsi.
