3350 5442
304 304 366 368 154
867 305 1021 367 ΡΟΜΡΕΙΙ

325 428 346 468 p.
360 416 448 455 lut-tt
461 414 483 454 L.

299 496 336 555 in
359 501 436 555 tota
459 477 670 573 provincia,
701 492 817 554 latine
846 512 900 554 me
923 495 1074 563 scitote,
1099 511 1170 554 non
1192 493 1431 553 accusatorie
1452 492 1593 571 loqui’;

300 604 330 656 et
350 596 476 657 subiecit
503 603 605 675 postea
634 596 760 656 ‘etiam
790 594 965 675 planius’,
996 594 1092 657 uoluit
1119 595 1219 656 dicere
1247 594 1411 656 ‘latinius’.
1457 610 1528 671 ergo
1556 612 1595 653 ea

300 700 448 779 recipiunt
469 699 727 777 conparationem,
751 718 827 778 quae
850 706 919 759 sunt
947 696 1098 776 qualitatis
1120 704 1152 759 et
1172 699 1351 777 quantitatis.
1395 696 1470 757 haec
1493 703 1595 756 tamen

299 802 398 879 regala
428 819 487 861 non
516 801 658 869 recurrit,
688 785 717 860 id
744 809 790 862 est
817 820 876 881 non
906 801 1005 861 omnia
1034 800 1170 869 nomina,
1199 818 1275 879 quae
1303 806 1371 859 sunt
1392 796 1540 877 qualitatis
1563 802 1598 856 et

298 905 483 983 quantitatis,
506 902 655 981 recipiunt
676 904 927 981 conparationem.
972 920 1049 981 quae
1072 907 1170 962 autem
1192 907 1404 981 conparantur,
1427 907 1497 960 sunt
1518 916 1593 977 qua·
1610 928 1623 965 a

298 1006 388 1066 litatis
410 1012 440 1064 et
461 1005 639 1084 quantitatis,
676 1024 735 1065 non
758 1006 854 1065 omnis
876 1004 959 1065 verbi
987 1022 1074 1065 causa
1103 1004 1152 1085 qui
1182 1006 1299 1083 navigat
1327 1001 1509 1082 guberuator
1537 1010 1595 1069 est,
1667 1056 1668 1061 ,

297 1108 349 1168 sed
378 1108 429 1187 qui
461 1106 644 1184 gubernator
677 1114 724 1167 cst
757 1107 882 1184 navigat.
927 1124 995 1169 uam
1024 1124 1093 1168 ecce
1120 1108 1314 1167 inveniuntur
1340 1104 1435 1185 aliqua
1469 1104 1594 1164 nomina

298 1208 446 1289 qualitatis
468 1216 498 1269 ct
519 1210 690 1285 quantitatis
712 1216 743 1269 et
764 1228 823 1269 non
846 1210 994 1288 recipiunt
1016 1211 1268 1287 conparationem.
1313 1206 1475 1267 mediocris
1498 1224 1594 1265 unum

297 1319 410 1372 tantum
433 1311 556 1388 gradum
579 1309 681 1371 habet:
717 1328 804 1370 nemo
827 1298 899 1370 didit
921 1310 1100 1371 mediocrior
1123 1310 1381 1371 mediocrissimus.
1426 1308 1495 1387 pius
1518 1308 1594 1387 piis-
1667 1318 1668 1323 ’

297 1414 390 1473 simus
417 1412 491 1473 duos
519 1411 608 1473 habet
629 1412 753 1491 graius,
783 1413 942 1489 positivum
966 1421 995 1473 et
1017 1412 1237 1491 superlativum.
1283 1428 1460 1490 (puramquam
1482 1418 1512 1470 et
1534 1410 1597 1469 lroc
1613 1434 1636 1471 m

298 1516 448 1593 piissimus
470 1514 645 1593 vituperavit
659 1514 762 1575 Cicero
785 1516 816 1575 in
830 1512 1020 1594 Philippicis:
1045 1514 1117 1575 dicit
1138 1517 1216 1573 ‘non
1239 1520 1338 1591 potest
1360 1513 1509 1591 piissimus
1533 1510 1596 1570 diei
1667 1548 1668 1553 κ

297 1602 351 1697 pm
379 1635 479 1678 rerum
507 1620 669 1677 naturarn'.
714 1614 873 1676 insultabat
899 1611 1050 1694 Antolnio,
1085 1620 1152 1677 ‘tu’
1181 1617 1222 1675 ait
1255 1618 1356 1676 ‘utere
1385 1632 1503 1693 semper
1532 1613 1596 1673 lroc
1667 1646 1668 1673 ;

298 1718 403 1789 verbo,
427 1720 604 1798 piissimus’.
651 1724 749 1777 tanuen
772 1719 881 1795 Caper,
905 1715 956 1777 ille
979 1718 1118 1795 magister
1139 1718 1262 1795 Augusti
1284 1717 1431 1787 Caesaris,
1456 1713 1596 1775 elabora·

297 1822 338 1881 vit
360 1820 615 1881 vehementissime
639 1827 668 1880 et
690 1819 727 1879 de
749 1818 883 1899 epistulis
899 1819 1051 1879 Ciceronis
1073 1817 1190 1897 collegit
1212 1819 1285 1879 llaec
1308 1818 1411 1887 vcrlu,
1434 1816 1486 1877 ubi
1508 1816 1596 1876 dixe·

296 1932 343 1984 rat
371 1924 434 2002 ipse
461 1924 564 1985 Cicero
594 1922 752 2001 piissimus.
797 1922 875 1982 scias
903 1922 1043 2001 quoniam
1072 1920 1267 1982 amaritudine
1295 1920 1444 1981 rhetorica
1475 1917 1532 1979 lroc
1566 1921 1595 1979 ei
1611 1952 1635 1989 1⁵

297 2025 460 2094 obiecerat,
492 2034 525 2086 ut
556 2023 670 2084 diceret
701 2027 777 2084 ‘riou
811 2030 906 2103 potest
938 2041 992 2102 per
1027 2041 1127 2084 rerum
1160 2032 1294 2085 araturam
1323 2022 1382 2083 dici
1409 2022 1594 2102 piissimus’.

298 2144 368 2204 ergo
397 2134 443 2187 est
468 2126 626 2205 aliquando
647 2128 788 2206 positivus
810 2134 841 2188 et
861 2125 1069 2205 superlativus,
1101 2132 1134 2185 ut
1156 2128 1222 2205 pius
1244 2126 1408 2204 piissimus,
1432 2122 1596 2203 aliquando

296 2229 440 2307 positivus
468 2232 503 2289 et'
525 2230 744 2307 conparativus,
774 2237 806 2288 ut
826 2248 917 2289 senex
939 2230 1055 2297 senior,
1079 2227 1235 2308 aliquando
1258 2227 1463 2306 conparativus
1486 2233 1516 2286 et
1540 2245 1591 2285 su·

297 2329 469 2410 perlativus,
502 2339 536 2391 ut
569 2329 692 2391 ulterior
725 2329 862 2401 ultimus,
897 2330 1054 2410 aliquando
1088 2328 1285 2409 superlativus
1311 2336 1441 2397 tantum,
1474 2336 1506 2386 ut
1537 2346 1594 2387 no-

297 2433 439 2493 vissimus,
1607 2466 1632 2501 20

195 2550 284 2613 naqa
381 2535 433 2597 Est
455 2533 521 2595 talis
541 2534 643 2614 regula
666 2544 799 2615 recepta:
823 2542 908 2596 recte
929 2536 1102 2615 conparatio
1125 2543 1183 2605 est,
1200 2552 1275 2612 quae
1298 2534 1424 2613 primam
1447 2529 1593 2611 syllabam

296 2656 357 2697 non
379 2643 487 2707 mutat,
511 2645 634 2719 utputa
657 2638 772 2699 doetus.
818 2645 848 2697 et
872 2637 936 2699 vide
958 2657 1012 2718 per
1035 2656 1138 2699 omnes
1161 2635 1269 2714 gradus
1292 2635 1430 2712 quoniam
1454 2634 1509 2693 ista
1535 2636 1595 2694 erit

297 2738 406 2817 syllaba
422 2741 518 2819 prior,
543 2740 647 2801 doctus
663 2740 777 2800 doctior
793 2740 998 2809 doctissimus,
1020 2759 1080 2799 non
1097 2738 1233 2799 mutavit:
1257 2736 1326 2797 lelix
1343 2734 1459 2797 felicior
1481 2735 1595 2796 felicis-

297 2842 405 2909 simus,
434 2860 493 2901 uon
521 2843 658 2912 mumvit,
686 2841 739 2902 sed
761 2843 925 2922 permansit
946 2842 974 2901 le
996 2841 1117 2920 ubique.
1162 2860 1177 2900 e
1200 2840 1349 2901 contrario
1372 2840 1490 2899 nomina
1513 2856 1592 2917 quae

296 2949 410 3003 mutant
431 2942 564 3005 anomala
586 2952 667 3014 sunt,
693 2941 787 3005 malus
809 2945 894 3024 peior
916 2944 1074 3023 pessimus,
1099 2943 1235 3004 mutavit:
1265 2940 1362 3003 bonus
1385 2940 1488 3001 melior
1511 2943 1592 3020 opti·
1607 2974 1631 3011 25

296 3063 379 3115 muS,
408 3046 544 3106 mutavit:
574 3064 698 3124 magnus
724 3046 819 3107 maior
848 3046 1007 3115 niaximus,
1037 3064 1107 3107 ecee
1136 3046 1268 3105 mutavit.
1314 3050 1344 3104 et
1364 3045 1419 3103 ista
1441 3048 1510 3103 sunt
1532 3045 1592 3103 tria

296 3153 410 3208 tanturn
438 3147 541 3216 modo,
570 3166 645 3228 quae
672 3154 801 3218 mutant,
831 3147 927 3207 bonus
954 3146 1049 3207 malus
1075 3164 1211 3225 maguus.
1257 3153 1287 3208 et
1314 3164 1347 3206 ea
1370 3146 1488 3205 nomina
1512 3147 1592 3205 reci·

296 3250 383 3327 piunt
405 3251 654 3328 conparationem,
679 3267 754 3329 qaae
777 3255 848 3310 sunt
868 3247 1016 3329 qualitatis
1039 3255 1068 3309 et
1090 3250 1269 3325 quantitatis.
1295 3247 1348 3308 sed
1371 3266 1431 3308 non
1453 3246 1592 3307 ulricum·

297 3368 355 3429 que
384 3350 509 3429 qualitas
538 3359 566 3411 ct
595 3352 742 3431 quantitas
768 3350 872 3419 luerit,
903 3353 989 3411 etiam
1013 3352 1185 3431 conparatio
1207 3352 1321 3429 integra
1345 3356 1398 3410 est.
1445 3366 1511 3409 nam
1535 3347 1590 3407 ali·

297 3450 417 3531 quando
440 3449 445 3532 Ι
467 3454 634 3513 invenimus
657 3460 822 3515 autunum
845 3452 969 3532 gradum
991 3459 1041 3513 aut
1063 3452 1145 3514 duos.
1177 3451 1264 3533 plane
1279 3451 1433 3513 sciendum
1457 3458 1501 3511 est
1523 3468 1591 3511 esse
1604 3482 1628 3517 a.

296 3553 392 3631 aliqua
421 3556 541 3615 nomina
575 3572 650 3632 quae
679 3555 851 3617 naturaliter
880 3555 989 3634 gradus
1016 3574 1086 3616 suos
1115 3563 1309 3636 corrumpant
1336 3554 1372 3615 ad
1399 3554 1589 3631 significatio-

298 3675 380 3726 nem,
404 3657 434 3716 id
457 3665 503 3717 est
523 3665 592 3718 suot
613 3656 710 3735 aliqua
732 3659 851 3720 uomina
875 3674 950 3735 quac
970 3656 1143 3720 naturaliter
1162 3657 1298 3719 videntur
1320 3676 1385 3717 osse
1405 3656 1590 3724 diminutiva,

297 3760 412 3819 rationo
434 3767 532 3820 nmen
555 3762 758 3840 conparativa,
786 3759 1014 3840 grandiusculus
1036 3757 1216 3821 maiusculus
1239 3757 1431 3820 minusculus.
1469 3758 1591 3835 quando

297 3848 423 3921 dicimus
444 3863 554 3931 maius,
584 3864 648 3922 sinc
670 3861 760 3922 dubio
783 3864 991 3942 conparativus
1014 3868 1072 3930 est;
1105 3858 1284 3922 maiusculus
1305 3860 1510 3921 diminutivum
1533 3869 1589 3921 est.

297 3982 367 4023 ecce
394 3962 548 4023 diminutio
577 3972 623 4024 ost
650 3982 666 4025 a
693 3966 893 4043 conparativo,
937 3982 1007 4042 ergo
1037 3962 1154 4041 quaudo
1177 3962 1243 4022 dico
1265 3961 1504 4040 grandiusculus,
1528 3982 1589 4041 quo
1603 3992 1626 4026 :n

297 4063 385 4123 modo
408 4062 502 4124 deloco
518 4065 618 4127 dicere
640 4068 710 4126 istas
732 4074 832 4145 partes
855 4068 1015 4127 orationis?
1038 4068 1157 4127 nomina
1179 4072 1247 4125 sunt
1268 4062 1420 4125 intellectu
1443 4082 1588 4143 conpara-

297 4166 369 4233 tiva,
393 4167 594 4228 enuntiatione
614 4168 801 4237 diminutiva,
817 4168 847 4229 id
864 4174 908 4229 cst
930 4185 1004 4229 sono
1020 4168 1205 4237 diminutiva,
1222 4166 1374 4228 intellectu
1389 4167 1588 4246 cooperativa.

365 4391 382 4439 2
400 4390 475 4438 etiam
495 4388 596 4455 planius
613 4384 671 4441 Ca*
687 4389 762 4438 etiam
781 4390 882 4454 plenius
895 4390 920 4440 A
936 4390 1011 4439 etiam
1032 4430 1121 4443 .....
1136 4388 1236 4455 planius
1254 4390 1374 4453 serasera
1391 4391 1482 4442 litteris
1500 4390 1591 4441 deletis

299 4460 322 4507 B
373 4460 404 4510 11
423 4460 551 4524 uituperat
568 4459 607 4507 A:
626 4460 782 4523 uituperauit
800 4462 882 4509 cicero
900 4462 982 4510 cicero
1001 4460 1026 4509 in
1046 4460 1067 4509 G
1116 4460 1143 4508 in
1162 4455 1324 4525 Philippicis]
1345 4459 1402 4510 Xlll
1420 4460 1452 4513 19
1468 4470 1493 4511 tu
1512 4476 1588 4526 porro

297 4546 328 4578 ne
343 4530 399 4595 pios
418 4530 532 4594 quidem,
547 4529 593 4577 sed
613 4529 743 4595 piissimos
761 4530 871 4593 quaeris,
884 4540 909 4579 et
928 4531 997 4594 qnod
1010 4529 1113 4579 verbum
1133 4530 1235 4579 omrriuo
1251 4529 1347 4578 nullan¹
1364 4532 1389 4579 iu
1408 4533 1496 4597 lingua
1510 4531 1587 4579 latina

296 4610 342 4657 eat,
360 4600 384 4648 id
402 4609 506 4665 propter
521 4608 590 4650 tuam
610 4598 721 4649 (livinum
743 4600 860 4663 pietatem
879 4614 972 4651 novum
991 4600 1091 4650 inducis
1155 4600 1187 4650 12
1201 4600 1286 4649 antoni
1301 4600 1325 4648 A
1397 4600 1428 4652 13
1448 4601 1588 4649 elaborauit

296 4668 385 4719 Iaca*
405 4670 528 4719 laborauit
547 4668 573 4717 A
643 4672 676 4720 14
693 4668 867 4730 colligitAB
942 4670 974 4721 to
998 4670 1153 4721 olriceratB
1227 4670 1260 4719 21
1286 4678 1352 4719 recta
1376 4686 1423 4721 om.
1440 4670 1520 4719 ABG

296 4741 329 4789 '24
345 4742 484 4804 permansit
502 4739 515 4788 i
531 4740 625 4801 ubique
645 4740 717 4789 Bca
735 4738 873 4805 permansit
893 4741 985 4803 ubique
1004 4741 1029 4788 A
1099 4742 1132 4790 28
1151 4740 1302 4801 ubieumque
1320 4739 1448 4803 qualitatis
1466 4748 1491 4788 et
1508 4754 1588 4803 quan-

296 4810 373 4858 titatis
392 4808 417 4857 A
486 4810 521 4862 30
539 4810 683 4860 inuenimas
704 4821 747 4859 aut
766 4824 843 4859 unum
862 4808 917 4859 AB
935 4812 1079 4859 iraaeaimus
1095 4810 1170 4860 etiam
1189 4825 1266 4858 unum
1284 4810 1322 4859 Cb
