3350 5442
296 288 359 355 382
837 284 1040 349 consuunt

322 412 343 452 p.
357 402 414 441 2010.
427 402 450 439 rt
466 398 488 438 P.

297 482 515 559 coniugationis
543 482 751 548 inveniuntur,
782 486 815 539 ut
844 496 913 539 ecce
943 481 1037 539 activa
1065 479 1282 555 significatione
1310 478 1481 541 declinatur
1516 496 1584 538 nunc

297 584 360 645 lavo
382 583 475 644 lavas:
505 601 573 643 narn
595 590 626 643 et
647 582 721 644 lavis
742 584 828 652 lacit,
862 581 940 661 quod
964 588 1009 641 est
1031 582 1147 641 tertiae.
1192 600 1247 641 nec
1269 582 1404 643 dissonat
1427 583 1501 643 huic
1523 601 1584 643 ron·

298 687 409 749 dicioni
435 684 466 745 id
494 684 573 764 quod
601 704 617 744 a
645 687 762 764 passiva
791 684 990 745 declinatione
1022 683 1191 753 descendit,
1216 684 1365 764 siquidem
1388 685 1447 745 hoc
1469 684 1584 745 verbum

298 792 429 849 incertae
459 788 686 866 significationis
713 786 759 846 vel
787 785 919 863 ambigui
947 787 1068 864 generis
1095 792 1156 846 est:
1184 804 1253 847 nam
1274 786 1356 847 lavor
1379 788 1455 847 lacit
1475 786 1584 852 lavaris,

200 912 207 924 ’
298 891 378 972 quod
401 897 446 950 est
467 892 582 970 primae
605 891 838 967 coniugatiouis,
868 889 939 949 tacit
961 894 990 947 et
1011 886 1133 956 laver1s‚
1164 889 1243 968 qnod
1271 896 1316 949 est
1338 891 1457 949 tertiae.
1504 908 1604 969 quae-s

300 994 367 1055 darn
390 993 477 1053 aliam
500 993 741 1069 coniugationem
762 991 875 1052 hahent
890 988 926 1052 ab
942 991 1036 1051 activa
1059 991 1292 1068 significatione,
1315 990 1404 1052 aliam
1427 1011 1444 1051 a
1467 994 1584 1070 passiva,

300 1102 333 1155 ut
355 1114 424 1155 ecce
445 1094 514 1155 labo
540 1093 623 1155 labas
649 1095 723 1155 lacit
749 1096 877 1175 primam
907 1094 1160 1171 coniugationem,
1184 1090 1268 1153 labor
1289 1110 1359 1153 vero
1384 1090 1465 1172 (nam
1489 1101 1518 1153 et
1539 1093 1583 1152 ho*

300 1200 434 1259 incertae
457 1198 684 1275 significationis
706 1197 760 1274 est)
784 1194 895 1257 laberis
916 1196 1003 1264 lacit,
1027 1212 1087 1254 non
1109 1193 1229 1255 labaris.

385 1299 470 1360 Nunc
499 1300 639 1379 quoniam
667 1298 784 1359 abunde
815 1291 852 1358 de
880 1298 1089 1374 coniugatione
1118 1296 1231 1357 dictum
1260 1304 1320 1367 est,
1350 1297 1512 1359 dicendum
1537 1312 1581 1365 est,

301 1422 360 1484 quo
382 1403 469 1463 modo
491 1403 523 1463 in
545 1399 807 1479 coniugationibus
827 1399 919 1461 verba
942 1399 1090 1460 deficiant.
1136 1399 1265 1460 diximus
1287 1406 1388 1461 autern
1410 1404 1595 1480 coniugatioi

303 1524 370 1569 nern
398 1507 431 1566 iu
458 1504 588 1565 secunda
620 1499 755 1587 perlsona
783 1502 864 1563 modi
891 1502 1044 1566 indicativi
1075 1503 1220 1581 temporis
1253 1506 1421 1581 praesentis
1455 1507 1579 1565 inveniri.

303 1626 375 1687 ergo
398 1607 572 1687 plerumque
595 1606 663 1668 talis
684 1604 844 1666 verborum
871 1606 903 1665 iu
932 1602 1192 1683 coniugationibus
1219 1602 1354 1664 delectus
1381 1612 1443 1675 est,
1473 1614 1505 1666 ut
1529 1610 1578 1685 ipsa

303 1710 433 1772 secunda
455 1727 597 1789 persona,
621 1711 653 1768 in
675 1726 733 1787 qua
754 1708 869 1786 requiri
893 1706 968 1767 solet
990 1707 1172 1784 coniugatio,
1197 1723 1256 1766 non
1279 1713 1377 1777 extet,
1401 1715 1435 1769 ut
1457 1716 1501 1769 est
1521 1709 1579 1769 cedo

304 1815 371 1874 laxo
395 1810 500 1873 amabo
530 1812 596 1871 iniit
621 1813 743 1890 inquam
772 1811 819 1869 aio
847 1826 967 1888 quaeso.
1013 1810 1044 1868 in
1067 1808 1114 1868 his
1137 1810 1217 1868 enirn
1239 1808 1380 1870 omnibus
1402 1828 1461 1871 non
1483 1818 1524 1871 est
1542 1829 1576 1870 sc·

306 1915 402 1975 cunda
423 1932 569 1994 persona,
593 1931 669 1993 quae
692 1913 717 1972 si
740 1912 839 1980 deest,
864 1929 953 1991 quem
976 1911 1153 1971 admodum
1176 1913 1206 1971 in
1224 1928 1258 1971 ea
1275 1911 1373 1972 littera
1396 1932 1471 1993 quae
1493 1916 1575 1974 coniu-
1585 1934 1597 1968 1·

304 2020 454 2095 gationem
481 2015 588 2096 prodat
613 2016 724 2095 poterit
751 2012 900 2076 inveniri?
929 2012 1004 2073 alter
1032 2012 1210 2073 delectionis
1237 2014 1342 2075 modus
1368 2023 1428 2084 est,
1458 2034 1518 2076 cum
1542 2024 1574 2074 est

305 2119 427 2199 quidem
449 2118 578 2178 secunda
601 2135 745 2197 persona,
769 2116 821 2176 sed
845 2118 876 2175 in
899 2134 934 2175 ea
958 2114 1031 2175 aliae
1047 2115 1165 2176 litterae
1188 2117 1397 2186 inveniuntur,
1420 2136 1504 2197 quam
1524 2118 1574 2177 illac

305 2220 415 2301 quibus
442 2222 612 2298 coniugatio
641 2221 827 2288 continetur,
858 2223 889 2278 ut
916 2226 962 2278 est
983 2218 1045 2277 lers
1066 2218 1229 2279 meministi
1252 2222 1372 2279 novisti.
1416 2220 1492 2281 nulla
1513 2222 1574 2280 enin

306 2343 343 2384 ex
365 2323 463 2384 tribus
484 2322 545 2383 illis
565 2320 731 2391 vocalibus,
759 2338 835 2401 quae
858 2321 1083 2396 coniugationes
1104 2320 1278 2390 ostendunt,
1303 2328 1372 2381 aute
1395 2322 1520 2383 ultimam
1538 2322 1574 2381 lit·

307 2433 401 2486 teram
430 2424 608 2504 syllabamve
637 2422 882 2503 deprehenditur.
927 2423 1035 2482 tertius
1053 2422 1240 2484 delectionis
1267 2423 1374 2483 modus
1396 2432 1455 2493 est,
1477 2442 1535 2485 cum
1553 2432 1601 2483 et...

308 2528 437 2589 secunda
465 2545 595 2607 persona
622 2532 717 2596 extat,
747 2531 777 2585 et
803 2527 835 2584 in
864 2544 897 2585 ea
928 2522 1078 2585 sollemnis
1100 2523 1199 2585 littera
1221 2528 1439 2604 coniugationis
1466 2534 1574 2606 apparu,

308 2631 361 2693 scd
389 2649 424 2691 ea
453 2636 552 2690 tamen
582 2629 705 2690 alterius
733 2628 877 2707 temporis
905 2634 964 2695 est,
993 2645 1082 2705 quam
1109 2629 1186 2687 ratio
1214 2631 1435 2707 coniugationis
1456 2630 1573 2707 exposcit,

308 2743 342 2794 ut
364 2750 429 2793 sum
458 2751 490 2792 es
518 2738 578 2801 est,
608 2730 712 2791 adsum
742 2730 813 2790 ades
841 2729 937 2798 adesi,
967 2747 1085 2808 possum
1113 2736 1199 2808 potes
1220 2738 1327 2809 potest.
1373 2737 1419 2791 est
1440 2731 1573 2811 quidemr

309 2836 424 2904 littera,
448 2853 506 2914 qua
537 2834 666 2893 diximus
694 2833 932 2909 coniugationem
956 2832 1168 2902 demonstrari,
1198 2833 1250 2893 sed
1272 2852 1306 2893 ea
1329 2833 1429 2893 brevis
1450 2842 1504 2902 est,
1523 2850 1574 2891 cun

310 2941 342 2999 in
369 2935 552 2997 ostendenda
580 2936 788 3012 coniugatione
815 2933 903 3011 longa
937 2952 1001 2994 esse
1031 2934 1147 2994 debeat.
1192 2942 1315 3013 quartus
1347 2936 1452 2996 modus
1481 2952 1601 3015 quoquou

311 3039 489 3100 deiectionis
509 3036 559 3097 ille
582 3038 701 3116 estqui
724 3035 832 3096 hilarie
856 3036 1013 3106 dividitur,
1038 3036 1116 3115 quod
1140 3035 1283 3115 quaedam
1306 3036 1411 3108 verba,
1439 3038 1505 3097 licet
1522 3054 1575 3095 con·

311 3139 515 3218 iugationihus
537 3140 683 3209 serviant,
706 3146 806 3200 tamen
828 3140 874 3199 vel
896 3137 955 3200 sibi
977 3141 1010 3199 in
1038 3138 1236 3199 declinatione
1259 3158 1319 3200 non
1342 3147 1475 3201 constant
1494 3137 1533 3198 vel
1550 3154 1576 3195 er

313 3244 409 3323 aliqua
437 3247 521 3321 parte
549 3240 701 3300 deficiunt.
746 3241 943 3301 declinatione
974 3258 1034 3302 non
1061 3247 1211 3310 constant,
1247 3247 1280 3300 ut
1311 3249 1357 3302 est
1385 3243 1463 3304 solco
1489 3240 1576 3301 audeo:

312 3346 474 3426 praeterito
506 3344 586 3402 enim
616 3343 749 3421 perlecto
783 3350 813 3403 et
845 3343 1135 3422 plusquamperfecto
1167 3344 1390 3405 transferuntur
1418 3347 1449 3405 in
1475 3345 1576 3404 tonnan

312 3448 446 3527 passivae
474 3444 695 3514 declinationis,
724 3447 802 3505 sicut
828 3453 859 3506 et
885 3446 917 3504 iu
946 3443 1003 3505 alio
1031 3445 1095 3506 loco
1118 3444 1262 3516 diximuS,
1286 3446 1390 3507 solitus
1412 3464 1475 3508 sum
1496 3444 1605 3507 solitum·

314 3567 411 3618 eram,
440 3565 529 3607 ausus
558 3565 623 3607 sum
653 3545 742 3609 ausus
770 3566 862 3608 eram.
908 3564 942 3606 ex
971 3545 1068 3625 aliqua
1096 3553 1181 3627 parte
1210 3548 1366 3619 deficiunt,
1396 3556 1429 3609 ut
1455 3555 1497 3609 est
1519 3546 1577 3607 levio

314 3650 385 3710 edo:
408 3648 481 3709 haec
503 3652 583 3710 enim
605 3668 664 3709 non
686 3668 740 3729 per
767 3652 865 3710 omnia
894 3656 1029 3729 tempora
1060 3651 1240 3728 figmentum
1271 3668 1366 3731 neque
1390 3654 1468 3713 enim
1488 3651 1579 3710 iaciunt¹

314 3753 385 3814 terii
409 3759 459 3812 aut
480 3752 610 3812 ederam.

399 3854 436 3915 Et
462 3856 601 3934 quoniam
628 3856 701 3915 satis
729 3853 885 3915 collectum
913 3861 959 3913 est
987 3856 1227 3933 coniugationem
1259 3857 1290 3915 in
1319 3855 1451 3916 secunda
1476 3868 1579 3935 persona

313 3957 468 4020 indicativi
494 3956 575 4016 modi
602 3958 770 4035 praesentis
796 3959 941 4036 temporis
968 3955 1230 4037 requiridebere,
1255 3956 1329 4017 illud
1351 3959 1430 4018 scire
1453 3956 1606 4020 debemusp

316 4080 383 4087 ..φ-
542 4078 617 4083 ψ...-

387 4144 397 4193 1
420 4144 613 4209 coniugationes
633 4142 657 4191 L
728 4152 755 4191 ut
771 4160 803 4193 ex
821 4145 905 4193 action
926 4142 1112 4210 significatione
1132 4159 1199 4215 npno
1218 4143 1274 4192 lauo
1294 4152 1395 4193 namet
1415 4145 1478 4195 louis
1496 4142 1546 4192 lacit
1558 4138 1581 4188 11

316 4225 343 4263 ut
360 4222 399 4263 est
423 4214 552 4263 insuetius
581 4212 765 4279 significatione
792 4214 929 4264 declinatio
948 4214 1021 4264 Nune
1048 4214 1105 4263 luuo
1131 4228 1189 4263 narn
1209 4224 1233 4263 et
1252 4213 1316 4263 lauis
1336 4213 1360 4262 L
1379 4223 1407 4263 ut
1425 4212 1579 4265 estinuetim

316 4282 504 4350 significatione
528 4283 663 4333 declinatio
682 4283 739 4333 labo
763 4283 834 4334 labae
855 4300 912 4333 nam
931 4294 956 4333 et
975 4284 1038 4333 labis
1060 4284 1085 4333 B
1168 4286 1183 4333 2
1203 4298 1268 4347 quae
1286 4284 1368 4348 (corr.
1389 4286 1425 4338 al.
1443 4280 1579 4345 nunquit

317 4363 356 4404 est
373 4351 398 4402 B
467 4352 510 4403 hie
526 4353 677 4404 condicione
693 4368 763 4407 corr.
782 4355 862 4404 -niL
933 4352 1044 4415 3idque
1064 4370 1077 4403 a
1097 4353 1122 4402 B
1191 4354 1299 4403 llsbor
1319 4354 1380 4404 lecit
1401 4352 1528 4403 labsriell

317 4424 445 4475 claberis
462 4438 527 4487 quae
547 4425 627 4483 (corr,
646 4426 681 4476 al.
701 4440 766 4474 mon.
786 4423 868 4489 quod)
887 4432 924 4473 est
943 4422 968 4472 B
1038 4424 1137 4472 inum
1157 4424 1205 4473 hoc
1222 4422 1247 4471 B
1317 4423 1351 4474 10
1370 4420 1579 4473 deliciunt-iictor-

318 4494 365 4543 duv
383 4493 505 4543 deliciunt
522 4492 617 4545 BML
705 4494 817 4544 diximus
845 4494 1050 4561 coniugatiouem
1068 4492 1211 4544 Sr'cltardns
1233 4494 1346 4544 diximus
1369 4492 1403 4544 de
1428 4492 1579 4558 coniugatione

318 4562 410 4612 BML
481 4563 515 4613 12
532 4564 559 4613 in
578 4565 758 4631 coniugatione
774 4564 834 4614 ML
904 4564 936 4615 13
952 4560 1058 4630 requiri]
1080 4564 1168 4627 quaeri
1184 4563 1238 4615 BL
1309 4565 1342 4614 14
1360 4578 1495 4615 amacura.
1511 4560 1579 4611 anaba

318 4632 352 4691 B,
369 4647 415 4685 orn.
436 4631 470 4680 M
538 4633 571 4684 16
589 4634 674 4701 prodit
692 4634 751 4684 ML
822 4632 855 4685 19
873 4634 1008 4683 ostendunt
1021 4644 1046 4683 et
1061 4642 1118 4683 aute
1138 4632 1172 4683 M
1232 4634 1264 4682 22
1285 4649 1313 4683 eu
1332 4648 1379 4684 om.
1402 4634 1435 4683 M
1482 4640 1579 4697 exposcat

320 4702 350 4751 M
421 4702 453 4751 25
470 4712 575 4765 quartus
593 4719 693 4769 qnoque
711 4703 1080 4756 modusestdeiectionisille
1099 4704 1186 4767 quiin
1205 4703 1371 4755 attestamur
1422 4698 1579 4768 ausuqeuio

322 4772 345 4820 L
393 4768 452 4818 lacit
466 4770 532 4820 ierui
546 4773 596 4823 BL
608 4773 668 4822 iacit
682 4772 774 4822 ieriM
814 4774 848 4826 34
861 4775 921 4824 satis
936 4773 994 4823 inde
1007 4774 1138 4825 collectum
1151 4780 1189 4823 est
1199 4772 1250 4824 BL
1291 4772 1324 4825 35
1336 4771 1443 4838 requiri]
1458 4772 1534 4838 quaeri
1544 4766 1580 4820 Bl
