3350 5442
307 285 370 349 306
882 283 1036 347 POMPEI!

334 407 355 449 p.
369 393 459 436 roa-or
473 393 495 434 1.

308 491 411 534 navem
437 473 440 555 l
465 480 515 534 ant
537 492 552 533 a
576 475 641 535 navi
665 473 711 552 ad.
726 472 867 542 volatum.
891 474 966 535 istae
988 474 1159 553 reciprocae
1181 481 1259 533 snut.
1305 471 1398 533 hahes
1419 474 1449 532 in
1472 471 1595 551 Vergilio

307 583 464 653 utramque
481 574 703 636 translationem
719 576 813 654 ipsius
828 574 975 637 thematis.
1005 573 1103 635 volare
1125 576 1246 655 proprie
1261 576 1357 635 arium
1374 580 1428 643 est,
1451 583 1482 635 et
1505 583 1595 636 trans-

309 676 374 738 tulit
396 677 431 738 ad
454 675 533 750 rela3
557 695 627 737 ecco
650 676 686 737 ad
709 695 798 738 naves
820 677 891 738 lecit
913 678 1152 756 conparationem
1177 676 1214 737 ab
1229 676 1341 738 aribus.
1371 677 1429 737 alio
1450 675 1517 737 loco
1532 665 1593 736 item
1645 694 1646 747 t

308 797 323 838 a
347 777 470 840 navibus
493 777 643 842 transtulit
666 777 702 838 ad
725 797 805 849 area,
830 783 936 839 ‘nare
958 797 1024 858 per
1046 786 1224 839 aestatem
1247 778 1451 859 liquidam’,
1475 797 1544 840 cum
1564 779 1595 838 dc
1645 780 1646 857 l

309 880 413 960 apibus
437 880 603 942 volantibus
626 880 807 960 loqueretur.
841 899 914 942 nare
937 888 1117 950 ostantare,
1142 881 1221 959 quod
1244 900 1314 942 vero
1337 890 1382 942 est
1404 882 1496 940 naris.
1531 882 1613 941 istaes
1645 890 1646 977 q

309 985 481 1062 reciprocae
511 990 594 1053 sunt,
625 984 760 1060 quotiens
788 1002 821 1043 se
850 984 1025 1061 respiciunt.
1070 984 1162 1063 partis
1190 985 1278 1044 nnius
1299 985 1546 1060 suntsquotiens
1565 982 1595 1041 ah
1645 982 1646 1065 l

307 1103 367 1145 nna
388 1093 472 1164 parte
496 1084 717 1154 transferimus,
737 1084 773 1145 ah
789 1103 847 1146 nna
863 1103 933 1145 vero
957 1102 1016 1145 non
1039 1102 1206 1165 possumus.
1235 1085 1378 1146 trahemus
1399 1087 1429 1145 in
1445 1084 1594 1146 Miloniana
1645 1072 1646 1155 Ῐ

309 1187 475 1267 ‘quidem
503 1196 653 1248 ceteras
681 1194 926 1266 tempestates
954 1195 989 1247 et
1017 1186 1210 1266 procellas
1236 1189 1273 1247 in
1302 1185 1382 1247 illis
1415 1187 1596 1248 dumtaxat
1645 1194 1646 1265 j

308 1287 492 1350 llnctihns
518 1292 736 1350 contionum
766 1309 912 1369 seraper
939 1292 1065 1369 putavi
1092 1289 1220 1350 Miloni
1249 1308 1331 1350 esse
1362 1288 1595 1349 subeundas’.
1645 1272 1646 1333 ἶ

310 1399 499 1471 tempestates
527 1390 671 1471 procellas
699 1391 821 1461 fluctus,
852 1399 945 1452 toturn
974 1390 1031 1452 hoc
1058 1392 1148 1452 maris
1176 1400 1234 1462 est,
1264 1399 1293 1452 et
1316 1389 1467 1452 transtulit
1489 1390 1525 1449 ad
1548 1392 1621 1448 rimu

310 1493 413 1574 populi
436 1503 464 1554 et
486 1493 654 1554 seditiones.
700 1513 716 1553 e
746 1496 898 1556 contrario
928 1512 988 1554 non
1011 1512 1168 1572 possumus
1188 1511 1301 1573 ponere
1324 1511 1340 1553 a
1363 1493 1474 1572 populo
1497 1493 1532 1553 ad
1554 1511 1596 1571 pe·

310 1595 403 1675 lngus,
435 1594 577 1674 numquid
600 1596 678 1655 enim
702 1614 859 1674 possumus
882 1596 982 1657 dicere
1005 1595 1088 1656 ‘talis
1110 1603 1272 1674 tempestas
1295 1594 1398 1674 populi
1420 1596 1489 1665 suit,
1513 1593 1597 1674 qualis
1645 1584 1646 1603 ³

310 1697 417 1758 seditio
440 1697 567 1758 maris’t
590 1705 689 1758 tamen
711 1697 822 1758 Statius
846 1696 967 1758 demens
990 1698 1064 1757 dixit
1085 1697 1260 1759 seditionem
1284 1695 1378 1776 [rogi]
1402 1698 1503 1757 maris.

395 1785 581 1862 Catachresis
604 1810 649 1860 est
671 1800 823 1880 usurpatio
847 1798 936 1860 alieni
959 1801 1101 1868 nominis;
1126 1801 1165 1858 ita
1188 1798 1308 1859 delinita
1323 1807 1379 1859 est.
1410 1805 1484 1877 puta
1506 1798 1597 1858 neseio
1645 1844 1646 1871 ι

311 1904 360 1980 qui
384 1900 476 1962 lilium
498 1919 582 1962 sunm
606 1900 727 1972 occidit,
752 1901 860 1962 dicitnr
882 1901 1047 1981 parricida;
1072 1903 1174 1962 nescio
1197 1902 1247 1980 qui
1269 1908 1396 1961 matrem
1421 1919 1506 1960 suam
1528 1901 1620 1960 occi-1:
1645 1888 1646 1891 '

311 2004 368 2074 dit,
392 2003 500 2064 dicitnr
522 2001 686 2082 parricida;
710 2021 859 2072 sororem,
884 2002 993 2064 dicitur
1014 2002 1163 2082 parricida
1187 1999 1352 2083 [usurpatio
1376 2011 1421 2063 εει
1442 2002 1533 2063 alieni
1552 2021 1598 2060 no·

311 2103 421 2187 minis].
467 2123 645 2185 quemqnam
675 2105 800 2166 voluerit
828 2106 932 2172 Cicero
961 2105 1061 2166 lacere
1088 2104 1312 2166 discretionem:
1351 2103 1478 2184 lralhetis
1506 2106 1536 2165 in
1556 2102 1596 2163 illa

311 2209 445 2268 oratione
461 2207 601 2268 dedomo
618 2227 670 2270 sua
694 2207 909 2268 ‘matricida
933 2205 1132 2268 fratricida
1155 2207 1396 2269 sororicida’.
1427 2223 1596 2288 quamquam
1645 2252 1646 2257 ,

312 2319 342 2371 ει
363 2313 491 2372 maiores
514 2311 608 2370 nostri
631 2308 786 2370 voluerunt
814 2308 895 2370 aliud
919 2327 985 2370 csse
1013 2310 1200 2390 parricidam.
1232 2308 1394 2388 [parricida
1417 2317 1463 2369 est
1485 2310 1534 2387 qni
1554 2291 1597 2386 pa·
1645 2298 1646 2357 ἶ

311 2423 428 2474 rentem
444 2412 561 2473 occidit.
593 2429 660 2471 nam
684 2412 794 2472 idcirco
818 2411 929 2472 dictum
953 2417 998 2471 est
1019 2412 1058 2472 ita
1075 2409 1173 2472 addita
1195 2430 1252 2472 una
1275 2410 1372 2471 littera
1395 2430 1424 2481 r,
1447 2409 1623 2491 parricidas

311 2515 391 2597 qnod
420 2523 573 2595 parentem
601 2511 778 2593 interimat]
824 2512 901 2592 apud
935 2514 1063 2574 maiores
1090 2514 1167 2598 enim
1196 2520 1313 2574 nostros
1345 2513 1510 2574 homicidas
1539 2530 1597 2572 ram

311 2619 438 2696 legistis
469 2616 632 2696 parricidas
660 2624 759 2677 autem
787 2633 914 2695 semper.
958 2614 1069 2675 idcirco
1092 2617 1180 2677 etiam
1203 2614 1366 2694 parricidas
1387 2618 1502 2694 patriae
1524 2631 1596 2674 roca·

312 2738 387 2790 mus,
401 2721 451 2798 qui
474 2720 554 2778 cives
576 2719 761 2779 interimunt.
799 2718 944 2796 piscinam
967 2716 1107 2787 dicimos,
1132 2715 1181 2776 ubl
1203 2719 1300 2797 pisces
1322 2734 1381 2778 uon
1405 2726 1485 2778 sunt.
1523 2733 1597 2777 usur·

312 2824 391 2902 patio
422 2829 468 2881 est
496 2819 584 2882 alieni
611 2819 747 2880 nominis.
794 2817 868 2880 haec
897 2819 975 2879 enim
1007 2837 1056 2879 res
1089 2818 1217 2880 alienum
1245 2836 1355 2880 nomen
1385 2816 1490 2890 habet,
1522 2835 1595 2878 suum
1645 2818 1646 2847 ³

312 2941 372 2985 non
395 2920 493 2982 hahet.
967 2943 975 2960 ·
1232 2959 1236 2975 .
1606 2932 1624 2968 n

398 3022 596 3102 Metalempsis
612 3032 656 3084 cst
679 3041 707 3084 a,
731 3023 786 3083 iste
803 3030 907 3101 tropus
923 3022 1167 3099 frequentabatur
1182 3022 1259 3101 apnd
1276 3031 1388 3101 poetas.
1406 3022 1596 3100 metalempsis

314 3125 421 3186 dicitur
443 3143 580 3186 accessus
604 3124 721 3200 quidam
744 3124 889 3202 gradatim
912 3126 1089 3203 perveniens
1112 3124 1147 3184 ad
1171 3125 1276 3192 tinem,
1306 3124 1358 3185 sed
1382 3124 1473 3204 longo
1494 3123 1595 3189 ordine,

316 3237 348 3288 ut
370 3229 395 3288 si
418 3227 498 3288 dicas

337 3310 342 3332 ¹
466 3336 549 3408 post
571 3327 719 3405 aliquot
740 3347 816 3388 ntea
840 3345 951 3406 regna
974 3328 1101 3388 videns
1123 3326 1288 3389 mirabor
1311 3329 1457 3390 aristas.

313 3431 367 3510 per
395 3430 502 3491 aristas
531 3437 647 3508 segetes
675 3431 833 3508 significat,
863 3448 918 3510 por
945 3437 1062 3508 segetes
1088 3438 1231 3500 aestates
1264 3447 1319 3508 per
1346 3437 1473 3491 aestates
1500 3439 1622 3492 autrumti

314 3550 386 3610 ergo
409 3539 479 3612 post
501 3531 612 3611 aliquot
634 3533 753 3600 aristas,
777 3531 806 3591 id
831 3539 877 3592 est
899 3539 965 3611 post
987 3530 1097 3610 aliquot
1118 3550 1221 3592 acinos.
1267 3529 1469 3611 metalempsis
1491 3531 1593 3592 dicitur.

314 3633 391 3714 quod
421 3633 565 3711 gradatim
593 3635 784 3713 pervenimus
812 3633 847 3693 ad
875 3631 1000 3710 aliquid,
1030 3651 1118 3712 quem
1141 3633 1178 3693 ad
1201 3631 1322 3692 modum
1343 3634 1415 3693 item
1438 3632 1528 3694 hahes
1547 3629 1594 3691 alio

314 3735 379 3796 loco
403 3733 615 3814 ‘speluncis
637 3734 784 3795 abdidit
806 3736 930 3795 atris’.
975 3753 1029 3813 per
1052 3743 1130 3795 atras
1156 3733 1315 3814 speluncas
1337 3733 1550 3802 tenebricosos,
1570 3728 1593 3789 id

384 3976 400 4025 ‘2
420 3971 516 4040 volare]
538 3974 573 4036 cf.
590 3973 662 4022 Seru.
684 3975 708 4022 in
727 3974 807 4038 Ver-p.
826 3974 894 4024 Aen.
916 3975 923 4022 l
943 3974 993 4025 '224
1014 3988 1083 4023 strare
1102 3972 1239 4024 velivolum
1292 3975 1309 4022 4
1328 3973 1361 4023 ad
1379 3987 1442 4023 anes
1460 3981 1543 4023 natare
1557 3981 1594 4033 pet

315 4057 374 4094 aera
393 4054 480 4094 nutare
497 4055 535 4093 est
552 4051 655 4093 naturae
674 4057 737 4106 quac
756 4059 816 4092 nero
834 4054 873 4094 est
894 4043 1009 4093 unitisP
1065 4057 1125 4092 nare
1162 4045 1241 4108 Verp.
1256 4059 1344 4108 peorp.
1363 4044 1409 4092 llll
1428 4044 1482 4104 59,
1516 4043 1593 4093 5mrc

314 4113 513 4164 etnatareBS
581 4113 828 4176 dserecipinutP
913 4115 970 4163 lin
989 4113 1126 4162 Miloniana
1159 4113 1218 4172 λδ
1296 4111 1540 4175 8qnidernom.P

319 4183 349 4235 13
365 4181 472 4250 Statius]
503 4183 579 4236 Theb.
599 4183 666 4232 Vllll
691 4183 740 4233 142
764 4183 890 4232 seditione
907 4184 983 4233 muris
1053 4183 1109 4248 rogi
1127 4181 1334 4246 om.B,·add.d
1406 4184 1439 4233 la
1458 4175 1593 4232 catachresis

315 4262 354 4305 est
373 4255 506 4318 usurpatio
521 4255 545 4303 P
561 4252 714 4303 catachresis
733 4253 824 4302 dicitur
841 4255 974 4320 usurpatio
992 4253 1014 4303 G
1029 4251 1184 4302 catachresis
1196 4253 1329 4316 usurpatio
1342 4252 1394 4303 BS
1447 4253 1479 4302 15
1498 4247 1593 4318 parricida

314 4359 494 4408 constanterG
560 4356 590 4407 18
607 4355 728 4406 orationis
744 4355 807 4407 BS:
824 4357 938 4407 oratione
956 4334 1063 4416 domnsh
1080 4358 1119 4407 P:
1139 4357 1191 4406 Cic.
1209 4357 1242 4406 dc
1259 4357 1454 4419 domosuold,
1472 4357 1507 4408 26
1567 4350 1592 4399 ltt

316 4429 425 4478 maiores
442 4427 521 4479 nostri
539 4426 575 4476 P:
596 4427 674 4476 nostri
690 4441 736 4480 om.
754 4425 829 4476 BOS
898 4426 1039 4476 aliudesse
1057 4427 1209 4492 parricidam
1228 4427 1268 4476 Cb
1286 4426 1355 4476 alind
1373 4442 1431 4477 esso
1449 4416 1594 4500 parricidad

316 4497 384 4546 aliud
404 4513 461 4549 esse
481 4496 642 4563 parricidium
656 4495 707 4544 BS
760 4497 802 4559 qui
818 4507 947 4562 parentem
965 4498 1056 4546 occidit
1069 4512 1128 4546 nam
1145 4498 1171 4546 P
1187 4496 1230 4559 qui
1245 4505 1342 4561 patrem
1362 4498 1457 4547 oceidit
1474 4498 1521 4547 iam
1533 4490 1593 4543 3οὸ

384 4568 419 4617 20
438 4568 531 4617 ideirco
555 4567 647 4616 dieitur
670 4567 785 4632 paricidu
803 4567 836 4616 ita
856 4567 941 4616 addita
965 4582 1015 4615 rana
1035 4567 1118 4617 littera
1136 4583 1148 4615 r
1166 4567 1233 4629 quod
1254 4567 1275 4616 0
1343 4568 1375 4617 ll
1396 4566 1535 4616 homicidas
1550 4561 1570 4609 B
1576 4557 1593 4604 Ρ

317 4636 464 4687 homocidns
484 4635 530 4688 OS
581 4637 614 4687 24
634 4651 724 4686 rronren
746 4635 820 4685 habet
837 4635 875 4701 (et
889 4637 951 4690 edd.
969 4636 1002 4699 0)
1020 4652 1093 4687 sunm
1111 4651 1160 4686 non
1179 4637 1256 4685 habet
1268 4636 1307 4686 Cb
1326 4651 1417 4686 laomen
1430 4636 1518 4686 lrnhnit
1533 4641 1592 4681 suum
1645 4642 1646 4645 ¹

317 4722 366 4755 riou
386 4707 474 4757 hahuit
487 4707 537 4757 BS
554 4721 644 4756 nomeu
664 4707 752 4756 lrnlurit
769 4721 842 4758 strum
865 4721 915 4755 nou
938 4705 1011 4756 habet
1033 4709 1056 4758 P
1124 4705 1158 4757 29
1173 4705 1239 4772 post]
1263 4708 1342 4771 Verp,
1362 4707 1443 4760 hercul.
1463 4709 1493 4772 1,
1508 4705 1538 4755 ld

209 4835 220 4850 ι
316 4777 350 4824 33
371 4773 512 4844 speluruis]
537 4779 616 4840 Vcrq,
632 4777 721 4828 Aeaci
737 4777 772 4825 titt
