3350 5442
303 288 367 359 406
862 358 868 373 ,
910 292 982 359 ARS

304 502 392 547 mum
414 488 618 567 sequeretur,
646 503 711 545 non
733 478 989 545 emendatiorem
1016 479 1152 565 librum,
1181 480 1238 545 sed
1256 479 1369 565 magis
1398 478 1497 545 etiam
1522 500 1588 545 cor·

302 592 451 671 ruptum,
478 604 577 670 quam
604 592 702 647 antea
728 581 911 666 ferebatur,
938 582 1096 648 exhibuit.
1141 604 1201 668 ego
1223 604 1421 670 quamquam
1444 580 1587 669 pluribus

302 684 471 750 codicibus
499 684 583 749 inter
610 707 645 749 sc
672 682 799 749 collatis
828 684 1024 772 scripturam
1053 682 1151 750 valde
1178 683 1365 773 discrepare
1396 706 1458 749 nec
1489 682 1589 749 solitis
1663 680 1664 685 ’

301 795 430 853 tanturn
456 786 664 853 librariorum
692 786 874 870 erroribus,
905 785 964 851 sed
987 786 1084 852 etiam
1107 787 1225 852 studiis
1247 788 1465 875 posteriorum
1486 808 1589 871 gram·

301 889 507 971 maticorum,
531 883 587 976 qui
608 889 783 974 diligenter
803 888 889 953 hunc
910 887 1030 953 librum
1052 896 1293 972 tractaverunt,
1315 911 1412 975 saepe
1435 898 1589 955 mutatam

303 988 469 1076 intellexi,
491 1002 602 1057 tamen
623 1003 757 1079 propter
776 990 946 1057 levitatem
967 1013 1077 1055 rerum
1096 991 1265 1078 inquibus
1288 990 1429 1077 scriptor
1443 999 1589 1057 versatur
1664 990 1665 995 ’

302 1093 343 1158 de
364 1096 430 1159 ista
451 1094 642 1163 diversitate
662 1116 781 1181 magno
799 1114 897 1182 opere
912 1092 1134 1180 quaerendum
1154 1115 1220 1158 non
1242 1093 1446 1177 existimavi,
1470 1091 1528 1157 scd
1550 1093 1589 1156 ad

301 1196 399 1260 nnius
422 1195 537 1284 optimi
564 1196 684 1261 codicis
706 1194 805 1261 fidem
832 1217 949 1261 novam
976 1196 1198 1260 recensionem
1220 1194 1351 1281 exigere
1374 1196 1479 1261 satius
1503 1193 1587 1258 duxi.

301 1299 413 1385 itaque
438 1297 687 1367 fundamentum
714 1298 868 1365 editionis
896 1318 968 1362 esse
995 1296 1082 1363 volui
1117 1298 1262 1364 codicem
1295 1297 1482 1363 Parisinum
1511 1296 1589 1361 7530

304 1402 370 1485 (P),
392 1402 486 1466 cuius
510 1401 671 1489 scriptura
691 1402 739 1466 ita
753 1398 900 1465 exhibita
922 1409 987 1481 est,
1010 1410 1047 1464 ut
1066 1400 1129 1464 nisi
1150 1400 1294 1465 indicata
1310 1399 1529 1486 discrepantia
1549 1396 1588 1461 ab

303 1525 342 1568 ea
363 1526 428 1567 non
449 1501 657 1569 recederetur
678 1512 711 1567 et
731 1512 864 1589 practer
884 1501 1098 1589 paucissimas
1114 1500 1245 1588 quidem
1268 1514 1302 1568 ct
1322 1501 1507 1567 levissimas
1527 1522 1587 1579 res,

303 1628 385 1692 quas
407 1606 442 1669 in
462 1604 525 1671 hoc
546 1627 666 1692 genere
681 1606 876 1690 scriptorum
892 1604 1067 1669 memoriae
1081 1603 1220 1691 prodere
1234 1602 1314 1668 nihil
1329 1605 1477 1685 interest,
1500 1600 1587 1689 quid-

303 1708 382 1796 quid
408 1706 504 1773 aliter
532 1717 630 1795 atque
651 1705 774 1773 editum
797 1717 848 1772 est
870 1707 905 1771 in
927 1729 965 1772 eo
989 1708 1146 1793 scriptum
1168 1716 1266 1789 esset,
1289 1707 1439 1772 subiecta
1459 1703 1588 1769 adnota-

303 1812 391 1876 tione
414 1809 658 1895 signifioaretur.
704 1808 746 1875 ad
773 1808 968 1896 corrigenda
993 1818 1103 1873 autem
1124 1809 1266 1874 Parisini
1288 1808 1410 1873 codicis
1433 1807 1517 1873 vitia
1537 1806 1589 1871 ad·

302 1912 395 1978 hibui
416 1912 661 1997 Frisingensem
681 1911 828 1977 codicem
851 1910 925 1997 (F);
962 1933 1067 1998 neque
1095 1920 1206 1977 tamen
1227 1912 1390 1997 integram
1411 1911 1587 1997 scripturae

307 2014 577 2101 discrepantiam,
606 2015 690 2079 sicut
716 2014 750 2076 in
778 2012 835 2079 illo
863 2012 1074 2095 factumest,
1104 2012 1266 2095 indicavi,
1289 2014 1347 2077 sed
1368 2010 1488 2093 multa,
1509 2032 1591 2097 qnae
1667 2056 1668 2083 ,

301 2115 422 2182 nullius
445 2115 601 2183 momenti
623 2138 695 2179 esse
716 2116 791 2180 visa
813 2123 905 2197 sunt,
934 2114 1040 2179 omisi.
1082 2115 1117 2179 in
1139 2138 1203 2201 quo
1225 2115 1287 2182 hoc
1309 2116 1387 2181 sciri
1408 2113 1500 2195 volo,
1520 2113 1591 2177 ubi-

301 2241 439 2306 cumque
460 2240 500 2283 ea
521 2241 604 2306 quae
627 2217 716 2282 edita
737 2227 814 2282 sunt
835 2239 856 2282 a
878 2216 1027 2281 Parisino
1050 2216 1162 2283 codice
1184 2217 1398 2301 dissentiunt,
1422 2238 1523 2303 neque
1546 2216 1591 2278 in-

301 2320 445 2385 dicatum
468 2330 526 2401 cst,
550 2319 629 2407 quid
650 2318 684 2383 in
706 2318 911 2404 Frisingensi
934 2319 1045 2385 codice
1069 2320 1226 2407 scriptum
1250 2321 1303 2403 sit,
1326 2322 1411 2384 hunc
1433 2316 1592 2385 cumillis

301 2446 384 2511 quae
417 2426 452 2488 in
485 2423 733 2489 continuitatem
760 2423 936 2487 verborum
969 2432 1102 2509 recepta
1132 2435 1209 2489 sunt
1243 2426 1426 2487 consentire
1459 2421 1593 2506 eiusque

301 2526 486 2591 testimonio
509 2526 694 2592 confirmari
716 2548 799 2612 qnae
821 2527 855 2589 in
877 2522 942 2589 illis
964 2521 1044 2589 locis
1067 2534 1182 2589 contra
1203 2527 1431 2591 auctoritatem
1453 2523 1593 2587 Parisini

301 2628 421 2694 codicis
443 2629 583 2716 probata
604 2640 690 2695 sunt.
734 2637 903 2715 praeterea
930 2627 965 2690 in
993 2650 1058 2693 non
1085 2625 1182 2692 nullis
1211 2628 1306 2711 locis,
1334 2628 1368 2691 in
1395 2627 1512 2713 quibus
1541 2624 1594 2689 vel

300 2731 447 2818 corrupti
469 2742 562 2797 erant
585 2731 723 2811 codices,
746 2728 799 2795 vel
817 2752 883 2793 non
909 2728 1024 2794 inutile
1047 2740 1117 2795 crat
1144 2730 1245 2813 scire,
1268 2728 1347 2818 quid
1369 2728 1445 2795 olim
1468 2726 1594 2791 editum
1669 2774 1670 2790 .

300 2842 404 2915 esset,
428 2818 621 2921 scripturam
643 2832 800 2919 principis
817 2831 970 2897 editionis
986 2831 1044 2917 (ς),
1067 2856 1140 2898 cum
1156 2832 1361 2917 Frisingensi
1376 2829 1489 2897 codice
1504 2828 1594 2894 illam

301 2931 433 3023 quidem
455 2934 645 3023 plerumque
667 2935 947 3017 consentientem,¹
962 2934 1117 3000 indicavi.
1163 2956 1270 3021 pauca
1296 2935 1394 2999 ctiam
1417 2956 1459 2997 ex
1480 2932 1594 2997 codice

300 3036 606 3103 Wolfenbuttelano
627 3038 826 3124 antiquiore,
856 3059 952 3124 quem
978 3036 1013 3101 in
1042 3036 1171 3102 schedis
1193 3034 1411 3101 Lindemanni
1437 3033 1594 3101 collatum

299 3138 418 3221 habui,
442 3139 620 3227 adscripsi,
644 3162 709 3203 non
731 3141 825 3226 quasi
840 3138 921 3204 haec
937 3138 1079 3226 aliquam
1095 3139 1323 3204 auctoritatem
1344 3138 1511 3221 baberent,
1534 3136 1594 3203 sed

300 3242 377 3328 quia
402 3264 461 3329 pro
489 3242 685 3307 coniecturis
712 3240 930 3305 recentiorum
951 3242 1236 3326 grammaticorum
1257 3241 1409 3306 habenda
1431 3249 1516 3323 sunt,
1541 3238 1595 3305 vel

300 3354 387 3409 certe
409 3344 487 3431 quia
508 3344 726 3409 Lindemanni
749 3342 892 3408 editione
914 3354 1098 3431 propagata
1127 3355 1230 3409 erant.
1274 3344 1397 3410 omissa
1423 3355 1532 3410 autem
1561 3344 1594 3407 in

299 3445 362 3511 hoc
382 3444 467 3512 libro
490 3457 540 3511 est
563 3468 602 3511 ea
622 3469 699 3535 pars
716 3469 798 3533 quae
822 3456 872 3510 est
894 3445 934 3510 de
956 3447 1084 3533 graecis
1101 3446 1296 3512 nominibus.
1321 3444 1463 3533 reliquos
1479 3446 1593 3525 libros,

300 3572 438 3636 quorum
460 3549 540 3613 mihi
562 3550 657 3635 copia
678 3549 767 3614 facta
789 3558 874 3631 erat,
902 3546 1047 3635 neglexi,
1071 3572 1111 3615 ne
1134 3548 1241 3614 inutili
1263 3549 1430 3615 variarum
1456 3548 1592 3635 scriptu-

300 3673 408 3715 rarum
431 3648 514 3715 mole
537 3649 620 3717 liber
641 3660 844 3717 oneraretur.
874 3674 979 3738 neque
1001 3654 1123 3718 maiore
1138 3674 1217 3716 cura
1231 3674 1328 3739 quam
1349 3673 1448 3716 manu
1470 3652 1595 3739 scripta

299 3753 402 3840 ipsius
425 3752 502 3817 libri
524 3750 725 3839 exemplaria
752 3754 871 3838 dignus
894 3765 943 3819 est
966 3756 1215 3820 commentarius
1242 3754 1276 3816 in
1299 3754 1441 3819 Pbocam
1462 3754 1593 3840 amplis·

299 3858 418 3939 simus,
440 3855 497 3943 qui
520 3858 661 3943 scriptus
684 3857 790 3921 estin
812 3855 925 3920 codice
950 3856 1142 3922 Monacensi
1167 3856 1287 3939 19454,
1311 3857 1388 3921 olim
1411 3856 1592 3943 Tegcrnsc-

300 3958 370 4025 ensi
395 3958 495 4040 1454,
524 3957 653 4023 saeculo
675 3955 847 4024 undecimo
870 3956 923 4024 vel
952 3957 1143 4025 duodecimo
1165 3983 1197 4047 p.
1223 3960 1300 4043 145,
1324 3966 1432 4040 incipit
1450 3965 1539 4038 elesa
1562 3966 1593 4023 in

300 4068 424 4126 Focum.
456 4067 515 4125 Ars
530 4067 643 4127 dicitnr
665 4067 703 4125 ob
725 4067 803 4125 artis
820 4069 1010 4143 praeceptis,
1036 4069 1133 4129 idest
1154 4069 1301 4127 astrictis
1323 4069 1446 4144 recidis,
1460 4083 1496 4126 eo
1510 4068 1597 4141 qnod

300 4172 400 4230 omnio
428 4169 655 4244 conprehendit.
701 4184 753 4227 ors
779 4171 870 4228 etium
897 4174 940 4229 est
967 4171 1164 4244 conparatio
1190 4171 1240 4230 nei
1261 4172 1419 4246 perceptio
1439 4185 1544 4229 rernm
1567 4178 1597 4229 et

301 4274 415 4333 dicitnr
437 4289 498 4347 apo
520 4276 552 4331 tn
574 4277 692 4349 arctes,
720 4272 754 4331 id
774 4277 817 4331 ert
838 4288 859 4329 a
881 4275 1002 4331 uirtute.
1048 4274 1103 4331 istc
1126 4274 1223 4333 Foras
1250 4274 1281 4332 in
1303 4274 1432 4333 ceordic
1452 4272 1527 4331 libri
1547 4276 1598 4331 sni

299 4391 377 4450 prae
399 4374 555 4446 secundia
581 4376 715 4448 clepiaco
743 4376 878 4433 carmine
904 4376 1071 4451 composuit
1097 4408 1131 4417 -
1155 4393 1186 4458 p.
1210 4368 1273 4435 236
1301 4376 1469 4435 memineris
1490 4375 1592 4443 etnim,

301 4478 333 4536 id
360 4483 404 4537 ert
431 4477 619 4551 recordaris,
649 4476 844 4537 inchoatiuue
867 4476 989 4548 formae
1015 4478 1110 4538 uerba
1134 4479 1175 4537 .i.
1197 4479 1230 4537 in
1252 4480 1423 4553 praeterito
1449 4476 1592 4549 deficere,

301 4580 375 4653 quic
403 4580 579 4640 inchoativa
606 4596 666 4639 non
690 4585 790 4654 potest
818 4578 936 4638 nubae*
954 4582 1163 4656 praeteritum.
1207 4576 1353 4641 continet
1380 4583 1488 4640 autem
1510 4572 1595 4638 haec

301 4676 411 4761 glossa
431 4677 608 4741 maximam
629 4675 706 4742 libri
727 4686 854 4764 partem
875 4674 985 4743 multis
1009 4688 1041 4743 et
1056 4678 1232 4744 verborum
1254 4686 1286 4741 et
1307 4698 1415 4741 rerum
1434 4676 1595 4761 interpre-

301 4779 481 4843 tationibus
508 4789 540 4843 et
572 4778 692 4864 ineptis
725 4780 916 4845 commentis
949 4781 1092 4858 maxime
1125 4780 1166 4843 de
1198 4780 1323 4865 origine
1355 4777 1595 4845 vocabulorum
