3350 5442
300 342 342 409 98
872 346 1025 411 POMPEll

327 454 444 509 pent

300 539 324 595 si
339 526 409 595 'boe
437 534 531 596 solnm
560 535 655 606 dicas,
681 535 835 596 ‘mortuus
858 539 930 605 est',
960 534 1129 614 ambiguum
1153 541 1212 602 est,
1236 552 1296 612 quo
1319 532 1425 593 affeetu
1448 530 1505 591 boc
1527 550 1588 611 per-

301 637 413 699 tuleris,
458 637 540 698 rides
567 656 639 716 ergo
666 640 735 717 quia
763 637 836 698 baec
865 635 1008 717 particula
1037 638 1211 716 interposita
1235 634 1375 715 exprimit
1396 632 1484 695 nubis
1506 635 1589 695 animi

300 742 429 801 allectus.
476 758 544 799 nam
574 739 729 820 aliquoties
755 739 837 801 illam
864 740 1085 818 ambiguitatem
1115 738 1268 799 discernit.
1314 754 1385 797 eece
1407 736 1468 797 diti
1491 734 1544 796 tibi
1564 744 1590 795 et

300 843 418 902 uomina
439 843 567 919 partium
590 849 620 901 et
642 841 793 911 ordinem,
817 850 848 902 et
870 860 962 921 quare
984 843 1024 901 ita
1047 848 1166 902 terame
1189 848 1267 909 sunt,
1292 847 1321 899 et
1344 855 1436 916 quare
1458 838 1524 917 ipso
1546 856 1589 897 or·

299 943 368 1003 tliue
391 945 506 1020 positae
528 951 606 1005 sunt.
1600 948 1606 959 '

384 1045 515 1107 Diximus
543 1063 614 1123 ergo
643 1047 783 1123 quoniam
816 1044 893 1107 bene
928 1045 998 1105 lecit
1025 1042 1186 1114 llouatus,'
1204 1052 1320 1125 partem
1348 1042 1429 1103 illam
1463 1043 1588 1121 priorem

298 1145 430 1207 scribere
451 1147 627 1214 infantibus,
651 1149 847 1226 posteriorem
871 1147 1017 1209 omuibus.
1057 1156 1100 1209 cst
1123 1148 1203 1207 enim
1225 1146 1347 1207 robusta
1369 1153 1400 1206 ct
1420 1143 1512 1204 utilis.
1547 1145 1587 1203 iu·

298 1249 386 1308 cboat
408 1268 424 1307 a
448 1248 553 1310 litteris
574 1251 630 1309 ista
651 1248 796 1328 particula
819 1268 895 1329 quae
917 1249 1039 1311 uberior
1062 1256 1107 1310 est
1129 1256 1159 1309 et
1180 1248 1270 1309 habet
1293 1254 1458 1309 tractatum.

819 1437 869 1497 DE
892 1436 1065 1498 LITTERIS

196 1565 284 1625 tens
382 1557 503 1616 Constat
530 1555 607 1634 apud
636 1572 740 1615 omnes
768 1555 957 1617 Carmentem
981 1556 1144 1635 Nympham
1173 1553 1267 1621 illam.
1297 1552 1430 1615 Euandri
1458 1561 1621 1623 matremn

198 1636 283 1693 ⁵¹⁹³
297 1676 372 1737 quae
394 1658 563 1719 Nicostrata
586 1657 755 1726 dicebatur,
784 1656 890 1717 latinas
919 1656 1033 1719 litteras
1055 1658 1212 1717 iuvenisse.
1257 1657 1320 1734 ipsa
1343 1657 1474 1735 primum
1496 1663 1589 1717 trans·

297 1757 416 1819 tulitin
444 1758 557 1820 ltaliam
583 1758 691 1820 latinas
712 1758 836 1819 litteras.
882 1758 938 1819 ltoc
962 1759 1105 1821 babemus
1126 1758 1209 1818 initio
1232 1758 1320 1827 Livii,
1352 1764 1382 1819 et
1405 1758 1590 1819 ‘Euander

239 1891 245 1902 »
299 1862 352 1920 vir
384 1860 575 1921 mirabilis
608 1862 856 1921 veneratione
891 1860 1134 1928 litterarum',
1169 1862 1291 1921 omuino
1321 1859 1412 1921 verba
1440 1868 1509 1923 sunt
1535 1863 1589 1921 ista

296 1962 386 2033 litii,
409 1964 481 2023 ‘rei
504 1982 621 2025 norae
643 1965 743 2023 iuter
765 1963 879 2023 rudes
901 1961 1098 2023 bumines’.
1144 1969 1215 2022 tune
1237 1964 1367 2041 primum
1389 1970 1590 2041 apparuerunt

295 2064 420 2126 litterae.
451 2061 455 2145 l
485 2064 602 2126 litterae
630 2064 725 2125 dictae
752 2071 821 2123 suut
843 2063 899 2125 bae
921 2066 1051 2133 ratione,
1081 2065 1164 2141 quasi
1186 2062 1341 2140 legiterae,
1365 2062 1444 2140 quod
1466 2062 1622 2141 legenti-,u

296 2167 350 2227 bus
371 2170 429 2227 iter
452 2166 625 2246 praebeant.
670 2184 738 2227 uam
761 2168 862 2245 utique
885 2165 1080 2227 adtendentes
1102 2163 1217 2225 litteras
1239 2162 1399 2243 implemus
1421 2164 1589 2225 lectionem.

297 2286 367 2346 ergo
388 2268 434 2328 rel
456 2268 524 2329 ideo
547 2268 643 2331 diotae
665 2278 736 2329 suut
757 2267 888 2353 litterae,
912 2266 958 2328 tel
980 2268 1048 2357 ideo
1071 2266 1149 2345 quod
1171 2265 1299 2343 legendo
1322 2269 1479 2329 iterentur.
1525 2285 1590 2329 nam

296 2389 362 2431 eum
387 2372 447 2431 siut
468 2370 577 2442 lllllll,
601 2378 700 2432 tamen
725 2371 820 2431 varias
844 2371 1024 2437 conexiones
1046 2369 1171 2437 laeiunt,
1195 2368 1225 2428 id
1249 2376 1295 2429 est
1318 2370 1427 2431 variant
1451 2368 1591 2430 elocutio·

295 2490 374 2532 uem.
418 2488 492 2548 ergo
513 2472 552 2533 ob
575 2472 652 2533 bauo
674 2490 791 2532 causam
814 2471 910 2533 dietae
932 2478 1002 2531 sunt
1023 2468 1154 2538 litterae,
1178 2468 1223 2531 rel
1245 2470 1323 2548 qnod
1346 2468 1514 2548 legentibus
1535 2473 1592 2532 iter

212 2650 216 2658 ,
296 2573 460 2653 praebeant
480 2573 526 2634 vel
549 2573 627 2652 quod
649 2572 777 2650 legendo
800 2574 955 2635 iterentur.
987 2574 1060 2632 istae
1082 2572 1199 2633 litterae
1221 2571 1298 2650 apud
1321 2574 1449 2633 maiores
1471 2582 1624 2633 nostrosu

295 2694 355 2735 unu
378 2676 498 2735 luerunt
520 2675 627 2744 xxtlt,
651 2674 703 2735 sed
727 2674 798 2735 XVI.
830 2682 932 2753 postea
955 2673 1072 2735 atlditae
1095 2681 1165 2735 sunt
1187 2673 1270 2734 aliae.
1310 2675 1350 2734 ita
1373 2675 1460 2735 etiam
1484 2682 1591 2737 tracta·

296 2787 378 2837 turus
407 2784 464 2846 est,
494 2784 528 2837 ut
556 2776 663 2837 doceat
692 2776 763 2836 olim
791 2776 855 2837 Xl'l
878 2776 983 2846 luisse,
1013 2784 1115 2855 postea
1144 2794 1180 2837 ex
1207 2776 1358 2855 superlluo
1381 2776 1496 2837 additas
1519 2777 1591 2838 alias

295 2878 408 2939 litteras
431 2885 460 2937 et
482 2879 574 2937 lactas
596 2876 695 2937 llell.
727 2876 871 2937 babemus
893 2876 950 2937 hnc
971 2878 1004 2937 in
1026 2877 1109 2937 libris
1131 2878 1168 2939 ad
1183 2880 1292 2939 Attium
1315 2877 1394 2957 apud
1417 2878 1592 2945 Varronem.

295 2988 325 3039 et
346 2999 399 3039 cur
422 2987 465 3039 tot
486 2981 546 3040 siut
568 2986 598 3041 et
619 2998 711 3059 qnare
734 2998 770 3039 eo
792 2979 897 3039 ordine
925 2981 1038 3059 positae
1066 2985 1097 3039 et
1118 2998 1208 3059 quare
1231 2980 1324 3041 isdem
1349 2980 1520 3041 nominibus
1543 2998 1593 3039 ro·

295 3090 408 3142 centur.
454 3088 524 3141 sunt
551 3088 649 3141 autem
679 3080 795 3143 litterae
816 3080 921 3149 XXlll,
952 3081 988 3142 de
1011 3080 1117 3159 quibus
1138 3088 1319 3143 tractaturus
1341 3100 1414 3143 sum.
1459 3082 1513 3143 sed
1536 3082 1628 3145 baert

296 3220 396 3226 ..-—-
416 3218 599 3225 ...μ-.-

365 3320 379 3369 1
405 3333 519 3369 mortuus
543 3328 582 3368 est
602 3320 751 3385 ambiguum
769 3327 807 3368 est
823 3321 848 3368 L
870 3328 984 3369 mortuns
1002 3328 1040 3369 est
1059 3319 1109 3383 (est
1129 3334 1174 3372 ont.
1195 3320 1227 3385 0)
1246 3321 1269 3368 iu
1288 3320 1352 3383 (inm
1371 3322 1413 3369 A?
1430 3334 1498 3369 eurr.
1517 3320 1543 3371 iu
1563 3320 1593 3383 u)

295 3389 587 3453 ambiguumestABC
636 3391 773 3452 spartium
788 3406 835 3444 om,
850 3391 874 3438 A
925 3390 1135 3439 uocataABCh
1183 3390 1200 3439 b
1214 3390 1368 3455 positasuut
1381 3426 1591 3444 ,,,,,,,,,,,,,

295 3461 413 3524 qttoninm
429 3458 454 3507 A
473 3460 557 3523 posite
575 3470 633 3507 sunt
649 3460 761 3507 diximus
777 3460 802 3509 id
822 3464 837 3509 d
855 3469 880 3510 et
898 3462 1021 3510 rationem
1036 3460 1133 3509 ordinis
1152 3462 1224 3523 (quin
1243 3470 1300 3525 post
1317 3474 1407 3508 nomeu
1428 3461 1534 3509 uerbum
1554 3470 1592 3509 est

294 3540 319 3578 ot
336 3540 394 3595 post
410 3530 513 3578 uerbum
532 3530 693 3594 participium
710 3530 771 3579 add.
790 3533 815 3588 e)
834 3544 896 3595 ergo
915 3532 1033 3593 qnoniam
1054 3530 1095 3579 Cn
1114 3530 1198 3594 posita
1216 3538 1274 3578 sunt
1295 3530 1406 3578 diximus
1425 3528 1451 3577 ld
1469 3532 1483 3579 d
1504 3542 1529 3577 et
1552 3546 1593 3577 ra-

294 3602 388 3648 tiouern
404 3600 501 3649 ordinis
521 3600 686 3661 posteriorem
704 3600 830 3648 omuibus.
870 3602 985 3649 Diximus
1007 3614 1067 3663 ergo
1087 3600 1206 3660 qnoniam
1225 3600 1265 3649 B:
1293 3599 1378 3663 posits
1397 3608 1456 3647 sunt
1475 3600 1594 3648 diximus

295 3684 357 3735 ergo
377 3670 497 3732 quoniam
515 3669 579 3715 bene
598 3670 663 3718 dixit
682 3669 791 3719 dunatus
811 3680 907 3733 partem
927 3670 995 3718 illum
1014 3672 1121 3733 priorem
1140 3670 1248 3718 scribere
1266 3669 1405 3717 infantibus
1420 3672 1594 3734 posteriorem

294 3738 421 3788 omnibns.
440 3748 478 3787 est
494 3738 597 3787 robusta
616 3749 642 3787 et
657 3739 737 3788 utilis.
755 3738 874 3788 iurbouttt
893 3738 1011 3788 alitteris
1026 3739 1103 3803 igitur
1121 3752 1180 3803 pers
1196 3740 1243 3787 ista
1262 3754 1327 3802 qnae
1345 3737 1447 3787 uberior
1465 3752 1506 3788 est
1525 3756 1594 3803 quae

293 3808 369 3858 habet
387 3819 519 3858 tractatum
538 3823 603 3869 qune
621 3810 696 3857 etium
715 3809 867 3874 exponenda
888 3818 926 3858 est
943 3807 1061 3858 ineltonte
1079 3816 1116 3857 est
1135 3810 1268 3859 alitteris.
1299 3810 1341 3857 illtt
1361 3822 1422 3856 uero
1440 3822 1501 3873 pars
1521 3812 1596 3874 prior

294 3879 355 3927 uiltil
377 3878 452 3927 babet
472 3878 627 3928 dillcultntis.
653 3880 704 3927 iste
719 3880 804 3942 itaque
821 3880 853 3927 de
871 3879 960 3928 litteris
977 3880 1009 3929 de
1027 3879 1124 3927 sillabis
1143 3878 1174 3927 de
1188 3879 1295 3941 pedibus
1309 3878 1341 3927 de
1353 3878 1501 3928 accentibus
1515 3878 1596 3929 habet

294 3949 420 3997 modicam
438 3948 612 3996 dilicultatom.
633 3949 690 4011 quis
710 3951 807 4011 primus
826 3948 919 3996 latinas
941 3948 1037 3998 litteras
1050 3949 1170 4013 repperit.
1191 3948 1295 3999 Constet
1315 3948 1338 3995 l.
1407 3948 1508 4000 bbeue
1530 3950 1595 3998 lecit

292 4020 369 4069 Bet
388 4020 451 4066 bene
468 4017 533 4066 dixit
547 4016 571 4065 A
625 4016 732 4083 partem]
748 4027 827 4067 artem
841 4018 929 4067 ABG.
949 4021 996 4069 red
1012 4020 1037 4067 iu
1054 4019 1079 4067 Α
1097 4020 1154 4067 olint
1171 4018 1222 4080 satit
1236 4018 1333 4067 Partem
1389 4018 1595 4081 iposterinrem

293 4090 410 4138 omuibus
427 4088 473 4137 loc
491 4089 602 4136 locoom.
616 4087 642 4138 B
694 4088 710 4137 8
728 4097 860 4137 tractatum
880 4097 979 4137 constat
991 4088 1075 4137 ABG
1128 4088 1159 4137 ta
1178 4088 1250 4137 initio
1269 4088 1322 4136 liuii
1337 4086 1426 4138 Boo*
1444 4088 1519 4137 initio
1536 4090 1596 4137 libri

294 4162 317 4206 A
326 4160 348 4207 L
402 4167 426 4207 et
444 4158 557 4206 enander
569 4158 657 4218 inquid
672 4158 712 4206 uir
724 4157 757 4210 l..
776 4159 875 4207 videtur
891 4156 1046 4208 scribentium
1060 4174 1115 4207 esre
1131 4167 1155 4206 et
1167 4160 1268 4206 omuino
1283 4158 1360 4207 verba
1373 4168 1432 4206 suut
1448 4160 1498 4209 ists
1513 4158 1597 4211 Liuii,

294 4228 412 4277 Euander
427 4229 466 4277 tir
484 4225 606 4275 mirnbilis
623 4229 783 4275 renotatione
798 4230 936 4277 litterarum
951 4230 987 4275 rei
999 4236 1063 4276 ete:
1084 4230 1139 4277 Lin.
1156 4228 1174 4283 l,
1188 4230 1212 4289 7,
1226 4227 1243 4278 8
1262 4228 1378 4276 Ettander
1390 4253 1424 4263 -
1436 4229 1597 4278 venerabilis

295 4301 333 4346 rir
349 4296 472 4347 miraculo
489 4297 637 4356 litterarum,
654 4298 690 4343 rei
710 4311 791 4346 norae
804 4298 870 4347 iuter
888 4298 964 4347 rudes
983 4300 1074 4346 artium
1094 4298 1211 4347 homines
1264 4298 1295 4348 lt
1314 4298 1368 4346 liuii
1389 4296 1449 4347 cet
1466 4301 1491 4347 t'rt
1512 4300 1598 4347 litter-rt

293 4369 323 4416 ιι·
344 4369 388 4417 lini
405 4368 458 4417 BL
525 4364 573 4430 rei]
593 4365 677 4415 resL
748 4368 901 4416 bominisA
935 4360 940 4374 ’
971 4366 1003 4419 15
1029 4368 1105 4433 lueip.
1127 4368 1157 4415 de
1178 4368 1269 4420 littera,
1295 4367 1392 4416 litterae
1411 4369 1598 4431 quaredirtne

293 4445 361 4489 suut.
387 4437 484 4488 litterae
504 4436 585 4485 dictae
604 4444 662 4485 suut
681 4437 717 4485 L.-
733 4438 863 4499 inscriptio
881 4440 913 4485 de
932 4436 1013 4485 littera
1031 4448 1090 4487 ante
1109 4445 1276 4488 correctorem
1293 4437 1344 4499 suit
1361 4440 1424 4487 t'rtA
1478 4438 1514 4489 16
1536 4454 1599 4489 natm

293 4522 399 4557 narretur
422 4522 469 4556 tter
494 4508 621 4569 ntiqneG
687 4507 846 4556 intendentes
871 4508 896 4555 A
967 4506 1087 4556 lectiones
1106 4508 1199 4557 Aba:
1224 4506 1357 4555 lectionem
1380 4520 1441 4572 ergo
1464 4509 1506 4556 trel
1535 4511 1598 4559 ideo

294 4578 377 4625 dictae
394 4588 452 4625 snut
471 4575 568 4625 litterae
584 4577 652 4640 quod
670 4576 793 4641 legendos
809 4578 932 4626 iterantur
949 4574 973 4623 L
1044 4578 1077 4627 tt)
1094 4577 1134 4625 nel
1153 4578 1219 4639 qnod
1239 4576 1382 4639 legentibus
1400 4578 1448 4625 lter
1466 4583 1599 4642 praebent

294 4647 333 4695 uel
355 4648 422 4708 quod
440 4646 548 4712 legendo
568 4646 689 4695 iterantur
706 4648 729 4693 L
749 4648 790 4696 uel
808 4651 876 4709 quod
896 4648 994 4696 leuatae
1013 4647 1134 4695 iterentur
1152 4648 1203 4697 130
1218 4654 1243 4696 et
1266 4650 1384 4696 inlitum
1401 4662 1418 4696 a
1487 4648 1524 4698 ‘21
1548 4650 1598 4701 sen

294 4762 364 4831 XVl]
387 4768 432 4815 sed
450 4765 533 4817 XXUl
552 4765 575 4814 L
647 4766 680 4818 23
697 4766 731 4815 etl
750 4766 839 4816 attium
856 4768 911 4817 no
928 4770 960 4817 atl
980 4718 1057 4817 alium
1078 4768 1102 4816 A
1118 4767 1149 4816 ad
1169 4768 1262 4817 aetium
1281 4769 1321 4818 h:
1338 4768 1371 4828 es.
1397 4769 1546 4820 Wt'lutartns
1564 4774 1600 4822 tle

297 4838 378 4891 Vrtur.
397 4837 440 4891 nt.
455 4853 559 4903 marram.
577 4851 605 4900 p.
628 4837 676 4887 117
693 4853 749 4905 sqq.
819 4839 851 4888 25
869 4846 928 4889 snut
947 4850 1029 4889 autem
1049 4835 1140 4889 nea*
1160 4850 1218 4887 suut
1236 4836 1284 4888 bau
1304 4837 1360 4889 AL
