3350 5442
398 357 598 419 EXCERPTA
620 356 792 419 PdeSlNd
817 357 1001 419 lllll—-XlV
1275 322 1356 417 '613

1164 477 1185 518 p.
1198 463 1256 503 eree.
1269 464 1294 503 ιι
1308 461 1331 503 r.

64 540 345 631 περισπωμένων,
359 542 431 623 βοῶ
444 542 589 625 βοῶμεν,
610 544 693 625 τιμῶ
715 544 873 625 τιμῶμεν,
896 543 982 605 medo
998 562 1023 603 ω
1039 546 1070 603 in
1085 562 1127 603 ου
1142 542 1356 622 diphthongum

65 656 224 717 mutantes,
248 655 280 707 ut
302 648 334 707 in
356 649 451 726 prima
475 653 505 706 et
526 644 615 707 tertia
638 641 915 726 περισπωμένων,
937 645 1006 707 νοῶ
1028 644 1192 726 νοοῦμεν,
1219 643 1357 724 φανερῶ

65 748 302 829 φανεροῦμενε
325 750 357 808 in
380 747 504 828 reliquis
526 755 634 818 autem,
657 748 688 807 id
711 756 756 809 est
779 747 932 827 berytenis
955 742 1093 809 omnibus
1114 746 1160 807 vel
1183 748 1273 807 etiam
1296 763 1357 807 πε-

65 847 291 931 ρισπωμένων
312 851 437 920 luturis,
466 869 492 911 ω
515 852 547 911 in
569 869 588 910 ο
609 850 838 921 transferentes,
851 845 948 929 «λέγω
970 844 1127 931 λέγομεν,
1155 844 1260 928 τρέχω
1281 846 1357 928 τρέ-

32 967 182 1070 οχομεν,
203 946 384 1030 θεραπεύω
406 946 658 1032 θεραπεύομεν,
681 947 816 1032 λαλήσω
844 946 1050 1032 λαλήσομεν,
1085 946 1173 1012 ἐάσω
1200 946 1355 1029 ἐάσομεν,

62 1046 256 1133 άργυρῶσω
283 1046 538 1133 άρχυρῶσομεν.
582 1052 712 1114 secunda
740 1054 864 1132 pluralis
894 1056 1019 1114 atertia
1042 1052 1186 1131 singulari
1208 1053 1355 1113 nascitur:

64 1158 183 1234 primae
206 1155 324 1235 quidem
347 1162 378 1215 et
399 1154 546 1215 secundae
569 1156 704 1235 syzygiae
727 1150 993 1234 περισπωμένων
1016 1156 1137 1215 instanti
1154 1172 1190 1215 τε
1205 1154 1354 1225 addentes

63 1263 160 1317 ποιεῖ
178 1263 314 1336 ποιεῖτε,
336 1255 401 1339 βοᾷ
422 1254 566 1335 βοᾶτε,
558 1274 589 1316 m
610 1260 700 1318 tertia
722 1274 791 1317 vero
814 1253 986 1318 ultimum
973 1256 1054 1317 ιῶτα
1081 1258 1112 1316 in
1135 1276 1157 1317 υ
1178 1262 1326 1317 mutantes
1350 1250 1355 1335 l

64 1368 97 1419 et
120 1359 198 1419 idem
221 1377 258 1419 τε
279 1358 435 1428 addentes,
465 1364 589 1438 χρυσοῖ
612 1358 796 1437 χρυσοῦτε;
825 1366 855 1419 at
883 1361 913 1420 in
937 1356 1074 1419 omnibns
1100 1357 1253 1438 berytenis
1274 1368 1303 1418 et
1325 1359 1356 1417 in

22 1478 51 1515 ιο
65 1456 335 1541 περισπωμένων
362 1461 474 1521 suturis
500 1462 597 1539 ipsum
625 1457 708 1522 ἰῶτα
729 1460 867 1521 ultimum
889 1460 1078 1522 detrabentes
1106 1468 1134 1522 et
1158 1460 1283 1521 eandem
1305 1459 1355 1521 ad·

64 1563 174 1624 dentes
195 1561 336 1642 syllabam
358 1580 405 1641 τε,
428 1556 548 1642 πέμπει
570 1558 725 1643 πέμπετε,
747 1556 857 1641 τρέχει
871 1558 1013 1643 τρέχετε,
1028 1550 1168 1624 άθλεύει
1183 1555 1356 1641 άθλεύετε,

64 1659 202 1745 ποιήσει
224 1659 390 1743 ποιήσετε,
413 1656 605 1743 άροτριάσει
627 1657 851 1745 άροτριάσετε,
876 1658 1011 1745 λδρῶσει
1034 1658 1204 1744 [δράσετε.
1239 1666 1357 1726 tertiam

64 1784 185 1846 qnoque
206 1784 361 1846 personam
382 1765 529 1845 pluralem
551 1766 713 1827 eorundem
726 1766 886 1827 verberum
909 1766 945 1827 de
968 1767 1064 1846 prima
1085 1767 1217 1828 eiusdem
1240 1768 1356 1827 numeri

64 1868 180 1929 iaciunt
201 1886 264 1947 μεν
286 1876 437 1929 mutantes
458 1870 490 1928 in
510 1881 558 1947 σι,
581 1876 612 1929 et
633 1871 703 1948 quia
730 1868 857 1949 pluralis
883 1870 971 1930 tertia
1000 1887 1118 1949 semper
1146 1871 1237 1947 erigit
1265 1888 1356 1948 paen·

24 1988 52 2026 15
68 1969 208 2030 ultimam
230 1970 357 2049 longam,
380 1969 448 2030 idee
470 1972 501 2030 in
523 1970 732 2049 praesentibus
754 1972 981 2051 perispomenis,
1005 1972 1035 2031 in
1053 1971 1162 2050 quibus
1176 1971 1231 2032 boe
1247 1973 1355 2041 evenit,

64 2071 163 2131 selam
190 2072 261 2133 tacit
281 2074 472 2134 mutationem
495 2070 642 2151 syllabae,
670 2080 703 2132 ut
725 2072 869 2143 diximuS,
903 2092 966 2153 μεν
987 2074 1019 2133 in
1042 2084 1088 2152 σι,
1111 2072 1278 2154 φιλοῦμεν
1299 2092 1357 2152 φι-

64 2172 181 2242 λοῦσι,
211 2173 359 2255 τιμῶμεν
385 2172 521 2255 τιμῶσι,
545 2173 779 2255 στεφανοῦμεν
800 2174 1017 2254 στεφανοῦσι.
1048 2181 1078 2236 at
1098 2176 1129 2235 in
1153 2174 1305 2255 berytenis
1328 2184 1358 2234 et
1447 2182 1448 2185 ’

66 2278 99 2335 in
123 2271 389 2357 περισπωμένων
410 2278 520 2338 suturis
542 2276 623 2337 addit
644 2277 842 2356 paenultimae
865 2295 898 2357 υ,
922 2283 954 2337 nt
975 2276 1092 2355 longam
1109 2296 1144 2338 ex
1161 2276 1243 2339 brevi
1259 2278 1356 2345 iaciat,

64 2375 188 2457 ἔχομεν
214 2375 344 2456 ἔχουσι,
374 2374 547 2460 πέμπομεν
574 2375 758 2460 πέμπουσι,
781 2373 971 2459 λαλήσομεν
998 2373 1197 2459 λαλήσουσι;
1225 2398 1243 2439 ο
1277 2382 1358 2440 enim

23 2499 51 2539 re
66 2480 185 2549 littera,
208 2497 275 2540 eum
298 2479 374 2560 apud
397 2480 464 2542 illes
485 2480 661 2541 naturaliter
682 2482 854 2559 corripitur,
883 2480 997 2541 adiecta
1020 2481 1248 2561 epronuenur,
1272 2482 1357 2541 utin

63 2581 240 2642 nominibus
262 2576 346 2661 κόρη
368 2577 479 2663 κόρος,
501 2577 610 2663 κούρη
631 2583 765 2663 κοῦρος,
781 2574 950 2661 Ὄλυμπος
973 2573 1167 2663 Ούλυμπος,
1195 2582 1357 2663 eademque

65 2692 199 2745 retracta
220 2687 390 2764 corripitur,
413 2679 571 2764 βούλεται
593 2680 740 2765 βόλεται,
763 2679 948 2769 τετράπους
969 2680 1139 2766 τέτραπος.
1177 2702 1263 2744 omne
1286 2702 1357 2762 ergo

65 2786 193 2847 verbum
215 2804 355 2865 graecum
382 2785 461 2865 quod
490 2788 522 2847 iu
545 2798 579 2847 σι
601 2789 774 2867 reppereris
802 2788 958 2847 terminari
986 2788 1092 2847 tertiae
1126 2804 1269 2866 personae
1291 2786 1357 2865 plu·

66 2888 142 2949 ralis
165 2907 230 2950 esse
251 2890 411 2968 pronuntia
434 2897 557 2968 excepto
580 2884 664 2959 ἐσσί,
687 2889 764 2970 quod
787 2888 892 2959 selum,
915 2907 981 2949 eum
1005 2891 1047 2949 sie
1070 2890 1189 2959 desinit,
1213 2888 1357 2949 secundae

26 2998 124 3060 esest,
148 2991 230 3051 euius
251 2992 348 3070 prima
372 2986 451 3070 ε’σμί
470 2997 500 3050 et
525 2990 649 3071 pluralis
676 2994 772 3071 prima
801 2986 913 3072 ἐσμέν.
958 2994 1056 3051 omnia
1083 3001 1180 3052 aunem
1207 2990 1297 3051 verba
1326 2992 1357 3050 in

64 3113 104 3173 μι
128 3099 242 3153 innunt
262 3111 299 3172 μι
321 3094 352 3152 in
375 3091 477 3173 σίγμα
498 3101 529 3153 et
551 3095 663 3155 iaciunt
676 3093 835 3155 secundam
852 3111 1018 3173 persenam,
1042 3088 1126 3174 φημὶ
1144 3088 1220 3173 φής,
1242 3090 1359 3172 τίθημι

66 3193 176 3275 τήθης,
209 3196 253 3255 sie
268 3194 413 3255 debuerat
433 3191 510 3276 ἑσμλ
530 3193 600 3256 έσσ.
624 3196 675 3256 sed
698 3198 767 3274 quia
789 3195 871 3257 nulla
894 3195 1007 3275 syllaba
1030 3198 1060 3255 in
1084 3197 1234 3274 geminum
1257 3192 1358 3275 σίγμα

67 3297 194 3367 desinit,
223 3295 356 3358 additum
384 3305 431 3358 est
452 3294 545 3376 ἰῶτα,
570 3292 660 3376 έσσί,
683 3305 713 3357 et
734 3306 856 3378 prepter
883 3298 1079 3359 differentiam
1107 3298 1275 3358 aseennda
1297 3300 1357 3357 sin-

64 3398 164 3476 gulari
191 3401 280 3460 tertia
307 3417 449 3478 persona,
478 3418 553 3479 quae
575 3400 716 3461 similiter
738 3395 816 3460 έσσί
834 3399 978 3460 debuerat
994 3400 1074 3469 fieri,
1104 3400 1263 3478 assumpsit
1283 3398 1357 3467 ταῶ,

26 3522 52 3559 so
68 3497 152 3561 ἐστι’.
181 3500 271 3561 verba
294 3503 374 3562 enim
398 3505 429 3561 in
450 3522 487 3582 μι
508 3503 666 3563 terminata
693 3504 813 3563 tertiam
842 3520 998 3582 persenam
1028 3504 1058 3562 in
1087 3514 1121 3561 σι
1147 3502 1281 3570 mittunt,
1305 3498 1358 3561 ‹u-

67 3598 154 3663 δωσι
175 3597 294 3683 ἵστησι.
330 3622 417 3664 omne
439 3598 667 3684 παρατατικάν
688 3604 864 3665 naturaliter
887 3607 918 3665 in
940 3623 981 3664 ον
1002 3606 1179 3673 terminatur
1201 3610 1232 3664 et
1253 3621 1358 3664 seeun-

67 3704 137 3765 dam
159 3722 317 3784 personam
340 3724 362 3765 ν
384 3708 415 3766 in
437 3704 539 3786 σίγμα
560 3705 701 3767 mutando
716 3714 746 3766 et
766 3708 831 3767 oin
848 3725 864 3767 ε
879 3706 1086 3771 transferendo
1101 3707 1219 3787 figurat,
1242 3702 1378 3783 ἔλεγον-

68 3804 198 3885 ἔλεγες,
231 3805 352 3888 ἔφερον
386 3806 516 3887 ἔφερεςε
545 3810 634 3868 tertia
661 3808 698 3868 de
726 3808 856 3869 secunda
885 3808 1004 3871 ultimae
1032 3808 1149 3869 litterae
1172 3808 1357 3869 detractione

68 3908 215 3988 procedit.
258 3910 310 3969 sed
340 3909 418 3990 qued
447 3912 655 3990 perispomena
683 3913 715 3971 iu
736 3929 800 3970 ουν
821 3910 868 3971 vel
898 3913 928 3971 in
951 3929 1000 3971 ων
1022 3910 1175 3981 desinunt,
1212 3904 1365 3986 duellione

28 4030 54 4071 aa
70 4005 241 4090 ἐχρύσουν
269 4006 423 4093 ἐτίμων,
444 4013 567 4073 duarum
595 4012 775 4093 syllabarum
802 4014 834 4073 in
857 4031 945 4074 unam
968 4015 1132 4074 contractio
1165 4014 1246 4075 lecit.
1290 4030 1357 4073 nam

68 4116 219 4191 integrum
242 4121 306 4174 erat
322 4110 462 4175 έκάλεον
477 4110 644 4195 ε’χρύσοον
664 4112 811 4196 έτίμαον,
834 4134 870 4175 ex
893 4134 951 4195 que
973 4133 1040 4175 eum
1063 4115 1169 4178 breves
1191 4117 1265 4177 duae
1288 4134 1357 4176 een·

70 4215 241 4285 trabuntur,
256 4217 301 4276 ‘in
324 4236 414 4279 unam
436 4217 553 4296 leugam
575 4219 753 4281 coaleseunt.
796 4218 864 4279 iden
887 4236 902 4277 ε
925 4226 955 4277 et
976 4236 994 4279 ο
1016 4225 1047 4279 et
1067 4238 1085 4279 ο
1107 4225 1137 4278 et
1158 4237 1176 4279 ο
1194 4220 1230 4279 in
1252 4237 1294 4278 ου
1315 4219 1357 4279 la-

137 4439 306 4498 amanum,
321 4438 601 4505 proquoseridendum
612 4446 802 4498 murmuratur,
819 4454 855 4488 ια
871 4440 1359 4503 αεμλεμιαλίοεαοαμλοτλοονλαιαεεοε

69 4508 183 4564 uidetur:
199 4507 258 4556 atem
270 4507 342 4570 msra
353 4507 549 4570 transferentes
561 4508 695 4569 addentes,
707 4517 833 4557 mutantes
847 4515 893 4557 ete.
957 4507 1099 4558 bleisum
1112 4505 1305 4572 λαλεσομενΡ

71 4580 87 4625 9
103 4583 130 4623 et
145 4577 171 4624 in
182 4591 206 4655 χε
222 4584 267 4623 aut
283 4576 309 4624 in
322 4575 347 4624 P
414 4578 444 4624 11
461 4543 614 4639 άθλεύετελ
631 4576 790 4627 adlevatur
802 4576 827 4624 Ρ
894 4576 925 4623 12
941 4566 1088 4641 ποιήσετε]
1105 4586 1256 4641 ποιήσεται
1268 4575 1293 4623 Ρ

70 4634 246 4710 άροτριασει]
260 4656 439 4707 ατρορειααει
451 4644 476 4693 Ρ
544 4645 575 4694 19
592 4635 752 4709 λαλήσομεν
767 4635 921 4708 λαλήσουοι
934 4641 1013 4693 lemn
1030 4644 1189 4709 αλλησομεν
1206 4642 1359 4709 αλληοονσι

72 4714 96 4761 Ρ
162 4714 196 4761 23
231 4711 358 4761 luraliset
375 4712 494 4762 hocloco
513 4712 676 4774 estunam
695 4720 719 4761 et
741 4714 774 4763 30
796 4714 886 4762 delevit
903 4710 984 4761 Ιοιιιω
1052 4714 1085 4762 λθ
1108 4707 1230 4779 persona]
1254 4712 1358 4777 pluralis

72 4782 95 4830 Ρ
161 4782 195 4831 30
212 4726 274 4831 {ert
287 4780 368 4829 Ianus
384 4780 496 4832 εσσιτΡ
561 4777 710 4846 personam]
730 4779 871 4847 pluralis?
937 4772 1359 4871 36έχρύσουν1αοοιεχροσεον

71 4850 95 4899 Ρ
161 4847 857 4913 BleeteatqneoeteinoelnnuseeteinevP
