3350 5442
322 329 364 396 26
881 331 1057 395 ctuuotttt

348 439 515 497 pmcn

324 524 473 584 contrario
496 520 613 601 quando
636 519 782 584 itineralis
798 523 897 618 iuerit¹
912 523 1079 584 accusativo
1095 521 1202 590 servit,
1226 517 1344 600 quando
1361 517 1463 579 localis
1478 517 1615 588 ablativo,

291 693 300 712 ι
324 632 358 686 ut
377 624 440 686 ‘est
462 623 554 685 codex
577 642 668 704 super
690 626 878 696 armarium’,
908 643 969 685 non
996 627 1102 702 ‘super
1124 621 1277 693 armario',
1307 623 1391 701 quia,
1415 629 1448 682 ut
1469 620 1545 689 dixi,
1570 622 1615 680 iti·

230 793 232 798 ,
324 725 434 790 noratis
457 728 619 788 accusativo
641 727 788 804 mugitum
813 729 838 788 si
855 745 924 788 vero
939 726 977 787 de
995 726 1142 805 significat
1155 723 1281 787 ablativo
1297 725 1402 794 servit,
1426 725 1493 802 quia
1516 720 1617 783 localis

324 837 382 899 est,
412 838 444 890 ut
472 829 601 889 ‘multa
628 847 741 909 super
771 828 918 890 Priamo
951 831 1151 910 rogitans',
1186 827 1242 889 hoc
1271 834 1317 888 est
1344 824 1381 886 de
1412 824 1541 886 Priamo.
1579 859 1613 868 -

324 931 434 1012 Suptus
457 949 614 1011 numquam
638 930 772 1002 dicimus,
796 933 853 992 nisi
875 939 925 992 aut
947 931 1003 992 sub
1026 939 1075 993 aut
1097 950 1196 1011 super.
1216 965 1251 974 -
1276 929 1448 990 decusatim
1471 929 1638 996 serviente

324 1034 443 1112 quando
471 1033 622 1096 itinerales
650 1041 731 1104 sunt,
762 1032 889 1095 ablativo
919 1033 1037 1112 quando
1064 1031 1187 1102 locales,
1210 1032 1288 1094 sicut
1308 1029 1365 1092 sub
1388 1038 1418 1092 et
1439 1037 1552 1108 supter.
1577 1063 1615 1073 —

223 1137 417 1206 renisum
444 1154 534 1215 quae
562 1135 860 1198 adiectionibus:
888 1137 962 1197 istae
989 1135 1228 1217 praepositiones
1255 1132 1434 1212 loquellares
1461 1129 1616 1192 dicuntur:

324 1239 391 1300 ideo
419 1237 456 1299 ab
485 1237 699 1301 adiectionibus
726 1238 919 1319 sequentibus
942 1256 1001 1299 non
1024 1244 1216 1318 separamur,
1246 1239 1314 1316 quia
1337 1234 1516 1314 loquellares
1538 1238 1616 1302 sunt,

324 1359 383 1402 noo
406 1339 553 1403 casuales:
580 1337 583 1420 l
607 1339 744 1419 loquellis
771 1348 884 1401 tantum
914 1342 1059 1410 serviunt,
1089 1339 1205 1402 casibus
1230 1335 1242 1420 ll
1266 1340 1377 1399 servire
1400 1355 1459 1397 non
1482 1342 1615 1416 possunt,

325 1461 380 1504 nec
408 1451 561 1524 separatae
589 1443 733 1524 prolerri,
762 1444 819 1504 nisi
847 1444 964 1504 iunctae
992 1442 1091 1504 verbis
1119 1441 1288 1504 nominibus
1309 1440 1473 1521 participiis
1496 1439 1541 1500 rel
1564 1437 1615 1498 ad·
1629 1451 1648 1488 ιι

327 1544 441 1608 verbiis.

782 1716 831 1778 llll
853 1714 1144 1778 lN'l'ERlEC'llONE

282 1850 313 1900 13
409 1836 631 1897 lnterieotio
658 1836 743 1913 quid
774 1837 848 1896 cst?
874 1855 963 1916 pars
991 1837 1193 1898 orationis:
1223 1836 1390 1896 interiectio
1418 1833 1508 1904 diota,
1538 1831 1618 1911 quod

325 1940 525 2018 interponitur
553 1937 588 1998 ad
618 1937 826 2018 exprimendos
848 1945 962 1999 tantum
985 1939 1076 1998 animi
1098 1941 1228 2001 allectus.
1273 1955 1341 1998 uam
1365 1954 1432 1997 cum
1456 1935 1522 1995 dico
1544 1937 1619 1996 ‘beu

326 2042 439 2102 amicus
463 2059 547 2102 mens
573 2047 707 2101 mortuus
735 2043 804 2110 ost',
834 2042 968 2119 significo
996 2059 1033 2101 ex
1062 2042 1168 2102 affectu
1196 2043 1304 2102 mentis
1332 2057 1450 2100 causam
1482 2037 1652 2099 dolendi:¹5

327 2160 399 2221 ergo
422 2141 564 2223 quidquid
586 2143 722 2204 allectum
746 2144 899 2222 exprimit,
923 2144 1089 2206 interiectio
1119 2150 1172 2205 est.
1217 2141 1289 2204 nam'
1308 2149 1377 2204 sunt
1398 2141 1620 2201 interiectionis

326 2244 436 2306 similes
459 2244 740 2326 praepositionibus,
765 2262 841 2324 quae
863 2244 933 2305 binc
954 2244 1177 2324 intelleguntur,
1200 2244 1279 2326 quod
1301 2245 1536 2324 praepositiones
1559 2261 1619 2303 uon

284 2359 315 2409 14
327 2347 399 2417 sint,
428 2365 483 2426 per
510 2346 647 2408 allectum
676 2353 726 2407 aut
754 2346 909 2424 gaudentis
938 2353 988 2408 aut
1012 2347 1138 2409 dolentis
1166 2356 1217 2410 aut
1238 2347 1411 2409 admirantis
1434 2379 1470 2390 -
1496 2346 1619 2406 inter-

326 2452 485 2511 iectioni
503 2466 593 2527 quae
611 2448 815 2510 acciduntt:
841 2450 909 2527 quia
924 2459 993 2510 sunt
1007 2450 1156 2512 interdum
1171 2451 1312 2512 coniusae
1327 2449 1560 2510 interiectiones
1580 2482 1617 2491 —

287 2555 399 2614 tonui
420 2551 605 2623 dolorem,
627 2559 667 2614 ut
688 2551 772 2623 beu,
797 2560 858 2612 aut
879 2552 1181 2623 admirationem,
1204 2561 1243 2613 ut
1263 2571 1393 2634 papae:
1416 2551 1476 2613 heu
1499 2551 1654 2628 quandoo

325 2656 494 2716 interiectio
523 2662 568 2716 est
596 2653 736 2724 dolentis,
766 2653 884 2736 quando
912 2654 1084 2717 adverbium
1106 2654 1322 2736 respondendi,
1348 2655 1353 2726 Ι
1377 2653 1447 2714 bine
1469 2653 1618 2732 intellegi·

283 2769 314 2818 16
327 2775 407 2818 mus:
430 2756 575 2836 producta
596 2758 764 2818 interiectio
787 2765 848 2836 est,
866 2765 1003 2839 correpta
1019 2757 1191 2819 adverbium
1208 2757 1418 2838 respondendi.
1447 2791 1479 2800 —
1505 2757 1548 2817 Et
1569 2757 1619 2815 si·

328 2877 397 2938 qua
421 2867 509 2920 sunt
528 2860 682 2920 similia:
713 2877 788 2936 quae
811 2877 846 2919 ex
870 2860 977 2921 affectu
998 2863 1106 2922 metatis
1128 2858 1293 2939 colligenda
1315 2866 1397 2928 sunt,
1420 2857 1449 2919 id
1473 2859 1620 2939 estquod

327 2979 434 3022 sonum
456 2979 542 3022 suum
564 2960 714 3023 vocalibus
735 2963 892 3033 misceant,
917 2969 949 3022 ut
970 2962 1008 3023 hc
1031 2962 1088 3024 ohe
1110 2981 1172 3023 vae.

854 3131 902 3192 DE
924 3131 1087 3194 irruunt
1633 3139 1657 3180 ²⁵

226 3261 315 3324 aem
412 3249 522 3310 Littera
551 3248 620 3328 quid
650 3251 711 3312 esti
738 3268 808 3329 pars
833 3253 954 3312 minima
983 3254 1063 3313 vocis
1090 3253 1269 3315 articulatae.
1306 3252 1403 3314 littera
1431 3252 1508 3313 dicta
1537 3253 1620 3332 quasi

328 3352 467 3431 legitera,
491 3371 527 3412 co
549 3351 628 3432 quod
651 3351 819 3430 legentibus
837 3355 894 3414 iter
909 3354 1060 3432 praebeat.
1091 3354 1188 3417 littera
1204 3358 1235 3417 in
1251 3356 1323 3417 duas
1338 3357 1454 3436 species
1468 3353 1620 3420 dividitor,

329 3457 432 3517 autin
455 3454 570 3514 vocales
592 3463 643 3515 aut
664 3457 694 3516 in
718 3465 923 3516 consonantes.
957 3457 1072 3518 uocales
1093 3464 1162 3518 sunt
1184 3460 1256 3520 istae
1280 3460 1423 3537 quinque,
1447 3477 1463 3518 a
1487 3457 1527 3518 ei
1550 3478 1568 3516 o
1591 3477 1620 3526 ιι,

329 3559 392 3619 sine
416 3556 521 3634 quibus
542 3555 624 3634 loqui
646 3555 706 3617 non
729 3575 903 3636 possumus;
933 3557 1065 3637 reliquae
1087 3559 1191 3622 decern
1214 3568 1243 3621 et
1265 3566 1332 3621 octo
1356 3570 1553 3622 consonantes
1575 3559 1621 3619 di·

322 3668 449 3730 ,cuntur,
479 3678 514 3719 eo
542 3659 622 3736 quod
650 3678 715 3720 cunr
746 3659 895 3722 vocalibus
922 3670 1094 3722 consonant.
1127 3697 1162 3706 -
1191 3661 1436 3724 Articulatae:
1469 3664 1537 3742 quia
1561 3663 1658 3723 duo³⁰

327 3778 438 3840 genera
460 3767 528 3821 sunt
550 3779 668 3830 vocum,
699 3761 820 3822 contusa
842 3780 1000 3842 pecorum,
1032 3781 1107 3842 quae
1130 3764 1220 3824 scribi
1242 3783 1301 3825 non
1324 3771 1435 3843 potest,
1464 3764 1622 3826 articulata

329 3862 497 3930 bominum,
523 3879 597 3940 quae
620 3864 678 3942 legi
701 3871 730 3924 et
752 3864 842 3924 scribi
867 3872 971 3943 potest.
1011 3864 1126 3927 litterae
1148 3869 1243 3946 ipsae,
1266 3868 1291 3927 si
1313 3865 1349 3927 ad
1372 3865 1518 3928 elementa
1541 3868 1621 3928 reie-

328 3983 445 4036 ramus,
469 3965 567 4025 neutri
589 3968 707 4043 generis
729 3975 814 4037 sunt,
838 3969 915 4027 sicut
935 3967 1051 4029 Tullios
1073 3967 1162 4037 dixit,
1187 3974 1219 4028 nt
1239 3968 1296 4029 boc
1318 3989 1357 4039 m,
1381 3967 1439 4029 hoc
1461 3970 1485 4038 l;
1512 3971 1538 4030 si
1560 3965 1620 4052 adl

327 4069 407 4147 ipsas
429 4067 558 4137 litteras,
581 4068 725 4130 feminini.
756 4069 904 4131 Romanas
925 4068 1040 4132 litteras
1061 4072 1159 4151 primo
1174 4073 1338 4133 Carmentis
1360 4071 1502 4152 nympha,
1525 4081 1623 4135 mater·

398 4289 461 4340 Coa.
482 4289 562 4340 Bm.
583 4291 617 4341 lV
636 4289 735 4344 ‹tt—o.
807 4291 823 4344 3
845 4289 944 4358 localis]
967 4292 1063 4342 bocalis
1081 4308 1149 4347 corr.
1164 4297 1198 4347 et.
1219 4311 1282 4345 omn.
1303 4295 1400 4345 uocalis
1480 4295 1621 4358 liquando

329 4359 431 4411 uocales
503 4359 535 4411 tt
554 4360 602 4411 heu
622 4377 668 4413 om.
732 4360 765 4412 20
785 4377 852 4427 pape
906 4365 987 4412 «lint
1006 4362 1086 4413 haee
1106 4379 1137 4413 ue
1202 4367 1237 4416 et
1257 4365 1380 4430 legiterad
1398 4366 1479 4428 (corr.
1496 4365 1532 4414 ul.
1552 4382 1619 4416 maa.

328 4430 437 4496 legitera
455 4430 499 4492 ad)
518 4432 586 4494 quod
657 4431 692 4483 30
709 4432 830 4482 articulos
849 4431 944 4494 quidue
1016 4431 1048 4483 31
1068 4443 1197 4498 pectorum
1267 4434 1300 4483 34
1320 4434 1399 4484 nimia

399 4621 413 4671 1
431 4621 532 4685 quando
550 4619 674 4672 itinerxlis
687 4619 770 4682 luerit,
789 4620 901 4671 ablatiuo
913 4621 1003 4684 seruit,
1022 4622 1122 4685 quando
1143 4622 1228 4674 localis
1246 4625 1391 4674 aecusatiuo
1409 4632 1434 4674 et
1450 4625 1541 4675 deiude
1560 4627 1624 4688 quia

330 4698 356 4739 ut
374 4689 427 4740 dixi
448 4691 535 4741 localis
554 4693 699 4743 acccusativo
716 4691 850 4742 Putrcdiur
920 4692 936 4740 4
956 4690 1045 4755 multa]
1065 4694 1144 4758 Verp.
1157 4693 1224 4745 Aen.
1241 4695 1250 4742 l
1269 4695 1320 4744 ibi]
1390 4695 1620 4762 iadieetionibus]

329 4760 483 4810 dictionibus
499 4763 614 4812 Donatus
683 4762 716 4811 27
733 4760 841 4826 legitera
858 4762 915 4811 ideo
935 4763 1004 4825 quod
1022 4763 1155 4813 Puteoldm
1223 4763 1258 4816 33
1278 4761 1387 4830 Tullios]
1407 4766 1536 4816 Ciceronis
1550 4771 1624 4817 teati-

328 4833 407 4881 monio
423 4833 548 4881 incudem
564 4848 594 4883 re
612 4847 671 4884 ιιιιιε
689 4834 873 4895 corrompetur
888 4849 916 4897 p.
930 4832 965 4884 34
981 4833 1023 4887 ed.
1042 4833 1120 4888 aad.
