3350 5442
681 161 699 187 l

597 341 832 414 COMMENTVM
946 343 952 353 ’
1298 347 1361 414 281

1036 503 1040 511 ,
1177 471 1198 513 p.
1211 461 1301 500 tlt—1³
1313 459 1337 500 1.

77 541 187 602 ideirco
208 534 322 622 'septem
346 557 410 601 esse
433 539 604 610 voluerunt,
637 546 760 620 proptor
788 539 845 600 lroc
869 538 992 600 verbum
1014 539 1149 618 omittit),
1173 541 1251 600 scire
1273 539 1362 600 debe·

78 662 140 704 nms
167 645 237 704 istas
264 643 497 723 praepositiones
524 641 702 721 loquellares
729 661 789 703 non
816 659 934 703 serrare
957 660 1039 703 suam
1063 649 1212 712 naturam,
1236 642 1287 702 sed
1311 641 1361 702 ali-

77 745 194 826 quando
217 743 351 825 produci,
377 743 532 823 aliquando
556 745 675 824 corripi.

820 711 847 752 l

535 913 582 976 llE
604 912 896 976 interlectione

55 1049 65 1087 ι
158 1034 327 1096 interiectio
345 1011 397 1096 'est
418 1052 486 1114 pars
508 1035 649 1094 orationis
672 1050 746 1111 quae
769 1033 915 1112 signifieat
936 1034 1043 1094 mentis
1065 1035 1202 1094 allectum
1225 1053 1296 1096 voce
1317 1037 1362 1095 in-

77 1135 200 1197 condita.
245 1139 269 1198 si
297 1135 368 1197 velis
395 1136 494 1198 dicere
517 1155 549 1205 o,
580 1155 634 1196 vox
663 1144 707 1196 εει
733 1135 878 1213 quaedam
902 1136 1038 1205 contusa,
1068 1143 1165 1196 tamen
1194 1138 1363 1214 significans

76 1237 221 1307 dolorem;
254 1257 287 1299 va
309 1257 364 1298 vox
388 1246 431 1298 est
453 1237 596 1316 quaedam
620 1238 757 1307 conlusa,
783 1245 880 1298 tamen
903 1238 1073 1315 significans
1095 1237 1246 1300 laetitiam.
1292 1258 1362 1317 ergo

75 1340 284 1418 sunt-aliquae
313 1358 399 1401 voces
426 1339 592 1400 inconditae
620 1357 710 1419 quae,
740 1341 766 1400 si
794 1338 905 1418 aliquid
932 1340 1112 1416 significent,
1142 1341 1363 1402 interiectiones

76 1443 194 1502 iaciunt.
241 1459 312 1520 ergo
335 1441 412 1502 bene
433 1441 554 1510 definiit,
577 1442 762 1522 ‘interiectio
791 1448 926 1519 estpars
954 1441 1096 1501 orationis
1122 1460 1197 1522 quae
1226 1453 1300 1503 voce·
1317 1445 1363 1503 in·

45 1544 191 1604 1⁰condita
223 1545 369 1622 signifieat
396 1545 502 1604 mentis
530 1543 694 1603 allectum’.
738 1541 824 1622 plane
853 1541 924 1603 illud
952 1544 1029 1603 scire
1058 1542 1167 1612 debeo,
1197 1543 1277 1623 quod
1301 1544 1363 1623 ple·

76 1665 200 1726 rumque
229 1665 287 1707 non
315 1644 407 1707 solum
437 1647 551 1722 integra
575 1663 643 1724 pars
666 1645 823 1712 orationis,
851 1643 902 1705 sed
926 1642 1053 1706 elocutio
1075 1647 1171 1706 omnis
1193 1664 1248 1725 pro
1270 1649 1361 1707 inter·

75 1751 200 1810 lectione
223 1755 276 1808 est.
320 1749 344 1808 si
366 1747 447 1808 dicas
469 1751 541 1826 ‘pro
565 1745 620 1806 hoc
647 1748 843 1825 contigisse',
872 1745 971 1806 ‘netas
993 1746 1050 1806 hoc
1073 1749 1264 1830 contigisse’,
1293 1766 1364 1808 ecce

77 1869 127 1927 pro
151 1857 180 1910 et
202 1849 284 1910 nelas
307 1850 527 1910 interiectiones
548 1856 626 1910 sunt.
650 1850 739 1926 iunge
763 1857 929 1928 utrumque,
966 1858 994 1908 et
1015 1867 1103 1909 unam
1126 1850 1364 1910 interiectionem

77 1954 156 2021 lacit,
186 1953 260 2030 ‘pro
289 1950 370 2012 nelas
397 1950 453 2010 hoe
481 1953 670 2029 contigisse’:
703 1952 762 2010 iam
791 1957 820 2010 et
844 1969 898 2029 pro
927 1958 956 2010 ει
983 1951 1067 2012 nelas
1094 1950 1152 2012 tale
1180 1959 1239 2020 est,
1276 1970 1310 2011 ac
1338 1953 1364 2012 si

46 2053 154 2114 uticus
175 2056 211 2113 ‘o
234 2052 290 2112 hoc
312 2054 497 2131 contigisse'.
527 2055 616 2130 iunge
639 2054 710 2113 item
734 2051 831 2129 aliqua
854 2051 949 2131 plura,
976 2052 979 2132 l
1004 2056 1070 2132 ‘pro
1093 2053 1228 2133 luppiter
1249 2056 1363 2134 optime

78 2157 156 2216 nelas
178 2154 235 2215 boc
251 2155 430 2230 contigisse',
448 2155 544 2215 omnis
560 2155 614 2214 ista
631 2151 758 2214 elocutio
773 2171 828 2232 pro
844 2171 902 2213 una
917 2156 1125 2216 interiectione
1141 2165 1193 2216 est.
1228 2175 1295 2217 nam
1318 2159 1362 2217 in-

78 2259 209 2318 teriectio
239 2263 283 2316 est
308 2275 357 2316 res
385 2273 460 2335 quae
493 2257 631 2336 exprimit
663 2257 754 2316 animi
788 2262 911 2316 motum.
961 2255 1105 2336 quidquid
1139 2264 1238 2336 potest
1271 2260 1363 2319 animi

78 2368 186 2419 motum
217 2359 396 2438 exprimere,
427 2359 486 2418 sire
514 2360 544 2418 in
572 2377 629 2418 una
657 2375 690 2418 re
718 2357 807 2418 luerit
835 2358 896 2418 sire
924 2360 954 2418 in
982 2357 1095 2427 multis,
1125 2360 1293 2422 interiectio
1319 2359 1363 2420 di·

78 2461 167 2521 cenda
191 2468 245 2520 cst.

45 2575 66 2614 ιι
159 2563 196 2623 Ει
223 2562 280 2623 hoc
308 2563 401 2624 babes
428 2564 458 2623 in
486 2563 609 2623 llonato.
627 2546 634 2561 ’
654 2563 829 2641 perstrinxit
857 2561 1007 2623 modicum
1034 2560 1159 2639 aliquid,
1188 2562 1240 2624 sed
1257 2551 1364 2624 'noluit

77 2663 183 2726 addere
198 2665 294 2730 ‚etiam
317 2683 427 2726 causas.
459 2664 599 2745 periodos
621 2663 728 2724 dicitur
750 2664 948 2731 continuatim
976 2663 1064 2724 buius
1086 2671 1186 2743 partes
1209 2673 1277 2726 sunt
1299 2663 1362 2725 cola

79 2777 107 2826 et
128 2776 282 2828 commeta.
329 2775 357 2828 et
379 2785 437 2828 non
461 2767 534 2826 dixit
555 2785 643 2846 quern
666 2765 702 2826 ad
725 2765 846 2826 modum
873 2765 958 2833 fiant,
988 2775 1039 2826 aut
1065 2784 1158 2844 quare
1185 2773 1364 2843 quaerantur

79 2868 203 2947 periodi,
227 2875 278 2930 aut
298 2871 349 2949 qui
371 2871 430 2930 sint
452 2867 580 2948 periodi,
607 2867 649 2928 vel
673 2885 750 2944 quae
772 2867 902 2947 periodi:
932 2885 999 2927 nam
1023 2867 1165 2928 leminino
1187 2884 1297 2945 genere
1320 2867 1365 2928 di«

79 2972 171 3031 cimus
199 2969 256 3030 hoc
283 2988 393 3032 nomen
428 2969 488 3051 [rol
522 2989 596 3049 quae
630 2970 689 3030 sint
722 2968 766 3030 vel
801 2963 915 3052 quarel.
966 2971 1206 3030 commemorarit
1237 2969 1302 3033 cola
1335 2976 1365 3029 et

44 3079 236 3140 scommatm
265 3071 360 3133 noluit
383 3072 458 3133 banc
480 3091 544 3132 rem
567 3070 734 3132 ostendere.
781 3071 838 3131 boc
860 3079 958 3132 tamen
979 3072 1057 3132 scire
1079 3070 1184 3141 debes,
1213 3072 1371 3151 pertinere¹

79 3173 117 3233 ad
137 3181 278 3243 oratores,
303 3191 360 3236 non
386 3175 421 3235 ad
444 3174 661 3252 grammaticos.
708 3192 742 3234 re
764 3192 832 3234 vera
856 3192 904 3233 ars
925 3175 978 3232 ista
1002 3175 1113 3253 scripta
1136 3181 1193 3242 est,
1218 3180 1251 3233 ut
1273 3180 1364 3234 mate-

80 3277 152 3336 riam
173 3276 269 3356 potius
292 3275 408 3336 dederit
431 3274 584 3344 tractandi,
608 3293 696 3355 quam
724 3277 788 3355 ipse
819 3276 996 3336 tractaverit.
1040 3273 1136 3338 noluit
1165 3274 1303 3344 dilatare,
1333 3283 1365 3336 ut

79 3378 197 3438 doceret
223 3386 337 3456 aperte.
380 3394 452 3455 ergo
480 3377 535 3437 lroo
562 3385 593 3437 tu
622 3379 700 3437 scire
728 3377 833 3451 debes,
867 3379 923 3468 ista
951 3395 1001 3438 res
1029 3379 1147 3438 inventa
1176 3385 1221 3437 est
1242 3384 1364 3456 propter

81 3480 325 3559 conpositionem
366 3487 397 3540 ut
423 3483 551 3541 sciamus
578 3478 748 3558 quomodo
778 3478 940 3540 debeamus
974 3479 1157 3538 elocutiones
1183 3495 1363 3556 conponere,

48 3580 119 3640 oon
142 3581 215 3642 bauo
238 3599 357 3642 causam
381 3583 497 3642 inventa
527 3588 572 3641 est
598 3583 652 3641 ista
682 3599 744 3648 res;
783 3579 899 3661 periodi
928 3589 958 3640 et
985 3588 1129 3642 commata
1158 3586 1187 3639 et
1209 3578 1271 3640 cola
1296 3597 1363 3658 pro·

82 3691 143 3761 pter
169 3685 264 3762 ipsam
293 3701 409 3744 oausam
436 3685 552 3743 inventa
581 3689 659 3744 sunt.
702 3685 868 3762 quaesitum
892 3689 937 3741 εει
966 3681 1042 3760 apud
1071 3681 1229 3761 plurimos,
1259 3680 1365 3761 quibus

85 3784 150 3845 locis
172 3783 334 3845 debeamus
356 3803 534 3863 conponere,
559 3790 658 3845 utrum
680 3785 712 3844 in
733 3783 865 3863 periodo.
911 3784 1091 3863 peritiores!
1111 3783 1213 3846 dicunt
1238 3785 1269 3844 in
1291 3782 1365 3844 colis

86 3895 111 3944 et
131 3888 158 3946 in
173 3884 377 3947 commatibus.
408 3887 527 3947 interim
551 3885 620 3965 quid
643 3887 681 3946 sit
703 3885 789 3947 colon
812 3884 857 3946 vel
880 3903 1004 3955 comma,
1027 3884 1106 3946 audi.
1138 3883 1224 3946 colon
1243 3884 1364 3954 dicitur,

85 3989 339 4067 quotienscumque
361 3989 467 4065 integri
491 3988 582 4068 pedes
603 3987 803 4048 determinant
829 4005 965 4056 sensum;
998 4006 1112 4048 comma
1140 3986 1262 4061 dicitur,
1292 4003 1364 4064 quo·

146 4214 162 4262 4
178 4213 245 4262 tueri
262 4227 295 4259 ox
314 4223 508 4262 rnrearrcrroxs
525 4209 568 4272 (ar
589 4223 704 4260 nantonis
723 4209 783 4263 adel.
797 4209 828 4259 a*
844 4208 958 4271 sequitur
974 4209 1115 4259 interiectio
1135 4208 1182 4258 lroc
1196 4208 1272 4258 breue
1286 4216 1323 4257 est
1337 4215 1366 4257 ‘et

90 4279 142 4328 nibil
160 4281 189 4330 de
207 4282 380 4330 interiectione
400 4280 461 4332 add.
481 4281 511 4342 a)
535 4281 676 4330 interiectio
700 4295 758 4344 pars
780 4289 818 4328 est
836 4279 861 4327 Α
881 4294 931 4330 nce.
954 4295 987 4328 aa
1008 4292 1204 4329 rrrsnrecrrona
1222 4282 1295 4335 sem.
1313 4278 1363 4330 rui.

90 4353 145 4400 ucr'.
165 4366 211 4401 noc
224 4366 316 4401 ansus.
339 4350 360 4404 ἑ,
376 4365 421 4398 seo
439 4365 507 4401 ararit
525 4365 556 4399 aa
575 4365 768 4401 rureareerroue
785 4349 925 4398 interiectio
939 4357 978 4398 eet
995 4348 1092 4412 parsG
1142 4349 1271 4410 Baliquae
1288 4363 1365 4395 noces

90 4421 220 4470 inconditae
238 4435 304 4484 quae
323 4419 382 4468 illae
399 4435 474 4469 uoces
493 4421 636 4470 inconditae
656 4422 678 4469 si
697 4419 794 4482 aliquid
815 4417 888 4468 noa
906 4418 1005 4482 aliquae
1025 4433 1102 4467 uoces
1120 4417 1264 4467 inconditae
1282 4418 1304 4466 si
1320 4417 1365 4465 ali-

90 4490 177 4549 quidA
229 4490 484 4552 iiquaeinuoceC
532 4491 563 4540 ll
582 4491 641 4538 lacit
656 4490 710 4539 ΑΒ
729 4489 792 4538 lacis
810 4487 852 4538 Cb
903 4489 934 4539 16
950 4489 998 4538 hoo
1011 4487 1183 4537 nelnsABG
1233 4490 1264 4540 21
1282 4488 1366 4537 rubri-

90 4575 135 4606 ram
151 4561 235 4627 incipit
256 4560 289 4607 de
307 4560 420 4625 periodis
442 4563 466 4609 r'u
483 4575 563 4623 ruarp.
583 4561 736 4622 adscriptam
755 4558 831 4608 nanee
849 4558 881 4611 A.
909 4563 1036 4624 pertinent
1054 4567 1136 4608 auteur
1153 4557 1230 4616 baec,
1255 4575 1319 4622 qaue
1340 4560 1366 4607 tu

90 4627 151 4678 trbr'a
171 4645 221 4678 carm
243 4631 402 4692 expositione
416 4631 593 4680 interiectionis
606 4645 741 4694 perperam
757 4632 889 4678 coniuncta
901 4637 966 4684 runt,
985 4630 1022 4678 ud
1036 4630 1231 4678 coronentura'um
1250 4629 1281 4678 de
1297 4631 1366 4690 pori—

91 4702 154 4756 lrria‚
167 4701 197 4751 de
212 4699 300 4765 patoes
314 4709 372 4750 unte
384 4715 437 4749 eum
446 4707 544 4762 partem
556 4715 620 4763 puae
634 4707 672 4750 eat
689 4700 721 4749 ‹le
738 4706 792 4748 octo
804 4698 921 4763 partibus
938 4701 1059 4748 orationis
1069 4715 1149 4763 cupra
1164 4715 1191 4761 p.
1214 4698 1262 4749 133
1279 4700 1367 4748 simiti-

93 4772 267 4819 tertractutuna
288 4777 327 4819 ert
395 4769 428 4820 23
448 4770 489 4832 qui
509 4779 567 4819 suut
586 4769 685 4833 periodi
703 4769 784 4819 ABG
835 4767 869 4818 29
887 4769 1040 4818 ntsciamus
1058 4768 1199 4818 omABG
1258 4767 1366 4818 33axrdi

94 4836 157 4886 colon
173 4839 261 4889 dicitur
279 4839 303 4888 B
321 4845 364 4888 aut
381 4839 481 4889 dicolou
495 4839 592 4889 dicetur
610 4839 630 4890 0
647 4847 690 4890 aut
708 4839 809 4889 dicolou
825 4837 918 4889 dicitur
935 4839 960 4889 Α
979 4847 1021 4888 aut
1040 4838 1210 4888 dicbnt'colon
1229 4836 1365 4889 dicituro*

1375 1047 1434 1106 rao,
1450 1047 1480 1096 ro

1374 1116 1478 1172 aranu

1375 1174 1479 1245 umet

1378 3907 1435 3968 aar,
1448 3907 1481 3955 ao
