<?xml version="1.0" encoding="UTF-8"?>
<!DOCTYPE html PUBLIC "-//W3C//DTD XHTML 1.0 Transitional//EN"
    "http://www.w3.org/TR/xhtml1/DTD/xhtml1-transitional.dtd">
<html xmlns="http://www.w3.org/1999/xhtml" xml:lang="en" lang="en">
 <head>
  <title>
</title>
<meta http-equiv="Content-Type" content="text/html;charset=utf-8" />
  <meta name='ocr-system' content='tesseract 3.04.00' />
  <meta name='ocr-capabilities' content='ocr_page ocr_carea ocr_par ocr_line ocrx_word'/>
</head>
<body>
  <div class='ocr_page' id='page_1' title='image "./grammaticilatin02hagagoog_0027.png"; bbox 0 0 3350 5442; ppageno 0'>
   <div class='ocr_carea' id='block_1_1' title="bbox 286 395 1058 468">
    <p class='ocr_par' dir='ltr' id='par_1_1' title="bbox 286 395 1058 468">
     <span class='ocr_line' id='line_1_1' title="bbox 286 395 1058 468; baseline 0.006 -5"><span class='ocrx_word' id='word_1_1' title='bbox 286 408 290 424; x_wconf 82' lang='lat'><strong><em>‘</em></strong></span> <span class='ocrx_word' id='word_1_2' title='bbox 329 395 368 464; x_wconf 88' lang='lat'><strong>18</strong></span> <span class='ocrx_word' id='word_1_3' title='bbox 882 403 1058 468; x_wconf 76' lang='lat' dir='ltr'><strong>ctuooutt</strong></span> 
     </span>
    </p>
   </div>
   <div class='ocr_carea' id='block_1_2' title="bbox 117 511 1646 4451">
    <p class='ocr_par' dir='ltr' id='par_1_2' title="bbox 326 511 1636 1185">
     <span class='ocr_line' id='line_1_2' title="bbox 353 511 520 564; baseline 0 -12"><span class='ocrx_word' id='word_1_4' title='bbox 353 523 373 564; x_wconf 88' lang='lat' dir='ltr'><strong>p.</strong></span> <span class='ocrx_word' id='word_1_5' title='bbox 390 511 483 553; x_wconf 72' lang='lat' dir='ltr'><strong>totove</strong></span> <span class='ocrx_word' id='word_1_6' title='bbox 498 511 520 552; x_wconf 90' lang='lat' dir='ltr'><strong>P.</strong></span> 
     </span>
     <span class='ocr_line' id='line_1_3' title="bbox 328 592 1615 674; baseline 0.003 -22"><span class='ocrx_word' id='word_1_7' title='bbox 328 593 470 663; x_wconf 79' lang='lat' dir='ltr'>ostendit,</span> <span class='ocrx_word' id='word_1_8' title='bbox 495 592 546 653; x_wconf 91' lang='lat' dir='ltr'><strong>sed</strong></span> <span class='ocrx_word' id='word_1_9' title='bbox 569 592 643 655; x_wconf 93' lang='lat' dir='ltr'><strong>velle</strong></span> <span class='ocrx_word' id='word_1_10' title='bbox 666 611 769 672; x_wconf 87' lang='lat' dir='ltr'><strong>agere,</strong></span> <span class='ocrx_word' id='word_1_11' title='bbox 793 603 825 656; x_wconf 91' lang='lat' dir='ltr'><strong>nt</strong></span> <span class='ocrx_word' id='word_1_12' title='bbox 848 593 985 656; x_wconf 85' lang='lat' dir='ltr'><strong>lecturio:</strong></span> <span class='ocrx_word' id='word_1_13' title='bbox 1009 597 1152 674; x_wconf 87' lang='lat' dir='ltr'><strong>siguificat</strong></span> <span class='ocrx_word' id='word_1_14' title='bbox 1169 596 1247 655; x_wconf 92' lang='lat' dir='ltr'><strong>enim</strong></span> <span class='ocrx_word' id='word_1_15' title='bbox 1264 613 1322 656; x_wconf 95' lang='lat' dir='ltr'><strong>non</strong></span> <span class='ocrx_word' id='word_1_16' title='bbox 1338 593 1420 672; x_wconf 81' lang='lat' dir='ltr'><strong>lego&#39;,</strong></span> <span class='ocrx_word' id='word_1_17' title='bbox 1444 594 1497 655; x_wconf 92' lang='lat' dir='ltr'><strong>sed</strong></span> <span class='ocrx_word' id='word_1_18' title='bbox 1519 592 1615 673; x_wconf 86' lang='lat' dir='ltr'><strong>legere</strong></span> 
     </span>
     <span class='ocr_line' id='line_1_4' title="bbox 326 693 1614 782; baseline 0.002 -28"><span class='ocrx_word' id='word_1_19' title='bbox 326 693 402 755; x_wconf 92' lang='lat' dir='ltr'><strong>volo.</strong></span> <span class='ocrx_word' id='word_1_20' title='bbox 433 694 597 756; x_wconf 89' lang='lat' dir='ltr'><strong>inchoativa</strong></span> <span class='ocrx_word' id='word_1_21' title='bbox 621 694 749 766; x_wconf 89' lang='lat' dir='ltr'><strong>calesco,</strong></span> <span class='ocrx_word' id='word_1_22' title='bbox 775 696 872 757; x_wconf 87' lang='lat' dir='ltr'><strong>calere</strong></span> <span class='ocrx_word' id='word_1_23' title='bbox 893 698 1011 776; x_wconf 90' lang='lat' dir='ltr'><strong>incipio.</strong></span> <span class='ocrx_word' id='word_1_24' title='bbox 1042 697 1205 782; x_wconf 72' lang='lat' dir='ltr'><strong>inchoativa</strong></span> <span class='ocrx_word' id='word_1_25' title='bbox 1234 705 1330 756; x_wconf 85' lang='lat' dir='ltr'><strong>autem</strong></span> <span class='ocrx_word' id='word_1_26' title='bbox 1353 698 1450 757; x_wconf 87' lang='lat' dir='ltr'><strong>torma</strong></span> <span class='ocrx_word' id='word_1_27' title='bbox 1472 696 1546 757; x_wconf 90' lang='lat' dir='ltr'><strong>baec</strong></span> <span class='ocrx_word' id='word_1_28' title='bbox 1567 697 1614 757; x_wconf 91' lang='lat' dir='ltr'><strong>ha-</strong></span> 
     </span>
     <span class='ocr_line' id='line_1_5' title="bbox 327 795 1616 899; baseline 0.001 -43"><span class='ocrx_word' id='word_1_29' title='bbox 327 795 399 857; x_wconf 91' lang='lat' dir='ltr'><strong>bere</strong></span> <span class='ocrx_word' id='word_1_30' title='bbox 427 796 530 868; x_wconf 88' lang='lat' dir='ltr'><strong>debet,</strong></span> <span class='ocrx_word' id='word_1_31' title='bbox 556 805 587 858; x_wconf 92' lang='lat' dir='ltr'><strong>ut</strong></span> <span class='ocrx_word' id='word_1_32' title='bbox 609 800 722 860; x_wconf 87' lang='lat' dir='ltr'><strong>oriatur</strong></span> <span class='ocrx_word' id='word_1_33' title='bbox 741 795 746 881; x_wconf 78' lang='grc' dir='ltr'>Ι</span> <span class='ocrx_word' id='word_1_34' title='bbox 766 797 924 899; x_wconf 78' lang='lat' dir='ltr'><strong>ancutrayli</strong></span> <span class='ocrx_word' id='word_1_35' title='bbox 945 800 1037 860; x_wconf 92' lang='lat' dir='ltr'><strong>verbo</strong></span> <span class='ocrx_word' id='word_1_36' title='bbox 1060 807 1090 860; x_wconf 92' lang='lat' dir='ltr'><strong>et</strong></span> <span class='ocrx_word' id='word_1_37' title='bbox 1112 806 1197 860; x_wconf 80' lang='lat' dir='ltr'><strong>exeat</strong></span> <span class='ocrx_word' id='word_1_38' title='bbox 1217 801 1249 860; x_wconf 90' lang='lat' dir='ltr'><strong>in</strong></span> <span class='ocrx_word' id='word_1_39' title='bbox 1272 819 1323 859; x_wconf 90' lang='lat' dir='ltr'><strong>sco</strong></span> <span class='ocrx_word' id='word_1_40' title='bbox 1345 797 1498 878; x_wconf 77' lang='lat' dir='ltr'>syllabam,</span> <span class='ocrx_word' id='word_1_41' title='bbox 1523 807 1616 860; x_wconf 90' lang='lat' dir='ltr'><strong>careat</strong></span> 
     </span>
     <span class='ocr_line' id='line_1_6' title="bbox 326 901 1616 982; baseline 0 -22"><span class='ocrx_word' id='word_1_42' title='bbox 326 907 461 979; x_wconf 89' lang='lat' dir='ltr'><strong>tempore</strong></span> <span class='ocrx_word' id='word_1_43' title='bbox 490 902 652 980; x_wconf 90' lang='lat' dir='ltr'><strong>praeterito</strong></span> <span class='ocrx_word' id='word_1_44' title='bbox 674 902 808 980; x_wconf 87' lang='lat' dir='ltr'><strong>perlecto</strong></span> <span class='ocrx_word' id='word_1_45' title='bbox 832 911 862 963; x_wconf 90' lang='lat' dir='ltr'><strong>et</strong></span> <span class='ocrx_word' id='word_1_46' title='bbox 883 901 1188 982; x_wconf 73' lang='lat' dir='ltr'><strong>plusquamperfecto,</strong></span> <span class='ocrx_word' id='word_1_47' title='bbox 1218 907 1318 962; x_wconf 91' lang='lat' dir='ltr'><strong>careat</strong></span> <span class='ocrx_word' id='word_1_48' title='bbox 1346 902 1434 961; x_wconf 90' lang='lat' dir='ltr'><strong>etiam</strong></span> <span class='ocrx_word' id='word_1_49' title='bbox 1456 903 1616 980; x_wconf 72' lang='lat' dir='ltr'><strong>participiis</strong></span> 
     </span>
     <span class='ocr_line' id='line_1_7' title="bbox 326 1004 1636 1084; baseline -0.002 -22"><span class='ocrx_word' id='word_1_50' title='bbox 326 1004 416 1063; x_wconf 79' lang='lat' dir='ltr'><strong>futuri</strong></span> <span class='ocrx_word' id='word_1_51' title='bbox 444 1005 588 1083; x_wconf 87' lang='lat' dir='ltr'><strong>temporis</strong></span> <span class='ocrx_word' id='word_1_52' title='bbox 616 1013 645 1063; x_wconf 92' lang='lat' dir='ltr'><strong>et</strong></span> <span class='ocrx_word' id='word_1_53' title='bbox 674 1005 778 1065; x_wconf 85' lang='lat' dir='ltr'><strong>tertiae</strong></span> <span class='ocrx_word' id='word_1_54' title='bbox 807 1023 926 1084; x_wconf 84' lang='lat' dir='ltr'>semper</span> <span class='ocrx_word' id='word_1_55' title='bbox 954 1006 993 1065; x_wconf 90' lang='lat' dir='ltr'><strong>sit</strong></span> <span class='ocrx_word' id='word_1_56' title='bbox 1018 1005 1232 1082; x_wconf 87' lang='lat' dir='ltr'><strong>coniugationis</strong></span> <span class='ocrx_word' id='word_1_57' title='bbox 1262 1011 1427 1083; x_wconf 80' lang='lat' dir='ltr'><strong>correptae.</strong></span> <span class='ocrx_word' id='word_1_58' title='bbox 1473 1005 1498 1062; x_wconf 88' lang='lat' dir='ltr'><strong>si</strong></span> <span class='ocrx_word' id='word_1_59' title='bbox 1521 1010 1636 1063; x_wconf 75' lang='lat' dir='ltr'><strong>autema</strong></span> 
     </span>
     <span class='ocr_line' id='line_1_8' title="bbox 326 1106 1615 1185; baseline 0 -21"><span class='ocrx_word' id='word_1_60' title='bbox 326 1107 422 1166; x_wconf 90' lang='lat' dir='ltr'><strong>minus</strong></span> <span class='ocrx_word' id='word_1_61' title='bbox 446 1106 548 1175; x_wconf 86' lang='lat' dir='ltr'><strong>luerit,</strong></span> <span class='ocrx_word' id='word_1_62' title='bbox 573 1124 632 1166; x_wconf 94' lang='lat' dir='ltr'><strong>non</strong></span> <span class='ocrx_word' id='word_1_63' title='bbox 656 1107 713 1167; x_wconf 89' lang='lat' dir='ltr'><strong>erit</strong></span> <span class='ocrx_word' id='word_1_64' title='bbox 734 1107 828 1168; x_wconf 89' lang='lat' dir='ltr'><strong>iorma</strong></span> <span class='ocrx_word' id='word_1_65' title='bbox 850 1107 1032 1177; x_wconf 87' lang='lat' dir='ltr'><strong>inchoativa,</strong></span> <span class='ocrx_word' id='word_1_66' title='bbox 1057 1106 1109 1167; x_wconf 90' lang='lat' dir='ltr'><strong>sed</strong></span> <span class='ocrx_word' id='word_1_67' title='bbox 1131 1106 1278 1185; x_wconf 87' lang='lat' dir='ltr'><strong>perlecta,</strong></span> <span class='ocrx_word' id='word_1_68' title='bbox 1302 1113 1335 1165; x_wconf 93' lang='lat' dir='ltr'><strong>ut</strong></span> <span class='ocrx_word' id='word_1_69' title='bbox 1358 1123 1517 1184; x_wconf 86' lang='lat' dir='ltr'><strong>compesco</strong></span> <span class='ocrx_word' id='word_1_70' title='bbox 1539 1124 1615 1164; x_wconf 92' lang='lat' dir='ltr'><strong>com-</strong></span> 
     </span>
    </p>

    <p class='ocr_par' dir='ltr' id='par_1_3' title="bbox 235 1206 1646 2514">
     <span class='ocr_line' id='line_1_9' title="bbox 235 1206 1616 1288; baseline 0 -21"><span class='ocrx_word' id='word_1_71' title='bbox 235 1253 238 1260; x_wconf 90' lang='lat'><strong>.</strong></span> <span class='ocrx_word' id='word_1_72' title='bbox 326 1209 438 1286; x_wconf 76' lang='lat' dir='ltr'><strong>pessis:</strong></span> <span class='ocrx_word' id='word_1_73' title='bbox 462 1215 579 1287; x_wconf 91' lang='lat' dir='ltr'><strong>tempus</strong></span> <span class='ocrx_word' id='word_1_74' title='bbox 595 1211 788 1288; x_wconf 91' lang='lat' dir='ltr'><strong>praeteritum</strong></span> <span class='ocrx_word' id='word_1_75' title='bbox 804 1211 969 1286; x_wconf 87' lang='lat' dir='ltr'><strong>perlectum</strong></span> <span class='ocrx_word' id='word_1_76' title='bbox 987 1211 1156 1288; x_wconf 88' lang='lat' dir='ltr'><strong>compescui</strong></span> <span class='ocrx_word' id='word_1_77' title='bbox 1168 1208 1266 1283; x_wconf 73' lang='lat' dir='ltr'><strong>facit:</strong></span> <span class='ocrx_word' id='word_1_78' title='bbox 1287 1206 1399 1268; x_wconf 90' lang='lat' dir='ltr'><strong>idcirco</strong></span> <span class='ocrx_word' id='word_1_79' title='bbox 1422 1225 1484 1267; x_wconf 92' lang='lat' dir='ltr'><strong>nnn</strong></span> <span class='ocrx_word' id='word_1_80' title='bbox 1506 1207 1616 1267; x_wconf 90' lang='lat' dir='ltr'><strong>videtur</strong></span> 
     </span>
     <span class='ocr_line' id='line_1_10' title="bbox 325 1309 1616 1389; baseline -0.002 -20"><span class='ocrx_word' id='word_1_81' title='bbox 325 1309 492 1370; x_wconf 90' lang='lat' dir='ltr'><strong>inchoativa</strong></span> <span class='ocrx_word' id='word_1_82' title='bbox 507 1309 611 1370; x_wconf 82' lang='lat' dir='ltr'><strong>torma.</strong></span> <span class='ocrx_word' id='word_1_83' title='bbox 643 1311 860 1387; x_wconf 76' lang='lat' dir='ltr'><strong>frequentativa</strong></span> <span class='ocrx_word' id='word_1_84' title='bbox 882 1318 1100 1386; x_wconf 74' lang='lat' dir='ltr'><strong>emineamus,</strong></span> <span class='ocrx_word' id='word_1_85' title='bbox 1117 1314 1229 1372; x_wconf 82' lang='lat' dir='ltr'><strong>cantito</strong></span> <span class='ocrx_word' id='word_1_86' title='bbox 1250 1312 1388 1378; x_wconf 90' lang='lat' dir='ltr'><strong>cantitas;</strong></span> <span class='ocrx_word' id='word_1_87' title='bbox 1411 1310 1528 1389; x_wconf 91' lang='lat' dir='ltr'><strong>primae</strong></span> <span class='ocrx_word' id='word_1_88' title='bbox 1551 1315 1616 1368; x_wconf 90' lang='lat' dir='ltr'><strong>sunt</strong></span> 
     </span>
     <span class='ocr_line' id='line_1_11' title="bbox 326 1411 1614 1492; baseline -0.002 -21"><span class='ocrx_word' id='word_1_89' title='bbox 326 1413 549 1489; x_wconf 88' lang='lat' dir='ltr'><strong>coniugationis.</strong></span> <span class='ocrx_word' id='word_1_90' title='bbox 578 1447 620 1456; x_wconf 87' lang='lat'>-</span> <span class='ocrx_word' id='word_1_91' title='bbox 651 1412 810 1474; x_wconf 83' lang='lat' dir='ltr'><strong>Sciendum</strong></span> <span class='ocrx_word' id='word_1_92' title='bbox 837 1416 955 1475; x_wconf 81' lang='lat' dir='ltr'><strong>tertiam</strong></span> <span class='ocrx_word' id='word_1_93' title='bbox 983 1414 1221 1492; x_wconf 90' lang='lat' dir='ltr'><strong>coniugationem</strong></span> <span class='ocrx_word' id='word_1_94' title='bbox 1243 1411 1314 1473; x_wconf 92' lang='lat' dir='ltr'><strong>binc</strong></span> <span class='ocrx_word' id='word_1_95' title='bbox 1336 1411 1446 1474; x_wconf 88' lang='lat' dir='ltr'><strong>distare</strong></span> <span class='ocrx_word' id='word_1_96' title='bbox 1468 1430 1485 1471; x_wconf 92' lang='lat' dir='ltr'><strong>a</strong></span> <span class='ocrx_word' id='word_1_97' title='bbox 1507 1420 1614 1490; x_wconf 87' lang='lat' dir='ltr'><strong>quarta,</strong></span> 
     </span>
     <span class='ocr_line' id='line_1_12' title="bbox 326 1513 1646 1597; baseline -0.003 -25"><span class='ocrx_word' id='word_1_98' title='bbox 326 1513 404 1590; x_wconf 92' lang='lat' dir='ltr'><strong>quod</strong></span> <span class='ocrx_word' id='word_1_99' title='bbox 427 1521 529 1592; x_wconf 89' lang='lat' dir='ltr'><strong>quarta</strong></span> <span class='ocrx_word' id='word_1_100' title='bbox 553 1516 720 1593; x_wconf 90' lang='lat' dir='ltr'><strong>coniugatio</strong></span> <span class='ocrx_word' id='word_1_101' title='bbox 744 1518 876 1579; x_wconf 88' lang='lat' dir='ltr'><strong>luturum</strong></span> <span class='ocrx_word' id='word_1_102' title='bbox 898 1516 1046 1597; x_wconf 84' lang='lat' dir='ltr'><strong>duplicem</strong></span> <span class='ocrx_word' id='word_1_103' title='bbox 1069 1514 1183 1585; x_wconf 87' lang='lat' dir='ltr'><strong>babeat,</strong></span> <span class='ocrx_word' id='word_1_104' title='bbox 1208 1517 1295 1576; x_wconf 87' lang='lat' dir='ltr'><strong>tertia</strong></span> <span class='ocrx_word' id='word_1_105' title='bbox 1316 1513 1491 1595; x_wconf 87' lang='lat' dir='ltr'><strong>simplicem.</strong></span> <span class='ocrx_word' id='word_1_106' title='bbox 1522 1521 1646 1574; x_wconf 86' lang='lat' dir='ltr'><strong>tamenn</strong></span> 
     </span>
     <span class='ocr_line' id='line_1_13' title="bbox 325 1614 1615 1698; baseline -0.002 -22"><span class='ocrx_word' id='word_1_107' title='bbox 325 1615 432 1676; x_wconf 89' lang='lat' dir='ltr'><strong>melius</strong></span> <span class='ocrx_word' id='word_1_108' title='bbox 460 1618 641 1694; x_wconf 90' lang='lat' dir='ltr'><strong>coniugatio,</strong></span> <span class='ocrx_word' id='word_1_109' title='bbox 673 1619 733 1678; x_wconf 88' lang='lat' dir='ltr'><strong>sive</strong></span> <span class='ocrx_word' id='word_1_110' title='bbox 762 1625 902 1698; x_wconf 87' lang='lat' dir='ltr'><strong>correpta</strong></span> <span class='ocrx_word' id='word_1_111' title='bbox 930 1620 968 1678; x_wconf 90' lang='lat' dir='ltr'><strong>sit</strong></span> <span class='ocrx_word' id='word_1_112' title='bbox 990 1620 1051 1679; x_wconf 87' lang='lat' dir='ltr'><strong>sive</strong></span> <span class='ocrx_word' id='word_1_113' title='bbox 1073 1617 1232 1697; x_wconf 89' lang='lat' dir='ltr'><strong>producta,</strong></span> <span class='ocrx_word' id='word_1_114' title='bbox 1260 1617 1375 1677; x_wconf 86' lang='lat' dir='ltr'><strong>infinito</strong></span> <span class='ocrx_word' id='word_1_115' title='bbox 1402 1615 1492 1676; x_wconf 92' lang='lat' dir='ltr'><strong>modo</strong></span> <span class='ocrx_word' id='word_1_116' title='bbox 1514 1614 1615 1693; x_wconf 89' lang='lat' dir='ltr'><strong>deprc-</strong></span> 
     </span>
     <span class='ocr_line' id='line_1_14' title="bbox 327 1715 1613 1800; baseline -0.004 -22"><span class='ocrx_word' id='word_1_117' title='bbox 327 1717 481 1788; x_wconf 89' lang='lat' dir='ltr'><strong>benditur,</strong></span> <span class='ocrx_word' id='word_1_118' title='bbox 505 1718 556 1779; x_wconf 92' lang='lat' dir='ltr'><strong>ubi</strong></span> <span class='ocrx_word' id='word_1_119' title='bbox 579 1722 666 1780; x_wconf 90' lang='lat' dir='ltr'><strong>etiam</strong></span> <span class='ocrx_word' id='word_1_120' title='bbox 689 1719 795 1780; x_wconf 85' lang='lat' dir='ltr'><strong>melius</strong></span> <span class='ocrx_word' id='word_1_121' title='bbox 817 1720 996 1800; x_wconf 90' lang='lat' dir='ltr'><strong>syllabarum</strong></span> <span class='ocrx_word' id='word_1_122' title='bbox 1011 1715 1115 1780; x_wconf 86' lang='lat' dir='ltr'><strong>natura</strong></span> <span class='ocrx_word' id='word_1_123' title='bbox 1131 1720 1329 1798; x_wconf 80' lang='lat' dir='ltr'><strong>cognoscitur.</strong></span> <span class='ocrx_word' id='word_1_124' title='bbox 1360 1717 1524 1779; x_wconf 88' lang='lat' dir='ltr'><strong>notandum</strong></span> <span class='ocrx_word' id='word_1_125' title='bbox 1540 1715 1613 1795; x_wconf 88' lang='lat' dir='ltr'><strong>quod</strong></span> 
     </span>
     <span class='ocr_line' id='line_1_15' title="bbox 325 1820 1615 1904; baseline -0.004 -23"><span class='ocrx_word' id='word_1_126' title='bbox 325 1821 474 1898; x_wconf 84' lang='lat' dir='ltr'><strong>primaet</strong></span> <span class='ocrx_word' id='word_1_127' title='bbox 497 1821 626 1884; x_wconf 88' lang='lat' dir='ltr'><strong>secunda</strong></span> <span class='ocrx_word' id='word_1_128' title='bbox 648 1823 817 1900; x_wconf 87' lang='lat' dir='ltr'><strong>coniugatio</strong></span> <span class='ocrx_word' id='word_1_129' title='bbox 839 1841 957 1902; x_wconf 89' lang='lat' dir='ltr'><strong>semper</strong></span> <span class='ocrx_word' id='word_1_130' title='bbox 978 1824 1109 1885; x_wconf 87' lang='lat' dir='ltr'><strong>loturum</strong></span> <span class='ocrx_word' id='word_1_131' title='bbox 1130 1821 1136 1904; x_wconf 73' lang='lat' dir='ltr'><strong>l</strong></span> <span class='ocrx_word' id='word_1_132' title='bbox 1155 1823 1184 1882; x_wconf 93' lang='lat' dir='ltr'><strong>in</strong></span> <span class='ocrx_word' id='word_1_133' title='bbox 1207 1820 1246 1881; x_wconf 94' lang='lat' dir='ltr'><strong>bo</strong></span> <span class='ocrx_word' id='word_1_134' title='bbox 1269 1822 1367 1892; x_wconf 89' lang='lat' dir='ltr'><strong>mittit,</strong></span> <span class='ocrx_word' id='word_1_135' title='bbox 1390 1822 1479 1882; x_wconf 90' lang='lat' dir='ltr'><strong>tertia</strong></span> <span class='ocrx_word' id='word_1_136' title='bbox 1502 1837 1615 1898; x_wconf 89' lang='lat' dir='ltr'><strong>semper</strong></span> 
     </span>
     <span class='ocr_line' id='line_1_16' title="bbox 325 1919 1614 2002; baseline -0.003 -21"><span class='ocrx_word' id='word_1_137' title='bbox 325 1923 356 1983; x_wconf 94' lang='lat' dir='ltr'><strong>in</strong></span> <span class='ocrx_word' id='word_1_138' title='bbox 379 1941 435 1993; x_wconf 91' lang='lat' dir='ltr'><strong>am,</strong></span> <span class='ocrx_word' id='word_1_139' title='bbox 459 1929 564 2002; x_wconf 90' lang='lat' dir='ltr'><strong>quarta</strong></span> <span class='ocrx_word' id='word_1_140' title='bbox 586 1923 729 2002; x_wconf 89' lang='lat' dir='ltr'><strong>producta</strong></span> <span class='ocrx_word' id='word_1_141' title='bbox 753 1927 835 1986; x_wconf 92' lang='lat' dir='ltr'><strong>etin</strong></span> <span class='ocrx_word' id='word_1_142' title='bbox 858 1944 905 1985; x_wconf 92' lang='lat' dir='ltr'><strong>arn</strong></span> <span class='ocrx_word' id='word_1_143' title='bbox 929 1926 1010 1985; x_wconf 86' lang='lat' dir='ltr'><strong>etin</strong></span> <span class='ocrx_word' id='word_1_144' title='bbox 1032 1923 1080 1984; x_wconf 91' lang='lat' dir='ltr'><strong>bo.</strong></span> <span class='ocrx_word' id='word_1_145' title='bbox 1113 1922 1266 1984; x_wconf 90' lang='lat' dir='ltr'><strong>sciendum</strong></span> <span class='ocrx_word' id='word_1_146' title='bbox 1281 1922 1360 2001; x_wconf 87' lang='lat' dir='ltr'><strong>quod</strong></span> <span class='ocrx_word' id='word_1_147' title='bbox 1376 1925 1474 2002; x_wconf 91' lang='lat' dir='ltr'><strong>prima</strong></span> <span class='ocrx_word' id='word_1_148' title='bbox 1490 1919 1614 1983; x_wconf 85' lang='lat' dir='ltr'><strong>secunda</strong></span> 
     </span>
     <span class='ocr_line' id='line_1_17' title="bbox 328 2019 1644 2107; baseline -0.004 -23"><span class='ocrx_word' id='word_1_149' title='bbox 328 2031 357 2084; x_wconf 92' lang='lat' dir='ltr'><strong>et</strong></span> <span class='ocrx_word' id='word_1_150' title='bbox 378 2034 483 2104; x_wconf 90' lang='lat' dir='ltr'><strong>quarta</strong></span> <span class='ocrx_word' id='word_1_151' title='bbox 506 2027 674 2103; x_wconf 90' lang='lat' dir='ltr'><strong>coniugatio</strong></span> <span class='ocrx_word' id='word_1_152' title='bbox 698 2027 843 2087; x_wconf 90' lang='lat' dir='ltr'><strong>inlinitum</strong></span> <span class='ocrx_word' id='word_1_153' title='bbox 865 2027 1044 2107; x_wconf 87' lang='lat' dir='ltr'><strong>productum</strong></span> <span class='ocrx_word' id='word_1_154' title='bbox 1066 2026 1177 2087; x_wconf 89' lang='lat' dir='ltr'><strong>babent</strong></span> <span class='ocrx_word' id='word_1_155' title='bbox 1199 2032 1229 2085; x_wconf 90' lang='lat' dir='ltr'><strong>ct</strong></span> <span class='ocrx_word' id='word_1_156' title='bbox 1251 2026 1338 2086; x_wconf 89' lang='lat' dir='ltr'><strong>tertia</strong></span> <span class='ocrx_word' id='word_1_157' title='bbox 1367 2031 1549 2104; x_wconf 88' lang='lat' dir='ltr'><strong>correptum.</strong></span> <span class='ocrx_word' id='word_1_158' title='bbox 1579 2019 1644 2101; x_wconf 80' lang='lat' dir='ltr'><strong>[eto</strong></span> 
     </span>
     <span class='ocr_line' id='line_1_18' title="bbox 327 2115 1614 2208; baseline -0.003 -22"><span class='ocrx_word' id='word_1_159' title='bbox 327 2128 490 2206; x_wconf 88' lang='lat' dir='ltr'><strong>inperative</strong></span> <span class='ocrx_word' id='word_1_160' title='bbox 519 2129 616 2188; x_wconf 91' lang='lat' dir='ltr'><strong>nutrio</strong></span> <span class='ocrx_word' id='word_1_161' title='bbox 651 2127 788 2208; x_wconf 89' lang='lat' dir='ltr'><strong>nutriris]</strong></span> <span class='ocrx_word' id='word_1_162' title='bbox 821 2131 937 2190; x_wconf 88' lang='lat' dir='ltr'><strong>tertiam</strong></span> <span class='ocrx_word' id='word_1_163' title='bbox 967 2115 1140 2206; x_wconf 88' lang='lat' dir='ltr'><strong>correptam</strong></span> <span class='ocrx_word' id='word_1_164' title='bbox 1161 2127 1206 2187; x_wconf 87' lang='lat' dir='ltr'><strong>vel</strong></span> <span class='ocrx_word' id='word_1_165' title='bbox 1234 2127 1412 2206; x_wconf 91' lang='lat' dir='ltr'><strong>productam</strong></span> <span class='ocrx_word' id='word_1_166' title='bbox 1441 2126 1478 2186; x_wconf 91' lang='lat' dir='ltr'><strong>de</strong></span> <span class='ocrx_word' id='word_1_167' title='bbox 1505 2125 1614 2204; x_wconf 82' lang='lat' dir='ltr'><strong>passivo</strong></span> 
     </span>
     <span class='ocr_line' id='line_1_19' title="bbox 328 2228 1613 2310; baseline -0.004 -22"><span class='ocrx_word' id='word_1_168' title='bbox 328 2231 537 2305; x_wconf 82' lang='lat' dir='ltr'><strong>cognoscimus</strong></span> <span class='ocrx_word' id='word_1_169' title='bbox 560 2228 596 2289; x_wconf 91' lang='lat' dir='ltr'><strong>de</strong></span> <span class='ocrx_word' id='word_1_170' title='bbox 618 2229 779 2308; x_wconf 89' lang='lat' dir='ltr'><strong>penultima</strong></span> <span class='ocrx_word' id='word_1_171' title='bbox 803 2230 913 2310; x_wconf 80' lang='lat' dir='ltr'><strong>syllaba</strong></span> <span class='ocrx_word' id='word_1_172' title='bbox 929 2231 1035 2292; x_wconf 86' lang='lat' dir='ltr'><strong>infiniti</strong></span> <span class='ocrx_word' id='word_1_173' title='bbox 1049 2230 1144 2298; x_wconf 89' lang='lat' dir='ltr'><strong>modi;</strong></span> <span class='ocrx_word' id='word_1_174' title='bbox 1167 2229 1316 2307; x_wconf 85' lang='lat' dir='ltr'><strong>colligitur</strong></span> <span class='ocrx_word' id='word_1_175' title='bbox 1332 2235 1361 2290; x_wconf 92' lang='lat' dir='ltr'><strong>et</strong></span> <span class='ocrx_word' id='word_1_176' title='bbox 1382 2229 1419 2290; x_wconf 87' lang='lat' dir='ltr'><strong>de</strong></span> <span class='ocrx_word' id='word_1_177' title='bbox 1433 2228 1613 2308; x_wconf 89' lang='lat' dir='ltr'><strong>imperativo,</strong></span> 
     </span>
     <span class='ocr_line' id='line_1_20' title="bbox 326 2329 1614 2414; baseline -0.004 -24"><span class='ocrx_word' id='word_1_178' title='bbox 326 2333 377 2407; x_wconf 92' lang='lat' dir='ltr'><strong>qui</strong></span> <span class='ocrx_word' id='word_1_179' title='bbox 399 2350 416 2391; x_wconf 95' lang='lat' dir='ltr'><strong>a</strong></span> <span class='ocrx_word' id='word_1_180' title='bbox 438 2339 546 2414; x_wconf 85' lang='lat' dir='ltr'><strong>neutro</strong></span> <span class='ocrx_word' id='word_1_181' title='bbox 569 2331 680 2392; x_wconf 89' lang='lat' dir='ltr'><strong>veniat:</strong></span> <span class='ocrx_word' id='word_1_182' title='bbox 705 2330 742 2392; x_wconf 88' lang='lat' dir='ltr'><strong>ab</strong></span> <span class='ocrx_word' id='word_1_183' title='bbox 764 2333 938 2411; x_wconf 87' lang='lat' dir='ltr'><strong>imperativo</strong></span> <span class='ocrx_word' id='word_1_184' title='bbox 962 2351 979 2392; x_wconf 90' lang='lat' dir='ltr'><strong>e</strong></span> <span class='ocrx_word' id='word_1_185' title='bbox 1001 2340 1154 2411; x_wconf 88' lang='lat' dir='ltr'><strong>correpto,</strong></span> <span class='ocrx_word' id='word_1_186' title='bbox 1179 2331 1291 2401; x_wconf 88' lang='lat' dir='ltr'><strong>scribe;</strong></span> <span class='ocrx_word' id='word_1_187' title='bbox 1315 2330 1351 2393; x_wconf 91' lang='lat' dir='ltr'><strong>ab</strong></span> <span class='ocrx_word' id='word_1_188' title='bbox 1375 2333 1500 2401; x_wconf 85' lang='lat' dir='ltr'><strong>infinito,</strong></span> <span class='ocrx_word' id='word_1_189' title='bbox 1524 2329 1553 2389; x_wconf 95' lang='lat' dir='ltr'><strong>id</strong></span> <span class='ocrx_word' id='word_1_190' title='bbox 1575 2334 1614 2387; x_wconf 87' lang='lat' dir='ltr'><strong>est</strong></span> 
     </span>
     <span class='ocr_line' id='line_1_21' title="bbox 325 2431 1613 2514; baseline -0.004 -23"><span class='ocrx_word' id='word_1_191' title='bbox 325 2440 485 2512; x_wconf 89' lang='lat' dir='ltr'><strong>perpetuo,</strong></span> <span class='ocrx_word' id='word_1_192' title='bbox 509 2431 614 2494; x_wconf 83' lang='lat' dir='ltr'><strong>scribi:</strong></span> <span class='ocrx_word' id='word_1_193' title='bbox 637 2435 709 2493; x_wconf 88' lang='lat' dir='ltr'><strong>item</strong></span> <span class='ocrx_word' id='word_1_194' title='bbox 732 2433 768 2495; x_wconf 93' lang='lat' dir='ltr'><strong>ab</strong></span> <span class='ocrx_word' id='word_1_195' title='bbox 790 2436 965 2514; x_wconf 90' lang='lat' dir='ltr'><strong>imperativo</strong></span> <span class='ocrx_word' id='word_1_196' title='bbox 981 2437 991 2494; x_wconf 93' lang='lat' dir='ltr'><strong>i</strong></span> <span class='ocrx_word' id='word_1_197' title='bbox 1008 2434 1167 2512; x_wconf 91' lang='lat' dir='ltr'><strong>producto,</strong></span> <span class='ocrx_word' id='word_1_198' title='bbox 1184 2435 1282 2502; x_wconf 89' lang='lat' dir='ltr'><strong>muoi;</strong></span> <span class='ocrx_word' id='word_1_199' title='bbox 1308 2434 1344 2494; x_wconf 90' lang='lat' dir='ltr'><strong>ab</strong></span> <span class='ocrx_word' id='word_1_200' title='bbox 1360 2434 1485 2503; x_wconf 85' lang='lat' dir='ltr'><strong>infinito,</strong></span> <span class='ocrx_word' id='word_1_201' title='bbox 1501 2431 1613 2492; x_wconf 90' lang='lat' dir='ltr'><strong>muniri.</strong></span> 
     </span>
    </p>

    <p class='ocr_par' dir='ltr' id='par_1_4' title="bbox 207 2530 1642 3116">
     <span class='ocr_line' id='line_1_22' title="bbox 207 2530 1642 2618; baseline -0.008 -21"><span class='ocrx_word' id='word_1_202' title='bbox 207 2548 312 2611; x_wconf 80' lang='lat'><strong>359‚29</strong></span> <span class='ocrx_word' id='word_1_203' title='bbox 326 2533 422 2594; x_wconf 87' lang='lat' dir='ltr'><strong>—Et</strong></span> <span class='ocrx_word' id='word_1_204' title='bbox 437 2530 450 2618; x_wconf 80' lang='grc' dir='ltr'>Η</span> <span class='ocrx_word' id='word_1_205' title='bbox 466 2536 522 2595; x_wconf 87' lang='lat' dir='ltr'><strong>inl</strong></span> <span class='ocrx_word' id='word_1_206' title='bbox 525 2537 533 2594; x_wconf 96' lang='lat' dir='ltr'><strong>i</strong></span> <span class='ocrx_word' id='word_1_207' title='bbox 543 2535 636 2596; x_wconf 89' lang='lat' dir='ltr'><strong>nito:</strong></span> <span class='ocrx_word' id='word_1_208' title='bbox 654 2538 709 2596; x_wconf 90' lang='lat' dir='ltr'><strong>tria</strong></span> <span class='ocrx_word' id='word_1_209' title='bbox 725 2535 815 2597; x_wconf 92' lang='lat' dir='ltr'><strong>verba</strong></span> <span class='ocrx_word' id='word_1_210' title='bbox 829 2537 861 2596; x_wconf 94' lang='lat' dir='ltr'><strong>in</strong></span> <span class='ocrx_word' id='word_1_211' title='bbox 876 2538 1052 2617; x_wconf 88' lang='lat' dir='ltr'><strong>imperativo</strong></span> <span class='ocrx_word' id='word_1_212' title='bbox 1068 2543 1191 2615; x_wconf 84' lang='lat' dir='ltr'><strong>excepta</strong></span> <span class='ocrx_word' id='word_1_213' title='bbox 1206 2544 1283 2605; x_wconf 90' lang='lat' dir='ltr'><strong>sunt,</strong></span> <span class='ocrx_word' id='word_1_214' title='bbox 1301 2536 1367 2596; x_wconf 91' lang='lat' dir='ltr'><strong>dico</strong></span> <span class='ocrx_word' id='word_1_215' title='bbox 1383 2535 1461 2596; x_wconf 91' lang='lat' dir='ltr'><strong>duco</strong></span> <span class='ocrx_word' id='word_1_216' title='bbox 1476 2535 1560 2602; x_wconf 88' lang='lat' dir='ltr'><strong>lacio,</strong></span> <span class='ocrx_word' id='word_1_217' title='bbox 1572 2531 1612 2590; x_wconf 91' lang='lat' dir='ltr'><strong>dic</strong></span> <span class='ocrx_word' id='word_1_218' title='bbox 1623 2547 1642 2584; x_wconf 86' lang='lat' dir='ltr'><strong>u</strong></span> 
     </span>
     <span class='ocr_line' id='line_1_23' title="bbox 326 2634 1612 2719; baseline -0.005 -23"><span class='ocrx_word' id='word_1_219' title='bbox 326 2636 382 2697; x_wconf 92' lang='lat' dir='ltr'><strong>duc</strong></span> <span class='ocrx_word' id='word_1_220' title='bbox 411 2637 471 2707; x_wconf 83' lang='lat' dir='ltr'><strong>lac,</strong></span> <span class='ocrx_word' id='word_1_221' title='bbox 501 2656 560 2698; x_wconf 90' lang='lat' dir='ltr'><strong>uon</strong></span> <span class='ocrx_word' id='word_1_222' title='bbox 590 2637 671 2708; x_wconf 88' lang='lat' dir='ltr'><strong>dice,</strong></span> <span class='ocrx_word' id='word_1_223' title='bbox 702 2658 762 2700; x_wconf 92' lang='lat' dir='ltr'><strong>non</strong></span> <span class='ocrx_word' id='word_1_224' title='bbox 792 2639 883 2710; x_wconf 89' lang='lat' dir='ltr'><strong>duce,</strong></span> <span class='ocrx_word' id='word_1_225' title='bbox 911 2658 971 2700; x_wconf 90' lang='lat' dir='ltr'><strong>non</strong></span> <span class='ocrx_word' id='word_1_226' title='bbox 1000 2640 1073 2700; x_wconf 88' lang='lat' dir='ltr'><strong>iace.</strong></span> <span class='ocrx_word' id='word_1_227' title='bbox 1118 2638 1196 2719; x_wconf 90' lang='lat' dir='ltr'><strong>quod</strong></span> <span class='ocrx_word' id='word_1_228' title='bbox 1219 2641 1246 2698; x_wconf 89' lang='lat' dir='ltr'><strong>si</strong></span> <span class='ocrx_word' id='word_1_229' title='bbox 1266 2639 1483 2708; x_wconf 77' lang='lat' dir='ltr'><strong>invenerimus,</strong></span> <span class='ocrx_word' id='word_1_230' title='bbox 1507 2634 1612 2696; x_wconf 90' lang='lat' dir='ltr'><strong>comice</strong></span> 
     </span>
     <span class='ocr_line' id='line_1_24' title="bbox 325 2738 1612 2821; baseline -0.005 -23"><span class='ocrx_word' id='word_1_231' title='bbox 325 2738 437 2800; x_wconf 91' lang='lat' dir='ltr'><strong>dictum</strong></span> <span class='ocrx_word' id='word_1_232' title='bbox 460 2747 513 2800; x_wconf 87' lang='lat' dir='ltr'><strong>est.</strong></span> <span class='ocrx_word' id='word_1_233' title='bbox 558 2739 638 2802; x_wconf 92' lang='lat' dir='ltr'><strong>modi</strong></span> <span class='ocrx_word' id='word_1_234' title='bbox 661 2759 732 2820; x_wconf 88' lang='lat' dir='ltr'><strong>argo</strong></span> <span class='ocrx_word' id='word_1_235' title='bbox 748 2742 921 2820; x_wconf 85' lang='lat' dir='ltr'><strong>imperativi</strong></span> <span class='ocrx_word' id='word_1_236' title='bbox 943 2743 1087 2821; x_wconf 90' lang='lat' dir='ltr'><strong>temporis</strong></span> <span class='ocrx_word' id='word_1_237' title='bbox 1115 2742 1280 2820; x_wconf 90' lang='lat' dir='ltr'><strong>praesentis</strong></span> <span class='ocrx_word' id='word_1_238' title='bbox 1303 2740 1450 2801; x_wconf 87' lang='lat' dir='ltr'><strong>secundae</strong></span> <span class='ocrx_word' id='word_1_239' title='bbox 1473 2752 1612 2818; x_wconf 90' lang='lat' dir='ltr'><strong>personae</strong></span> 
     </span>
     <span class='ocr_line' id='line_1_25' title="bbox 325 2839 1612 2926; baseline -0.005 -25"><span class='ocrx_word' id='word_1_240' title='bbox 325 2860 358 2901; x_wconf 93' lang='lat' dir='ltr'><strong>re</strong></span> <span class='ocrx_word' id='word_1_241' title='bbox 374 2840 485 2920; x_wconf 79' lang='lat' dir='ltr'><strong>syllaba</strong></span> <span class='ocrx_word' id='word_1_242' title='bbox 501 2842 614 2903; x_wconf 89' lang='lat' dir='ltr'><strong>adiecta</strong></span> <span class='ocrx_word' id='word_1_243' title='bbox 630 2843 662 2902; x_wconf 85' lang='lat' dir='ltr'><strong>fit</strong></span> <span class='ocrx_word' id='word_1_244' title='bbox 683 2843 789 2904; x_wconf 90' lang='lat' dir='ltr'><strong>modus</strong></span> <span class='ocrx_word' id='word_1_245' title='bbox 812 2850 973 2922; x_wconf 87' lang='lat' dir='ltr'><strong>perpetuus</strong></span> <span class='ocrx_word' id='word_1_246' title='bbox 994 2873 1013 2907; x_wconf 62' lang='lat' dir='ltr'><strong>a</strong></span> <span class='ocrx_word' id='word_1_247' title='bbox 1036 2839 1092 2926; x_wconf 74' lang='lat' dir='ltr'><strong>lut</strong></span> <span class='ocrx_word' id='word_1_248' title='bbox 1107 2844 1207 2904; x_wconf 90' lang='lat' dir='ltr'><strong>dicere</strong></span> <span class='ocrx_word' id='word_1_249' title='bbox 1229 2843 1339 2904; x_wconf 85' lang='lat' dir='ltr'><strong>ducere</strong></span> <span class='ocrx_word' id='word_1_250' title='bbox 1361 2843 1471 2911; x_wconf 85' lang='lat' dir='ltr'><strong>lacere,</strong></span> <span class='ocrx_word' id='word_1_251' title='bbox 1496 2845 1612 2916; x_wconf 88' lang='lat' dir='ltr'><strong>excepto</strong></span> 
     </span>
     <span class='ocr_line' id='line_1_26' title="bbox 327 2941 1612 3023; baseline -0.005 -21"><span class='ocrx_word' id='word_1_252' title='bbox 327 2963 400 3011; x_wconf 89' lang='lat' dir='ltr'><strong>uno,</strong></span> <span class='ocrx_word' id='word_1_253' title='bbox 431 2942 509 3020; x_wconf 90' lang='lat' dir='ltr'><strong>quod</strong></span> <span class='ocrx_word' id='word_1_254' title='bbox 538 2944 626 3004; x_wconf 92' lang='lat' dir='ltr'><strong>modo</strong></span> <span class='ocrx_word' id='word_1_255' title='bbox 653 2946 769 3005; x_wconf 90' lang='lat' dir='ltr'><strong>intinito</strong></span> <span class='ocrx_word' id='word_1_256' title='bbox 797 2945 862 3004; x_wconf 90' lang='lat' dir='ltr'><strong>sine</strong></span> <span class='ocrx_word' id='word_1_257' title='bbox 891 2963 925 3005; x_wconf 90' lang='lat' dir='ltr'><strong>re</strong></span> <span class='ocrx_word' id='word_1_258' title='bbox 953 2943 1070 3023; x_wconf 81' lang='lat' dir='ltr'><strong>syllaba</strong></span> <span class='ocrx_word' id='word_1_259' title='bbox 1087 2947 1278 3015; x_wconf 87' lang='lat' dir='ltr'><strong>terminatur,</strong></span> <span class='ocrx_word' id='word_1_260' title='bbox 1302 2951 1336 3004; x_wconf 89' lang='lat' dir='ltr'><strong>ut</strong></span> <span class='ocrx_word' id='word_1_261' title='bbox 1357 2943 1422 3005; x_wconf 93' lang='lat' dir='ltr'><strong>volo</strong></span> <span class='ocrx_word' id='word_1_262' title='bbox 1446 2941 1535 3011; x_wconf 90' lang='lat' dir='ltr'><strong>velle,</strong></span> <span class='ocrx_word' id='word_1_263' title='bbox 1559 2957 1612 2998; x_wconf 91' lang='lat' dir='ltr'><strong>non</strong></span> 
     </span>
     <span class='ocr_line' id='line_1_27' title="bbox 325 3043 865 3116; baseline 0.004 -12"><span class='ocrx_word' id='word_1_264' title='bbox 325 3043 448 3114; x_wconf 91' lang='lat' dir='ltr'><strong>vellere,</strong></span> <span class='ocrx_word' id='word_1_265' title='bbox 473 3051 502 3104; x_wconf 89' lang='lat' dir='ltr'><strong>ct</strong></span> <span class='ocrx_word' id='word_1_266' title='bbox 523 3063 583 3106; x_wconf 93' lang='lat' dir='ltr'><strong>uno</strong></span> <span class='ocrx_word' id='word_1_267' title='bbox 606 3045 766 3116; x_wconf 81' lang='lat' dir='ltr'><strong>defectivo,</strong></span> <span class='ocrx_word' id='word_1_268' title='bbox 791 3065 865 3106; x_wconf 89' lang='lat' dir='ltr'><strong>csse.</strong></span> 
     </span>
    </p>

    <p class='ocr_par' dir='ltr' id='par_1_5' title="bbox 280 3145 1641 3734">
     <span class='ocr_line' id='line_1_28' title="bbox 280 3145 1611 3228; baseline -0.005 -19"><span class='ocrx_word' id='word_1_269' title='bbox 280 3161 311 3209; x_wconf 88' lang='lat'><strong>31</strong></span> <span class='ocrx_word' id='word_1_270' title='bbox 410 3145 559 3218; x_wconf 83' lang='lat' dir='ltr'><strong>Quando</strong></span> <span class='ocrx_word' id='word_1_271' title='bbox 582 3149 711 3208; x_wconf 91' lang='lat' dir='ltr'><strong>tertia:</strong></span> <span class='ocrx_word' id='word_1_272' title='bbox 744 3151 832 3209; x_wconf 89' lang='lat' dir='ltr'><strong>tertia</strong></span> <span class='ocrx_word' id='word_1_273' title='bbox 857 3149 1023 3226; x_wconf 91' lang='lat' dir='ltr'><strong>coniugatio</strong></span> <span class='ocrx_word' id='word_1_274' title='bbox 1045 3147 1188 3227; x_wconf 86' lang='lat' dir='ltr'><strong>producta</strong></span> <span class='ocrx_word' id='word_1_275' title='bbox 1211 3147 1369 3228; x_wconf 89' lang='lat' dir='ltr'><strong>aliquando</strong></span> <span class='ocrx_word' id='word_1_276' title='bbox 1391 3149 1421 3208; x_wconf 95' lang='lat' dir='ltr'><strong>in</strong></span> <span class='ocrx_word' id='word_1_277' title='bbox 1444 3148 1484 3208; x_wconf 90' lang='lat' dir='ltr'><strong>bo</strong></span> <span class='ocrx_word' id='word_1_278' title='bbox 1506 3152 1611 3206; x_wconf 90' lang='lat' dir='ltr'><strong>tantum</strong></span> 
     </span>
     <span class='ocr_line' id='line_1_29' title="bbox 327 3244 1612 3328; baseline -0.005 -20"><span class='ocrx_word' id='word_1_279' title='bbox 327 3250 428 3318; x_wconf 91' lang='lat' dir='ltr'><strong>mittit,</strong></span> <span class='ocrx_word' id='word_1_280' title='bbox 453 3247 609 3328; x_wconf 89' lang='lat' dir='ltr'><strong>aliquando</strong></span> <span class='ocrx_word' id='word_1_281' title='bbox 633 3257 662 3310; x_wconf 90' lang='lat' dir='ltr'><strong>et</strong></span> <span class='ocrx_word' id='word_1_282' title='bbox 682 3251 713 3309; x_wconf 95' lang='lat' dir='ltr'><strong>in</strong></span> <span class='ocrx_word' id='word_1_283' title='bbox 738 3270 784 3311; x_wconf 89' lang='lat' dir='ltr'><strong>am</strong></span> <span class='ocrx_word' id='word_1_284' title='bbox 808 3257 836 3312; x_wconf 88' lang='lat' dir='ltr'><strong>ct</strong></span> <span class='ocrx_word' id='word_1_285' title='bbox 858 3252 889 3311; x_wconf 91' lang='lat' dir='ltr'><strong>in</strong></span> <span class='ocrx_word' id='word_1_286' title='bbox 911 3249 965 3310; x_wconf 89' lang='lat' dir='ltr'><strong>bo:</strong></span> <span class='ocrx_word' id='word_1_287' title='bbox 988 3256 1058 3310; x_wconf 92' lang='lat' dir='ltr'><strong>tunc</strong></span> <span class='ocrx_word' id='word_1_288' title='bbox 1074 3251 1105 3310; x_wconf 92' lang='lat' dir='ltr'><strong>in</strong></span> <span class='ocrx_word' id='word_1_289' title='bbox 1120 3249 1159 3310; x_wconf 93' lang='lat' dir='ltr'><strong>bo</strong></span> <span class='ocrx_word' id='word_1_290' title='bbox 1181 3259 1307 3319; x_wconf 90' lang='lat' dir='ltr'><strong>tantum,</strong></span> <span class='ocrx_word' id='word_1_291' title='bbox 1331 3249 1448 3328; x_wconf 89' lang='lat' dir='ltr'><strong>quando</strong></span> <span class='ocrx_word' id='word_1_292' title='bbox 1472 3244 1612 3309; x_wconf 77' lang='lat' dir='ltr'><strong>indicativi</strong></span> 
     </span>
     <span class='ocr_line' id='line_1_30' title="bbox 327 3345 1611 3430; baseline -0.005 -21"><span class='ocrx_word' id='word_1_293' title='bbox 327 3350 406 3410; x_wconf 82' lang='lat' dir='ltr'><strong>moni</strong></span> <span class='ocrx_word' id='word_1_294' title='bbox 428 3351 523 3429; x_wconf 88' lang='lat' dir='ltr'><strong>prima</strong></span> <span class='ocrx_word' id='word_1_295' title='bbox 546 3369 673 3430; x_wconf 88' lang='lat' dir='ltr'><strong>persona</strong></span> <span class='ocrx_word' id='word_1_296' title='bbox 697 3372 712 3412; x_wconf 92' lang='lat' dir='ltr'><strong>e</strong></span> <span class='ocrx_word' id='word_1_297' title='bbox 735 3351 825 3412; x_wconf 89' lang='lat' dir='ltr'><strong>babet</strong></span> <span class='ocrx_word' id='word_1_298' title='bbox 848 3363 917 3412; x_wconf 88' lang='lat' dir='ltr'><strong>ante</strong></span> <span class='ocrx_word' id='word_1_299' title='bbox 939 3370 956 3411; x_wconf 91' lang='lat' dir='ltr'><strong>n</strong></span> <span class='ocrx_word' id='word_1_300' title='bbox 979 3351 1111 3413; x_wconf 90' lang='lat' dir='ltr'><strong>ultimam</strong></span> <span class='ocrx_word' id='word_1_301' title='bbox 1135 3349 1286 3430; x_wconf 88' lang='lat' dir='ltr'><strong>syllabam,</strong></span> <span class='ocrx_word' id='word_1_302' title='bbox 1309 3365 1343 3412; x_wconf 91' lang='lat' dir='ltr'><strong>ut</strong></span> <span class='ocrx_word' id='word_1_303' title='bbox 1357 3369 1431 3410; x_wconf 85' lang='lat' dir='ltr'><strong>exeo</strong></span> <span class='ocrx_word' id='word_1_304' title='bbox 1446 3351 1518 3412; x_wconf 85' lang='lat' dir='ltr'><strong>iacit</strong></span> <span class='ocrx_word' id='word_1_305' title='bbox 1532 3345 1611 3408; x_wconf 82' lang='lat' dir='ltr'><strong>eribo</strong></span> 
     </span>
     <span class='ocr_line' id='line_1_31' title="bbox 326 3447 1613 3533; baseline -0.005 -21"><span class='ocrx_word' id='word_1_306' title='bbox 326 3459 454 3522; x_wconf 91' lang='lat' dir='ltr'><strong>tantum;</strong></span> <span class='ocrx_word' id='word_1_307' title='bbox 484 3459 554 3512; x_wconf 93' lang='lat' dir='ltr'><strong>tunc</strong></span> <span class='ocrx_word' id='word_1_308' title='bbox 578 3460 606 3514; x_wconf 90' lang='lat' dir='ltr'><strong>ct</strong></span> <span class='ocrx_word' id='word_1_309' title='bbox 627 3456 659 3513; x_wconf 91' lang='lat' dir='ltr'><strong>in</strong></span> <span class='ocrx_word' id='word_1_310' title='bbox 682 3473 729 3516; x_wconf 91' lang='lat' dir='ltr'><strong>am</strong></span> <span class='ocrx_word' id='word_1_311' title='bbox 752 3457 833 3514; x_wconf 91' lang='lat' dir='ltr'><strong>etin</strong></span> <span class='ocrx_word' id='word_1_312' title='bbox 857 3454 911 3524; x_wconf 88' lang='lat' dir='ltr'><strong>bo,</strong></span> <span class='ocrx_word' id='word_1_313' title='bbox 942 3453 1059 3533; x_wconf 90' lang='lat' dir='ltr'><strong>quando</strong></span> <span class='ocrx_word' id='word_1_314' title='bbox 1081 3456 1112 3513; x_wconf 91' lang='lat' dir='ltr'><strong>in</strong></span> <span class='ocrx_word' id='word_1_315' title='bbox 1135 3471 1225 3532; x_wconf 90' lang='lat' dir='ltr'><strong>supra</strong></span> <span class='ocrx_word' id='word_1_316' title='bbox 1248 3452 1325 3512; x_wconf 90' lang='lat' dir='ltr'><strong>dicta</strong></span> <span class='ocrx_word' id='word_1_317' title='bbox 1348 3471 1477 3532; x_wconf 90' lang='lat' dir='ltr'><strong>persona</strong></span> <span class='ocrx_word' id='word_1_318' title='bbox 1499 3453 1509 3511; x_wconf 93' lang='lat' dir='ltr'><strong>i</strong></span> <span class='ocrx_word' id='word_1_319' title='bbox 1531 3447 1613 3509; x_wconf 90' lang='lat' dir='ltr'><strong>babet</strong></span> 
     </span>
     <span class='ocr_line' id='line_1_32' title="bbox 324 3553 1641 3625; baseline -0.002 -11"><span class='ocrx_word' id='word_1_320' title='bbox 324 3561 393 3614; x_wconf 89' lang='lat' dir='ltr'><strong>ante</strong></span> <span class='ocrx_word' id='word_1_321' title='bbox 422 3553 553 3615; x_wconf 89' lang='lat' dir='ltr'><strong>ultimam</strong></span> <span class='ocrx_word' id='word_1_322' title='bbox 584 3575 616 3625; x_wconf 88' lang='lat' dir='ltr'><strong>o,</strong></span> <span class='ocrx_word' id='word_1_323' title='bbox 646 3563 679 3617; x_wconf 87' lang='lat' dir='ltr'><strong>ut</strong></span> <span class='ocrx_word' id='word_1_324' title='bbox 707 3558 822 3617; x_wconf 89' lang='lat' dir='ltr'><strong>nutrio:</strong></span> <span class='ocrx_word' id='word_1_325' title='bbox 854 3556 923 3616; x_wconf 90' lang='lat' dir='ltr'><strong>lacit</strong></span> <span class='ocrx_word' id='word_1_326' title='bbox 951 3558 1030 3617; x_wconf 88' lang='lat' dir='ltr'><strong>enirn</strong></span> <span class='ocrx_word' id='word_1_327' title='bbox 1059 3563 1089 3617; x_wconf 90' lang='lat' dir='ltr'><strong>et</strong></span> <span class='ocrx_word' id='word_1_328' title='bbox 1115 3557 1243 3616; x_wconf 91' lang='lat' dir='ltr'><strong>nutriam</strong></span> <span class='ocrx_word' id='word_1_329' title='bbox 1272 3564 1301 3615; x_wconf 86' lang='lat' dir='ltr'><strong>et</strong></span> <span class='ocrx_word' id='word_1_330' title='bbox 1323 3553 1453 3616; x_wconf 88' lang='lat' dir='ltr'><strong>nutribo.</strong></span> <span class='ocrx_word' id='word_1_331' title='bbox 1499 3571 1565 3614; x_wconf 90' lang='lat' dir='ltr'><strong>nam</strong></span> <span class='ocrx_word' id='word_1_332' title='bbox 1587 3556 1641 3609; x_wconf 77' lang='lat' dir='ltr'><strong>eto</strong></span> 
     </span>
     <span class='ocr_line' id='line_1_33' title="bbox 326 3655 564 3734; baseline 0.021 -22"><span class='ocrx_word' id='word_1_333' title='bbox 326 3655 469 3734; x_wconf 85' lang='lat' dir='ltr'><strong>Vergilius</strong></span> <span class='ocrx_word' id='word_1_334' title='bbox 491 3656 564 3717; x_wconf 86' lang='lat' dir='ltr'><strong>dixit</strong></span> 
     </span>
    </p>

    <p class='ocr_par' dir='ltr' id='par_1_6' title="bbox 117 3758 1640 4451">
     <span class='ocr_line' id='line_1_34' title="bbox 373 3758 1555 3828; baseline -0.001 -10"><span class='ocrx_word' id='word_1_335' title='bbox 373 3787 374 3792; x_wconf 15' lang='grc' dir='ltr'><strong>κ</strong></span> <span class='ocrx_word' id='word_1_336' title='bbox 478 3758 641 3828; x_wconf 88' lang='lat' dir='ltr'><strong>audiam,</strong></span> <span class='ocrx_word' id='word_1_337' title='bbox 666 3766 700 3820; x_wconf 91' lang='lat' dir='ltr'><strong>et</strong></span> <span class='ocrx_word' id='word_1_338' title='bbox 722 3760 813 3820; x_wconf 87' lang='lat' dir='ltr'><strong>haec</strong></span> <span class='ocrx_word' id='word_1_339' title='bbox 834 3778 963 3821; x_wconf 91' lang='lat' dir='ltr'><strong>manes</strong></span> <span class='ocrx_word' id='word_1_340' title='bbox 985 3762 1112 3821; x_wconf 89' lang='lat' dir='ltr'><strong>veniet</strong></span> <span class='ocrx_word' id='word_1_341' title='bbox 1133 3759 1220 3821; x_wconf 91' lang='lat' dir='ltr'><strong>mibi</strong></span> <span class='ocrx_word' id='word_1_342' title='bbox 1242 3759 1336 3821; x_wconf 89' lang='lat' dir='ltr'><strong>lama</strong></span> <span class='ocrx_word' id='word_1_343' title='bbox 1358 3758 1425 3820; x_wconf 90' lang='lat' dir='ltr'><strong>sub</strong></span> <span class='ocrx_word' id='word_1_344' title='bbox 1448 3761 1555 3826; x_wconf 89' lang='lat' dir='ltr'><strong>imos,</strong></span> 
     </span>
     <span class='ocr_line' id='line_1_35' title="bbox 326 3843 1612 3935; baseline -0.005 -15"><span class='ocrx_word' id='word_1_345' title='bbox 326 3867 354 3920; x_wconf 89' lang='lat' dir='ltr'><strong>et</strong></span> <span class='ocrx_word' id='word_1_346' title='bbox 377 3860 536 3935; x_wconf 83' lang='lat' dir='ltr'><strong>Terentius</strong></span> <span class='ocrx_word' id='word_1_347' title='bbox 560 3861 632 3921; x_wconf 83' lang='lat' dir='ltr'><strong>dixit</strong></span> <span class='ocrx_word' id='word_1_348' title='bbox 655 3864 805 3922; x_wconf 74' lang='lat' dir='ltr'><strong>‘matris</strong></span> <span class='ocrx_word' id='word_1_349' title='bbox 828 3843 979 3922; x_wconf 83' lang='lat' dir='ltr'><strong>servibo</strong></span> <span class='ocrx_word' id='word_1_350' title='bbox 1002 3862 1228 3923; x_wconf 90' lang='lat' dir='ltr'><strong>commodis’.</strong></span> <span class='ocrx_word' id='word_1_351' title='bbox 1272 3862 1322 3923; x_wconf 91' lang='lat' dir='ltr'><strong>ilie</strong></span> <span class='ocrx_word' id='word_1_352' title='bbox 1345 3863 1375 3922; x_wconf 92' lang='lat' dir='ltr'><strong>in</strong></span> <span class='ocrx_word' id='word_1_353' title='bbox 1397 3879 1444 3922; x_wconf 90' lang='lat' dir='ltr'><strong>am</strong></span> <span class='ocrx_word' id='word_1_354' title='bbox 1468 3870 1498 3922; x_wconf 92' lang='lat' dir='ltr'><strong>et</strong></span> <span class='ocrx_word' id='word_1_355' title='bbox 1518 3860 1565 3919; x_wconf 89' lang='lat' dir='ltr'><strong>hic</strong></span> <span class='ocrx_word' id='word_1_356' title='bbox 1586 3859 1612 3915; x_wconf 93' lang='lat' dir='ltr'><strong>in</strong></span> 
     </span>
     <span class='ocr_line' id='line_1_36' title="bbox 279 3963 1611 4050; baseline -0.008 -22"><span class='ocrx_word' id='word_1_357' title='bbox 279 3979 312 4028; x_wconf 82' lang='lat'><strong>33</strong></span> <span class='ocrx_word' id='word_1_358' title='bbox 326 3964 363 4023; x_wconf 93' lang='lat' dir='ltr'><strong>bo</strong></span> <span class='ocrx_word' id='word_1_359' title='bbox 386 3965 480 4032; x_wconf 89' lang='lat' dir='ltr'><strong>misit,</strong></span> <span class='ocrx_word' id='word_1_360' title='bbox 503 3963 582 4024; x_wconf 87' lang='lat' dir='ltr'><strong>unde</strong></span> <span class='ocrx_word' id='word_1_361' title='bbox 606 3972 728 4041; x_wconf 87' lang='lat' dir='ltr'><strong>apparet</strong></span> <span class='ocrx_word' id='word_1_362' title='bbox 750 3973 907 4050; x_wconf 78' lang='lat' dir='ltr'><strong>utramque</strong></span> <span class='ocrx_word' id='word_1_363' title='bbox 930 3983 996 4024; x_wconf 92' lang='lat' dir='ltr'><strong>esse</strong></span> <span class='ocrx_word' id='word_1_364' title='bbox 1018 3964 1161 4042; x_wconf 88' lang='lat' dir='ltr'><strong>regulam.</strong></span> <span class='ocrx_word' id='word_1_365' title='bbox 1185 3999 1227 4009; x_wconf 84' lang='lat'><em>-</em></span> <span class='ocrx_word' id='word_1_366' title='bbox 1250 3965 1395 4024; x_wconf 86' lang='lat' dir='ltr'><strong>Genera</strong></span> <span class='ocrx_word' id='word_1_367' title='bbox 1418 3964 1611 4025; x_wconf 88' lang='lat' dir='ltr'><strong>verborum</strong></span> 
     </span>
     <span class='ocr_line' id='line_1_37' title="bbox 117 4065 1640 4148; baseline -0.005 -21"><span class='ocrx_word' id='word_1_368' title='bbox 117 4099 120 4106; x_wconf 78' lang='lat'><em>,</em></span> <span class='ocrx_word' id='word_1_369' title='bbox 225 4141 228 4148; x_wconf 91' lang='lat'><strong>.</strong></span> <span class='ocrx_word' id='word_1_370' title='bbox 325 4085 416 4145; x_wconf 89' lang='lat' dir='ltr'><strong>quae</strong></span> <span class='ocrx_word' id='word_1_371' title='bbox 446 4075 480 4126; x_wconf 91' lang='lat' dir='ltr'><strong>et</strong></span> <span class='ocrx_word' id='word_1_372' title='bbox 508 4065 835 4142; x_wconf 79' lang='lat' dir='ltr'><strong>significationes:</strong></span> <span class='ocrx_word' id='word_1_373' title='bbox 866 4067 958 4127; x_wconf 89' lang='lat' dir='ltr'><strong>activa</strong></span> <span class='ocrx_word' id='word_1_374' title='bbox 986 4073 1056 4126; x_wconf 88' lang='lat' dir='ltr'><strong>sunt</strong></span> <span class='ocrx_word' id='word_1_375' title='bbox 1083 4084 1158 4144; x_wconf 89' lang='lat' dir='ltr'><strong>quae</strong></span> <span class='ocrx_word' id='word_1_376' title='bbox 1185 4085 1217 4124; x_wconf 90' lang='lat' dir='ltr'><strong>se</strong></span> <span class='ocrx_word' id='word_1_377' title='bbox 1244 4065 1354 4145; x_wconf 89' lang='lat' dir='ltr'><strong>aliquid</strong></span> <span class='ocrx_word' id='word_1_378' title='bbox 1382 4084 1472 4144; x_wconf 91' lang='lat' dir='ltr'><strong>agere</strong></span> <span class='ocrx_word' id='word_1_379' title='bbox 1495 4066 1640 4125; x_wconf 73' lang='lat' dir='ltr'><strong>demon-s</strong></span> 
     </span>
     <span class='ocr_line' id='line_1_38' title="bbox 325 4165 1609 4247; baseline -0.005 -19"><span class='ocrx_word' id='word_1_380' title='bbox 325 4174 427 4239; x_wconf 89' lang='lat' dir='ltr'><strong>strant,</strong></span> <span class='ocrx_word' id='word_1_381' title='bbox 452 4169 565 4247; x_wconf 89' lang='lat' dir='ltr'><strong>passiva</strong></span> <span class='ocrx_word' id='word_1_382' title='bbox 588 4185 662 4246; x_wconf 89' lang='lat' dir='ltr'><strong>quaa</strong></span> <span class='ocrx_word' id='word_1_383' title='bbox 685 4169 760 4247; x_wconf 92' lang='lat' dir='ltr'><strong>pati,</strong></span> <span class='ocrx_word' id='word_1_384' title='bbox 784 4175 889 4228; x_wconf 90' lang='lat' dir='ltr'><strong>neutra</strong></span> <span class='ocrx_word' id='word_1_385' title='bbox 906 4186 981 4246; x_wconf 92' lang='lat' dir='ltr'><strong>quae</strong></span> <span class='ocrx_word' id='word_1_386' title='bbox 997 4165 1069 4226; x_wconf 90' lang='lat' dir='ltr'><strong>nibil</strong></span> <span class='ocrx_word' id='word_1_387' title='bbox 1092 4167 1214 4228; x_wconf 90' lang='lat' dir='ltr'><strong>horum:</strong></span> <span class='ocrx_word' id='word_1_388' title='bbox 1240 4168 1417 4247; x_wconf 87' lang='lat' dir='ltr'><strong>deponentia</strong></span> <span class='ocrx_word' id='word_1_389' title='bbox 1439 4185 1495 4247; x_wconf 90' lang='lat' dir='ltr'><strong>per</strong></span> <span class='ocrx_word' id='word_1_390' title='bbox 1517 4172 1609 4226; x_wconf 88' lang='lat' dir='ltr'><strong>catan-</strong></span> 
     </span>
     <span class='ocr_line' id='line_1_39' title="bbox 324 4267 1608 4351; baseline -0.002 -20"><span class='ocrx_word' id='word_1_391' title='bbox 324 4272 455 4341; x_wconf 88' lang='lat' dir='ltr'><strong>tilrasin,</strong></span> <span class='ocrx_word' id='word_1_392' title='bbox 483 4267 487 4351; x_wconf 74' lang='lat' dir='ltr'><strong>l</strong></span> <span class='ocrx_word' id='word_1_393' title='bbox 513 4269 570 4330; x_wconf 90' lang='lat' dir='ltr'><strong>boc</strong></span> <span class='ocrx_word' id='word_1_394' title='bbox 599 4277 643 4330; x_wconf 91' lang='lat' dir='ltr'><strong>est</strong></span> <span class='ocrx_word' id='word_1_395' title='bbox 669 4289 723 4349; x_wconf 87' lang='lat' dir='ltr'><strong>per</strong></span> <span class='ocrx_word' id='word_1_396' title='bbox 751 4271 1005 4339; x_wconf 88' lang='lat' dir='ltr'><strong>contrarietatem,</strong></span> <span class='ocrx_word' id='word_1_397' title='bbox 1037 4272 1114 4330; x_wconf 90' lang='lat' dir='ltr'><strong>sicut</strong></span> <span class='ocrx_word' id='word_1_398' title='bbox 1135 4269 1258 4340; x_wconf 89' lang='lat' dir='ltr'><strong>Parcae,</strong></span> <span class='ocrx_word' id='word_1_399' title='bbox 1283 4269 1360 4349; x_wconf 87' lang='lat' dir='ltr'><strong>quod</strong></span> <span class='ocrx_word' id='word_1_400' title='bbox 1384 4269 1455 4330; x_wconf 92' lang='lat' dir='ltr'><strong>nulli</strong></span> <span class='ocrx_word' id='word_1_401' title='bbox 1477 4271 1608 4349; x_wconf 84' lang='lat' dir='ltr'><strong>parcant;</strong></span> 
     </span>
     <span class='ocr_line' id='line_1_40' title="bbox 325 4370 1608 4451; baseline -0.003 -21"><span class='ocrx_word' id='word_1_402' title='bbox 325 4379 376 4431; x_wconf 89' lang='lat' dir='ltr'><strong>aut</strong></span> <span class='ocrx_word' id='word_1_403' title='bbox 398 4379 478 4432; x_wconf 91' lang='lat' dir='ltr'><strong>certe</strong></span> <span class='ocrx_word' id='word_1_404' title='bbox 500 4372 568 4433; x_wconf 90' lang='lat' dir='ltr'><strong>ideo</strong></span> <span class='ocrx_word' id='word_1_405' title='bbox 591 4370 702 4432; x_wconf 90' lang='lat' dir='ltr'><strong>dictum</strong></span> <span class='ocrx_word' id='word_1_406' title='bbox 725 4378 769 4431; x_wconf 89' lang='lat' dir='ltr'><strong>est</strong></span> <span class='ocrx_word' id='word_1_407' title='bbox 791 4371 952 4450; x_wconf 89' lang='lat' dir='ltr'><strong>deponens,</strong></span> <span class='ocrx_word' id='word_1_408' title='bbox 976 4370 1055 4450; x_wconf 90' lang='lat' dir='ltr'><strong>quod</strong></span> <span class='ocrx_word' id='word_1_409' title='bbox 1071 4371 1199 4451; x_wconf 89' lang='lat' dir='ltr'><strong>deponat</strong></span> <span class='ocrx_word' id='word_1_410' title='bbox 1216 4374 1461 4451; x_wconf 83' lang='lat' dir='ltr'><strong>significationem</strong></span> <span class='ocrx_word' id='word_1_411' title='bbox 1476 4371 1608 4432; x_wconf 85' lang='lat' dir='ltr'><strong>activam:</strong></span> 
     </span>
    </p>
   </div>
   <div class='ocr_carea' id='block_1_3' title="bbox 324 4534 1610 4821">
    <p class='ocr_par' dir='ltr' id='par_1_7' title="bbox 324 4534 1610 4749">
     <span class='ocr_line' id='line_1_41' title="bbox 395 4534 1608 4610; baseline -0.007 -15"><span class='ocrx_word' id='word_1_412' title='bbox 395 4545 454 4595; x_wconf 82' lang='lat' dir='ltr'><strong>Ood.</strong></span> <span class='ocrx_word' id='word_1_413' title='bbox 474 4544 552 4596; x_wconf 81' lang='lat' dir='ltr'><strong>Bam.</strong></span> <span class='ocrx_word' id='word_1_414' title='bbox 570 4547 593 4594; x_wconf 91' lang='lat' dir='ltr'><strong>ll</strong></span> <span class='ocrx_word' id='word_1_415' title='bbox 612 4539 727 4594; x_wconf 77' lang='lat' dir='ltr'><strong>7*-lll</strong></span> <span class='ocrx_word' id='word_1_416' title='bbox 740 4544 764 4594; x_wconf 92' lang='lat'><strong>1.</strong></span> <span class='ocrx_word' id='word_1_417' title='bbox 818 4542 879 4594; x_wconf 79' lang='lat' dir='ltr'><strong>ain</strong></span> <span class='ocrx_word' id='word_1_418' title='bbox 895 4557 938 4592; x_wconf 90' lang='lat' dir='ltr'><strong>sco</strong></span> <span class='ocrx_word' id='word_1_419' title='bbox 954 4541 1051 4608; x_wconf 77' lang='lat' dir='ltr'><strong>syllaba</strong></span> <span class='ocrx_word' id='word_1_420' title='bbox 1100 4543 1242 4608; x_wconf 73' lang='lat' dir='ltr'><strong>ltempori</strong></span> <span class='ocrx_word' id='word_1_421' title='bbox 1293 4544 1484 4610; x_wconf 83' lang='lat' dir='ltr'><strong>&#39;lcompescuit</strong></span> <span class='ocrx_word' id='word_1_422' title='bbox 1499 4540 1538 4606; x_wconf 86' lang='lat' dir='ltr'><strong>(id</strong></span> <span class='ocrx_word' id='word_1_423' title='bbox 1551 4534 1608 4586; x_wconf 82' lang='lat' dir='ltr'><strong>add.</strong></span> 
     </span>
     <span class='ocr_line' id='line_1_42' title="bbox 324 4604 1610 4679; baseline -0.002 -17"><span class='ocrx_word' id='word_1_424' title='bbox 324 4615 358 4668; x_wconf 86' lang='lat' dir='ltr'><strong>al.</strong></span> <span class='ocrx_word' id='word_1_425' title='bbox 379 4616 457 4676; x_wconf 82' lang='lat' dir='ltr'><strong>man.)</strong></span> <span class='ocrx_word' id='word_1_426' title='bbox 477 4615 543 4665; x_wconf 87' lang='lat' dir='ltr'><strong>circo</strong></span> <span class='ocrx_word' id='word_1_427' title='bbox 595 4612 792 4676; x_wconf 79' lang='lat' dir='ltr'><strong>ssirequentiua</strong></span> <span class='ocrx_word' id='word_1_428' title='bbox 809 4624 882 4663; x_wconf 88' lang='lat' dir='ltr'><strong>cnuto</strong></span> <span class='ocrx_word' id='word_1_429' title='bbox 901 4615 1011 4663; x_wconf 86' lang='lat' dir='ltr'><strong>canticas</strong></span> <span class='ocrx_word' id='word_1_430' title='bbox 1028 4613 1110 4678; x_wconf 82' lang='lat' dir='ltr'><strong>(corr.</strong></span> <span class='ocrx_word' id='word_1_431' title='bbox 1129 4614 1306 4679; x_wconf 78' lang='lat' dir='ltr'><strong>·tas)pcimae</strong></span> <span class='ocrx_word' id='word_1_432' title='bbox 1354 4615 1387 4665; x_wconf 81' lang='grc'><strong>15</strong></span> <span class='ocrx_word' id='word_1_433' title='bbox 1402 4614 1478 4663; x_wconf 86' lang='lat' dir='ltr'><strong>habet</strong></span> <span class='ocrx_word' id='word_1_434' title='bbox 1532 4608 1563 4660; x_wconf 80' lang='lat'><strong>17</strong></span> <span class='ocrx_word' id='word_1_435' title='bbox 1581 4604 1610 4653; x_wconf 67' lang='lat' dir='ltr'><strong>de</strong></span> 
     </span>
     <span class='ocr_line' id='line_1_43' title="bbox 324 4675 1608 4749; baseline -0.006 -16"><span class='ocrx_word' id='word_1_436' title='bbox 324 4685 518 4748; x_wconf 85' lang='lat' dir='ltr'><strong>penesnltimam</strong></span> <span class='ocrx_word' id='word_1_437' title='bbox 535 4685 659 4749; x_wconf 84' lang='lat' dir='ltr'><strong>syllabam</strong></span> <span class='ocrx_word' id='word_1_438' title='bbox 713 4685 746 4735; x_wconf 85' lang='lat'><strong>23</strong></span> <span class='ocrx_word' id='word_1_439' title='bbox 764 4685 845 4733; x_wconf 79' lang='lat' dir='ltr'><strong>eiecta</strong></span> <span class='ocrx_word' id='word_1_440' title='bbox 897 4682 1050 4734; x_wconf 76' lang='lat' dir='ltr'><strong>24imllnito</strong></span> <span class='ocrx_word' id='word_1_441' title='bbox 1102 4684 1136 4734; x_wconf 83' lang='grc'><strong>28</strong></span> <span class='ocrx_word' id='word_1_442' title='bbox 1154 4680 1178 4749; x_wconf 90' lang='lat' dir='ltr'><strong>e]</strong></span> <span class='ocrx_word' id='word_1_443' title='bbox 1197 4693 1221 4733; x_wconf 87' lang='lat' dir='ltr'><strong>at</strong></span> <span class='ocrx_word' id='word_1_444' title='bbox 1274 4684 1307 4735; x_wconf 76' lang='lat'><strong>29</strong></span> <span class='ocrx_word' id='word_1_445' title='bbox 1326 4692 1386 4734; x_wconf 88' lang='lat' dir='ltr'><strong>tnnc</strong></span> <span class='ocrx_word' id='word_1_446' title='bbox 1403 4685 1479 4734; x_wconf 92' lang='lat' dir='ltr'><strong>etiam</strong></span> <span class='ocrx_word' id='word_1_447' title='bbox 1496 4689 1520 4731; x_wconf 87' lang='lat' dir='ltr'><strong>et</strong></span> <span class='ocrx_word' id='word_1_448' title='bbox 1538 4681 1561 4727; x_wconf 90' lang='lat' dir='ltr'><strong>in</strong></span> <span class='ocrx_word' id='word_1_449' title='bbox 1580 4675 1608 4721; x_wconf 79' lang='lat' dir='ltr'><strong>bo</strong></span> 
     </span>
    </p>

    <p class='ocr_par' dir='ltr' id='par_1_8' title="bbox 394 4751 1609 4821">
     <span class='ocr_line' id='line_1_44' title="bbox 394 4751 1609 4821; baseline -0.008 -15"><span class='ocrx_word' id='word_1_450' title='bbox 394 4755 428 4806; x_wconf 83' lang='lat'><strong>33</strong></span> <span class='ocrx_word' id='word_1_451' title='bbox 441 4755 580 4806; x_wconf 89' lang='lat' dir='ltr'><strong>commodis</strong></span> <span class='ocrx_word' id='word_1_452' title='bbox 592 4770 659 4808; x_wconf 86' lang='lat' dir='ltr'><strong>corr.</strong></span> <span class='ocrx_word' id='word_1_453' title='bbox 677 4755 810 4818; x_wconf 89' lang='lat' dir='ltr'><strong>quomodis</strong></span> <span class='ocrx_word' id='word_1_454' title='bbox 860 4755 893 4806; x_wconf 76' lang='lat'><strong>35</strong></span> <span class='ocrx_word' id='word_1_455' title='bbox 905 4755 994 4818; x_wconf 88' lang='lat' dir='ltr'><strong>aliquit</strong></span> <span class='ocrx_word' id='word_1_456' title='bbox 1046 4752 1239 4805; x_wconf 82' lang='lat' dir='ltr'><strong>36niliilorum</strong></span> <span class='ocrx_word' id='word_1_457' title='bbox 1292 4753 1325 4804; x_wconf 85' lang='lat'><strong>38</strong></span> <span class='ocrx_word' id='word_1_458' title='bbox 1340 4751 1480 4821; x_wconf 86' lang='lat' dir='ltr'><strong>deponens]</strong></span> <span class='ocrx_word' id='word_1_459' title='bbox 1501 4751 1609 4813; x_wconf 83' lang='lat' dir='ltr'><strong>depones</strong></span> 
     </span>
    </p>
   </div>
   <div class='ocr_carea' id='block_1_4' title="bbox 393 4907 1295 4976">
    <p class='ocr_par' dir='ltr' id='par_1_9' title="bbox 393 4907 1295 4976">
     <span class='ocr_line' id='line_1_45' title="bbox 393 4907 1295 4976; baseline -0.002 -14"><span class='ocrx_word' id='word_1_460' title='bbox 393 4909 425 4962; x_wconf 81' lang='lat'><strong>31</strong></span> <span class='ocrx_word' id='word_1_461' title='bbox 447 4907 586 4976; x_wconf 83' lang='lat' dir='ltr'><strong>Vergilius]</strong></span> <span class='ocrx_word' id='word_1_462' title='bbox 611 4911 674 4961; x_wconf 80' lang='lat' dir='ltr'><strong>Aen.</strong></span> <span class='ocrx_word' id='word_1_463' title='bbox 694 4907 807 4961; x_wconf 81' lang='lat'><strong>1111387</strong></span> <span class='ocrx_word' id='word_1_464' title='bbox 878 4909 913 4963; x_wconf 82' lang='grc'><strong>33</strong></span> <span class='ocrx_word' id='word_1_465' title='bbox 926 4907 1071 4976; x_wconf 84' lang='lat' dir='ltr'><strong>Terentius]</strong></span> <span class='ocrx_word' id='word_1_466' title='bbox 1090 4910 1155 4963; x_wconf 78' lang='lat' dir='ltr'><strong>Hac.</strong></span> <span class='ocrx_word' id='word_1_467' title='bbox 1176 4909 1208 4959; x_wconf 94' lang='lat' dir='ltr'><strong>lll</strong></span> <span class='ocrx_word' id='word_1_468' title='bbox 1223 4909 1247 4975; x_wconf 83' lang='lat'><strong>5,</strong></span> <span class='ocrx_word' id='word_1_469' title='bbox 1262 4910 1295 4960; x_wconf 76' lang='lat'><strong>45</strong></span> 
     </span>
    </p>
   </div>
   <div class='ocr_carea' id='block_1_5' title="bbox 0 0 1680 5442">
    <p class='ocr_par' dir='ltr' id='par_1_10' title="bbox 0 0 1680 5442">
     <span class='ocr_line' id='line_1_46' title="bbox 0 0 1680 5442; baseline 0 2"><span class='ocrx_word' id='word_1_470' title='bbox 0 0 1680 5442; x_wconf 95' lang='lat' dir='ltr'><strong> </strong></span> 
     </span>
    </p>
   </div>
  </div>
 </body>
</html>
