<?xml version="1.0" encoding="UTF-8"?>
<!DOCTYPE html PUBLIC "-//W3C//DTD XHTML 1.0 Transitional//EN"
    "http://www.w3.org/TR/xhtml1/DTD/xhtml1-transitional.dtd">
<html xmlns="http://www.w3.org/1999/xhtml" xml:lang="en" lang="en">
 <head>
  <title>
</title>
<meta http-equiv="Content-Type" content="text/html;charset=utf-8" />
  <meta name='ocr-system' content='tesseract 3.04.00' />
  <meta name='ocr-capabilities' content='ocr_page ocr_carea ocr_par ocr_line ocrx_word'/>
</head>
<body>
  <div class='ocr_page' id='page_1' title='image "./grammaticilatin02hagagoog_0392.png"; bbox 0 0 3350 5442; ppageno 0'>
   <div class='ocr_carea' id='block_1_1' title="bbox 712 256 1396 326">
    <p class='ocr_par' dir='ltr' id='par_1_1' title="bbox 712 256 1396 326">
     <span class='ocr_line' id='line_1_1' title="bbox 712 256 1396 326; baseline 0.006 -7"><span class='ocrx_word' id='word_1_1' title='bbox 712 256 783 319; x_wconf 78' lang='lat' dir='ltr'><strong>ens</strong></span> <span class='ocrx_word' id='word_1_2' title='bbox 1202 282 1206 300; x_wconf 49' lang='grc' dir='ltr'>ι</span> <span class='ocrx_word' id='word_1_3' title='bbox 1332 256 1396 326; x_wconf 82' lang='grc'><strong>383</strong></span> 
     </span>
    </p>
   </div>
   <div class='ocr_carea' id='block_1_2' title="bbox 96 369 1395 529">
    <p class='ocr_par' dir='ltr' id='par_1_2' title="bbox 96 369 1395 529">
     <span class='ocr_line' id='line_1_2' title="bbox 1197 369 1369 422; baseline 0.023 -13"><span class='ocrx_word' id='word_1_4' title='bbox 1197 380 1216 422; x_wconf 77' lang='lat' dir='ltr'><strong>p.</strong></span> <span class='ocrx_word' id='word_1_5' title='bbox 1231 370 1332 411; x_wconf 77' lang='lat' dir='ltr'><strong>rou-re</strong></span> <span class='ocrx_word' id='word_1_6' title='bbox 1345 369 1369 414; x_wconf 81' lang='lat' dir='ltr'><strong>r.</strong></span> 
     </span>
     <span class='ocr_line' id='line_1_3' title="bbox 96 446 1395 529; baseline 0.004 -22"><span class='ocrx_word' id='word_1_7' title='bbox 96 451 202 527; x_wconf 80' lang='lat' dir='ltr'><strong>ipsam</strong></span> <span class='ocrx_word' id='word_1_8' title='bbox 225 449 465 524; x_wconf 85' lang='lat' dir='ltr'><strong>coniugationern</strong></span> <span class='ocrx_word' id='word_1_9' title='bbox 487 448 518 507; x_wconf 92' lang='lat' dir='ltr'><strong>in</strong></span> <span class='ocrx_word' id='word_1_10' title='bbox 541 446 688 508; x_wconf 89' lang='lat' dir='ltr'><strong>secundae</strong></span> <span class='ocrx_word' id='word_1_11' title='bbox 710 466 854 526; x_wconf 80' lang='lat' dir='ltr'>personae</span> <span class='ocrx_word' id='word_1_12' title='bbox 878 446 987 508; x_wconf 91' lang='lat' dir='ltr'><strong>litteris</strong></span> <span class='ocrx_word' id='word_1_13' title='bbox 1003 450 1214 509; x_wconf 79' lang='lat' dir='ltr'><strong>consistentem</strong></span> <span class='ocrx_word' id='word_1_14' title='bbox 1230 468 1265 509; x_wconf 86' lang='lat' dir='ltr'><strong>ex</strong></span> <span class='ocrx_word' id='word_1_15' title='bbox 1280 452 1395 529; x_wconf 79' lang='lat' dir='ltr'><strong>primae</strong></span> 
     </span>
    </p>
   </div>
   <div class='ocr_carea' id='block_1_3' title="bbox 56 550 1396 3081">
    <p class='ocr_par' dir='ltr' id='par_1_3' title="bbox 56 550 1396 3081">
     <span class='ocr_line' id='line_1_4' title="bbox 97 550 1396 632; baseline 0.002 -21"><span class='ocrx_word' id='word_1_16' title='bbox 97 568 250 631; x_wconf 85' lang='lat' dir='ltr'><strong>personae</strong></span> <span class='ocrx_word' id='word_1_17' title='bbox 278 550 364 612; x_wconf 89' lang='lat' dir='ltr'><strong>modo</strong></span> <span class='ocrx_word' id='word_1_18' title='bbox 393 556 423 609; x_wconf 90' lang='lat' dir='ltr'><strong>et</strong></span> <span class='ocrx_word' id='word_1_19' title='bbox 450 551 564 610; x_wconf 90' lang='lat' dir='ltr'><strong>ratione</strong></span> <span class='ocrx_word' id='word_1_20' title='bbox 595 550 733 619; x_wconf 89' lang='lat' dir='ltr'><strong>lormari,</strong></span> <span class='ocrx_word' id='word_1_21' title='bbox 757 550 834 629; x_wconf 87' lang='lat' dir='ltr'><strong>qnod</strong></span> <span class='ocrx_word' id='word_1_22' title='bbox 858 568 946 629; x_wconf 91' lang='lat' dir='ltr'><strong>quam</strong></span> <span class='ocrx_word' id='word_1_23' title='bbox 969 550 1143 613; x_wconf 86' lang='lat' dir='ltr'><strong>brevissime</strong></span> <span class='ocrx_word' id='word_1_24' title='bbox 1165 558 1270 631; x_wconf 91' lang='lat' dir='ltr'><strong>potero</strong></span> <span class='ocrx_word' id='word_1_25' title='bbox 1293 555 1396 632; x_wconf 89' lang='lat' dir='ltr'><strong>paucis</strong></span> 
     </span>
     <span class='ocr_line' id='line_1_5' title="bbox 98 649 1395 735; baseline 0.001 -21"><span class='ocrx_word' id='word_1_26' title='bbox 98 653 269 714; x_wconf 89' lang='lat' dir='ltr'><strong>ostendam.</strong></span> <span class='ocrx_word' id='word_1_27' title='bbox 297 654 453 735; x_wconf 33' lang='lat' dir='ltr'><strong>‘quotiens</strong></span> <span class='ocrx_word' id='word_1_28' title='bbox 478 649 482 730; x_wconf 79' lang='grc'><strong>1</strong></span> <span class='ocrx_word' id='word_1_29' title='bbox 506 652 620 731; x_wconf 85' lang='lat' dir='ltr'><strong>primae</strong></span> <span class='ocrx_word' id='word_1_30' title='bbox 643 653 862 729; x_wconf 87' lang='lat' dir='ltr'><strong>coniugationis</strong></span> <span class='ocrx_word' id='word_1_31' title='bbox 884 652 1015 712; x_wconf 91' lang='lat' dir='ltr'><strong>litteram</strong></span> <span class='ocrx_word' id='word_1_32' title='bbox 1037 652 1175 735; x_wconf 86' lang='lat' dir='ltr'><strong>habitura</strong></span> <span class='ocrx_word' id='word_1_33' title='bbox 1198 660 1243 714; x_wconf 91' lang='lat' dir='ltr'><strong>est</strong></span> <span class='ocrx_word' id='word_1_34' title='bbox 1265 654 1395 715; x_wconf 85' lang='lat' dir='ltr'><strong>secunda</strong></span> 
     </span>
     <span class='ocr_line' id='line_1_6' title="bbox 98 737 1395 837; baseline 0.001 -20"><span class='ocrx_word' id='word_1_35' title='bbox 98 775 245 837; x_wconf 88' lang='lat' dir='ltr'><strong>persona,</strong></span> <span class='ocrx_word' id='word_1_36' title='bbox 268 756 366 835; x_wconf 92' lang='lat' dir='ltr'><strong>prima</strong></span> <span class='ocrx_word' id='word_1_37' title='bbox 388 737 514 834; x_wconf 89' lang='lat' dir='ltr'><strong>persona</strong></span> <span class='ocrx_word' id='word_1_38' title='bbox 537 760 604 814; x_wconf 91' lang='lat' dir='ltr'><strong>ante</strong></span> <span class='ocrx_word' id='word_1_39' title='bbox 627 773 645 814; x_wconf 93' lang='lat' dir='ltr'><strong>o</strong></span> <span class='ocrx_word' id='word_1_40' title='bbox 668 754 800 815; x_wconf 88' lang='lat' dir='ltr'><strong>ultimam</strong></span> <span class='ocrx_word' id='word_1_41' title='bbox 823 759 874 814; x_wconf 91' lang='lat' dir='ltr'><strong>aut</strong></span> <span class='ocrx_word' id='word_1_42' title='bbox 895 760 1092 816; x_wconf 76' lang='lat' dir='ltr'><strong>consonantes</strong></span> <span class='ocrx_word' id='word_1_43' title='bbox 1113 754 1249 825; x_wconf 90' lang='lat' dir='ltr'><strong>babebit,</strong></span> <span class='ocrx_word' id='word_1_44' title='bbox 1276 762 1308 816; x_wconf 95' lang='lat' dir='ltr'><strong>ut</strong></span> <span class='ocrx_word' id='word_1_45' title='bbox 1330 776 1395 818; x_wconf 90' lang='lat' dir='ltr'><strong>arno</strong></span> 
     </span>
     <span class='ocr_line' id='line_1_7' title="bbox 67 855 1393 928; baseline 0.002 -11"><span class='ocrx_word' id='word_1_46' title='bbox 67 866 192 921; x_wconf 76' lang='lat' dir='ltr'><strong>scente</strong></span> <span class='ocrx_word' id='word_1_47' title='bbox 214 864 244 918; x_wconf 89' lang='lat' dir='ltr'><strong>et</strong></span> <span class='ocrx_word' id='word_1_48' title='bbox 265 856 391 927; x_wconf 87' lang='lat' dir='ltr'><strong>sirnilia;</strong></span> <span class='ocrx_word' id='word_1_49' title='bbox 415 863 465 916; x_wconf 92' lang='lat' dir='ltr'><strong>aut</strong></span> <span class='ocrx_word' id='word_1_50' title='bbox 487 875 503 916; x_wconf 92' lang='lat' dir='ltr'><strong>e</strong></span> <span class='ocrx_word' id='word_1_51' title='bbox 526 861 594 917; x_wconf 90' lang='lat' dir='ltr'><strong>ante</strong></span> <span class='ocrx_word' id='word_1_52' title='bbox 616 874 634 916; x_wconf 93' lang='lat' dir='ltr'><strong>o</strong></span> <span class='ocrx_word' id='word_1_53' title='bbox 655 855 794 925; x_wconf 90' lang='lat' dir='ltr'><strong>habebit,</strong></span> <span class='ocrx_word' id='word_1_54' title='bbox 817 862 852 915; x_wconf 92' lang='lat' dir='ltr'><strong>ut</strong></span> <span class='ocrx_word' id='word_1_55' title='bbox 866 855 965 916; x_wconf 88' lang='lat' dir='ltr'><strong>calceo</strong></span> <span class='ocrx_word' id='word_1_56' title='bbox 980 856 1107 926; x_wconf 89' lang='lat' dir='ltr'><strong>calceas,</strong></span> <span class='ocrx_word' id='word_1_57' title='bbox 1132 875 1243 917; x_wconf 88' lang='lat' dir='ltr'><strong>nauseo</strong></span> <span class='ocrx_word' id='word_1_58' title='bbox 1259 876 1393 928; x_wconf 89' lang='lat' dir='ltr'><strong>nauseas,</strong></span> 
     </span>
     <span class='ocr_line' id='line_1_8' title="bbox 99 958 1394 1038; baseline -0.001 -16"><span class='ocrx_word' id='word_1_59' title='bbox 99 967 155 1022; x_wconf 92' lang='lat' dir='ltr'><strong>aut</strong></span> <span class='ocrx_word' id='word_1_60' title='bbox 176 964 201 1031; x_wconf 94' lang='lat' dir='ltr'><strong>i,</strong></span> <span class='ocrx_word' id='word_1_61' title='bbox 230 967 263 1021; x_wconf 92' lang='lat' dir='ltr'><strong>ut</strong></span> <span class='ocrx_word' id='word_1_62' title='bbox 290 960 369 1020; x_wconf 91' lang='lat' dir='ltr'><strong>lanio</strong></span> <span class='ocrx_word' id='word_1_63' title='bbox 396 959 503 1028; x_wconf 93' lang='lat' dir='ltr'><strong>lanias,</strong></span> <span class='ocrx_word' id='word_1_64' title='bbox 533 965 584 1018; x_wconf 94' lang='lat' dir='ltr'><strong>aut</strong></span> <span class='ocrx_word' id='word_1_65' title='bbox 606 977 625 1018; x_wconf 94' lang='lat' dir='ltr'><strong>u</strong></span> <span class='ocrx_word' id='word_1_66' title='bbox 647 977 702 1038; x_wconf 94' lang='lat' dir='ltr'><strong>pro</strong></span> <span class='ocrx_word' id='word_1_67' title='bbox 730 958 919 1026; x_wconf 86' lang='lat' dir='ltr'><strong>consonanti,</strong></span> <span class='ocrx_word' id='word_1_68' title='bbox 950 964 983 1017; x_wconf 92' lang='lat' dir='ltr'><strong>ut</strong></span> <span class='ocrx_word' id='word_1_69' title='bbox 1010 958 1116 1019; x_wconf 87' lang='lat' dir='ltr'><strong>adiuvo</strong></span> <span class='ocrx_word' id='word_1_70' title='bbox 1145 959 1279 1030; x_wconf 73' lang='lat' dir='ltr'><strong>adiutae,</strong></span> <span class='ocrx_word' id='word_1_71' title='bbox 1304 968 1394 1021; x_wconf 94' lang='lat' dir='ltr'><strong>autu</strong></span> 
     </span>
     <span class='ocr_line' id='line_1_9' title="bbox 98 1055 1392 1143; baseline 0 -20"><span class='ocrx_word' id='word_1_72' title='bbox 98 1082 159 1143; x_wconf 95' lang='lat' dir='ltr'><strong>pro</strong></span> <span class='ocrx_word' id='word_1_73' title='bbox 181 1062 288 1131; x_wconf 85' lang='lat' dir='ltr'><strong>vocali,</strong></span> <span class='ocrx_word' id='word_1_74' title='bbox 312 1068 345 1122; x_wconf 96' lang='lat' dir='ltr'><strong>ut</strong></span> <span class='ocrx_word' id='word_1_75' title='bbox 366 1079 458 1121; x_wconf 84' lang='lat' dir='ltr'><strong>vacuo</strong></span> <span class='ocrx_word' id='word_1_76' title='bbox 480 1078 601 1130; x_wconf 85' lang='lat' dir='ltr'><strong>vacuas,</strong></span> <span class='ocrx_word' id='word_1_77' title='bbox 615 1055 734 1121; x_wconf 72' lang='lat' dir='ltr'><strong>vlluctuo</strong></span> <span class='ocrx_word' id='word_1_78' title='bbox 757 1059 897 1129; x_wconf 88' lang='lat' dir='ltr'><strong>lluetuas,</strong></span> <span class='ocrx_word' id='word_1_79' title='bbox 921 1061 1008 1120; x_wconf 92' lang='lat' dir='ltr'><strong>sinuo</strong></span> <span class='ocrx_word' id='word_1_80' title='bbox 1031 1062 1140 1121; x_wconf 89' lang='lat' dir='ltr'><strong>sinuas.</strong></span> <span class='ocrx_word' id='word_1_81' title='bbox 1187 1064 1325 1141; x_wconf 91' lang='lat' dir='ltr'><strong>quotiens</strong></span> <span class='ocrx_word' id='word_1_82' title='bbox 1347 1082 1392 1123; x_wconf 91' lang='lat' dir='ltr'><strong>se-</strong></span> 
     </span>
     <span class='ocr_line' id='line_1_10' title="bbox 100 1162 1393 1245; baseline 0 -20"><span class='ocrx_word' id='word_1_83' title='bbox 100 1167 218 1227; x_wconf 85' lang='lat' dir='ltr'><strong>cundae</strong></span> <span class='ocrx_word' id='word_1_84' title='bbox 247 1165 465 1241; x_wconf 88' lang='lat' dir='ltr'><strong>coniugationis</strong></span> <span class='ocrx_word' id='word_1_85' title='bbox 490 1162 630 1224; x_wconf 92' lang='lat' dir='ltr'><strong>habitura</strong></span> <span class='ocrx_word' id='word_1_86' title='bbox 657 1169 703 1223; x_wconf 91' lang='lat' dir='ltr'><strong>est</strong></span> <span class='ocrx_word' id='word_1_87' title='bbox 731 1162 861 1222; x_wconf 87' lang='lat' dir='ltr'><strong>litteram</strong></span> <span class='ocrx_word' id='word_1_88' title='bbox 889 1162 1017 1223; x_wconf 90' lang='lat' dir='ltr'><strong>secunda</strong></span> <span class='ocrx_word' id='word_1_89' title='bbox 1040 1180 1182 1242; x_wconf 89' lang='lat' dir='ltr'><strong>persona,</strong></span> <span class='ocrx_word' id='word_1_90' title='bbox 1205 1166 1302 1243; x_wconf 89' lang='lat' dir='ltr'><strong>prima</strong></span> <span class='ocrx_word' id='word_1_91' title='bbox 1325 1184 1393 1245; x_wconf 91' lang='lat' dir='ltr'><strong>per·</strong></span> 
     </span>
     <span class='ocr_line' id='line_1_11' title="bbox 100 1264 1392 1336; baseline -0.002 -6"><span class='ocrx_word' id='word_1_92' title='bbox 100 1288 176 1329; x_wconf 90' lang='lat' dir='ltr'><strong>sona</strong></span> <span class='ocrx_word' id='word_1_93' title='bbox 198 1287 215 1328; x_wconf 92' lang='lat' dir='ltr'><strong>e</strong></span> <span class='ocrx_word' id='word_1_94' title='bbox 237 1273 304 1329; x_wconf 84' lang='lat' dir='ltr'><strong>ante</strong></span> <span class='ocrx_word' id='word_1_95' title='bbox 328 1284 345 1325; x_wconf 96' lang='lat' dir='ltr'><strong>o</strong></span> <span class='ocrx_word' id='word_1_96' title='bbox 367 1266 501 1326; x_wconf 88' lang='lat' dir='ltr'><strong>ultimam</strong></span> <span class='ocrx_word' id='word_1_97' title='bbox 522 1264 658 1336; x_wconf 88' lang='lat' dir='ltr'><strong>babebit,</strong></span> <span class='ocrx_word' id='word_1_98' title='bbox 684 1271 715 1325; x_wconf 91' lang='lat' dir='ltr'><strong>ut</strong></span> <span class='ocrx_word' id='word_1_99' title='bbox 737 1264 822 1324; x_wconf 88' lang='lat' dir='ltr'><strong>video</strong></span> <span class='ocrx_word' id='word_1_100' title='bbox 844 1282 960 1325; x_wconf 89' lang='lat' dir='ltr'><strong>moneo.</strong></span> <span class='ocrx_word' id='word_1_101' title='bbox 1005 1264 1036 1324; x_wconf 91' lang='lat' dir='ltr'><strong>in</strong></span> <span class='ocrx_word' id='word_1_102' title='bbox 1059 1265 1115 1325; x_wconf 89' lang='lat' dir='ltr'><strong>bac</strong></span> <span class='ocrx_word' id='word_1_103' title='bbox 1137 1265 1266 1326; x_wconf 89' lang='lat' dir='ltr'><strong>secunda</strong></span> <span class='ocrx_word' id='word_1_104' title='bbox 1289 1270 1392 1329; x_wconf 89' lang='lat' dir='ltr'><strong>coniu-</strong></span> 
     </span>
     <span class='ocr_line' id='line_1_12' title="bbox 56 1365 1393 1450; baseline 0.001 -24"><span class='ocrx_word' id='word_1_105' title='bbox 56 1374 223 1450; x_wconf 78' lang='lat' dir='ltr'><strong>rogatione</strong></span> <span class='ocrx_word' id='word_1_106' title='bbox 246 1369 302 1430; x_wconf 89' lang='lat' dir='ltr'><strong>hoe</strong></span> <span class='ocrx_word' id='word_1_107' title='bbox 324 1386 433 1430; x_wconf 85' lang='lat' dir='ltr'><strong>novum</strong></span> <span class='ocrx_word' id='word_1_108' title='bbox 455 1374 515 1438; x_wconf 90' lang='lat' dir='ltr'><strong>est,</strong></span> <span class='ocrx_word' id='word_1_109' title='bbox 539 1368 617 1448; x_wconf 93' lang='lat' dir='ltr'><strong>quod</strong></span> <span class='ocrx_word' id='word_1_110' title='bbox 640 1370 672 1427; x_wconf 92' lang='lat' dir='ltr'><strong>iu</strong></span> <span class='ocrx_word' id='word_1_111' title='bbox 693 1368 857 1447; x_wconf 91' lang='lat' dir='ltr'><strong>praeterito</strong></span> <span class='ocrx_word' id='word_1_112' title='bbox 886 1368 1019 1447; x_wconf 86' lang='lat' dir='ltr'><strong>perfeeto</strong></span> <span class='ocrx_word' id='word_1_113' title='bbox 1047 1374 1078 1426; x_wconf 89' lang='lat' dir='ltr'><strong>et</strong></span> <span class='ocrx_word' id='word_1_114' title='bbox 1104 1365 1393 1449; x_wconf 78' lang='lat' dir='ltr'><strong>plusquamperfecto</strong></span> 
     </span>
     <span class='ocr_line' id='line_1_13' title="bbox 100 1469 1393 1554; baseline -0.002 -20"><span class='ocrx_word' id='word_1_115' title='bbox 100 1473 248 1554; x_wconf 86' lang='lat' dir='ltr'><strong>quaedam</strong></span> <span class='ocrx_word' id='word_1_116' title='bbox 270 1470 360 1531; x_wconf 85' lang='lat' dir='ltr'><strong>rerba</strong></span> <span class='ocrx_word' id='word_1_117' title='bbox 381 1472 509 1532; x_wconf 87' lang='lat' dir='ltr'><strong>sormam</strong></span> <span class='ocrx_word' id='word_1_118' title='bbox 531 1470 651 1549; x_wconf 89' lang='lat' dir='ltr'><strong>regulae</strong></span> <span class='ocrx_word' id='word_1_119' title='bbox 674 1488 733 1530; x_wconf 92' lang='lat' dir='ltr'><strong>non</strong></span> <span class='ocrx_word' id='word_1_120' title='bbox 755 1477 888 1540; x_wconf 88' lang='lat' dir='ltr'><strong>servant,</strong></span> <span class='ocrx_word' id='word_1_121' title='bbox 912 1469 963 1530; x_wconf 90' lang='lat' dir='ltr'><strong>sed</strong></span> <span class='ocrx_word' id='word_1_122' title='bbox 985 1470 1084 1549; x_wconf 91' lang='lat' dir='ltr'><strong>potius</strong></span> <span class='ocrx_word' id='word_1_123' title='bbox 1106 1469 1319 1532; x_wconf 91' lang='lat' dir='ltr'><strong>consuetudine</strong></span> <span class='ocrx_word' id='word_1_124' title='bbox 1343 1471 1393 1531; x_wconf 92' lang='lat' dir='ltr'><strong>de·</strong></span> 
     </span>
     <span class='ocr_line' id='line_1_14' title="bbox 100 1571 1394 1652; baseline -0.002 -17"><span class='ocrx_word' id='word_1_125' title='bbox 100 1577 262 1637; x_wconf 84' lang='lat' dir='ltr'><strong>clinantur.</strong></span> <span class='ocrx_word' id='word_1_126' title='bbox 308 1574 458 1634; x_wconf 89' lang='lat' dir='ltr'><strong>interdum</strong></span> <span class='ocrx_word' id='word_1_127' title='bbox 487 1574 567 1633; x_wconf 88' lang='lat' dir='ltr'><strong>euim</strong></span> <span class='ocrx_word' id='word_1_128' title='bbox 594 1574 720 1633; x_wconf 87' lang='lat' dir='ltr'><strong>sormam</strong></span> <span class='ocrx_word' id='word_1_129' title='bbox 750 1571 893 1633; x_wconf 85' lang='lat' dir='ltr'><strong>exhibent</strong></span> <span class='ocrx_word' id='word_1_130' title='bbox 920 1574 1120 1652; x_wconf 86' lang='lat' dir='ltr'><strong>passivorum,</strong></span> <span class='ocrx_word' id='word_1_131' title='bbox 1143 1578 1177 1632; x_wconf 94' lang='lat' dir='ltr'><strong>ut</strong></span> <span class='ocrx_word' id='word_1_132' title='bbox 1198 1572 1235 1632; x_wconf 91' lang='lat' dir='ltr'><strong>ab</strong></span> <span class='ocrx_word' id='word_1_133' title='bbox 1259 1590 1293 1633; x_wconf 91' lang='lat' dir='ltr'><strong>eo</strong></span> <span class='ocrx_word' id='word_1_134' title='bbox 1316 1574 1394 1652; x_wconf 92' lang='lat' dir='ltr'><strong>quod</strong></span> 
     </span>
     <span class='ocr_line' id='line_1_15' title="bbox 100 1673 1394 1755; baseline -0.002 -16"><span class='ocrx_word' id='word_1_135' title='bbox 100 1685 149 1739; x_wconf 89' lang='lat' dir='ltr'><strong>est</strong></span> <span class='ocrx_word' id='word_1_136' title='bbox 182 1676 296 1755; x_wconf 81' lang='lat' dir='ltr'><strong>gaudeo</strong></span> <span class='ocrx_word' id='word_1_137' title='bbox 328 1678 446 1753; x_wconf 89' lang='lat' dir='ltr'><strong>gavisus</strong></span> <span class='ocrx_word' id='word_1_138' title='bbox 479 1693 559 1744; x_wconf 91' lang='lat' dir='ltr'><strong>sum,</strong></span> <span class='ocrx_word' id='word_1_139' title='bbox 589 1675 728 1735; x_wconf 89' lang='lat' dir='ltr'><strong>similiter</strong></span> <span class='ocrx_word' id='word_1_140' title='bbox 756 1682 786 1735; x_wconf 92' lang='lat' dir='ltr'><strong>et</strong></span> <span class='ocrx_word' id='word_1_141' title='bbox 812 1678 931 1754; x_wconf 85' lang='lat' dir='ltr'><strong>gavisus</strong></span> <span class='ocrx_word' id='word_1_142' title='bbox 959 1692 1055 1744; x_wconf 91' lang='lat' dir='ltr'><strong>eram,</strong></span> <span class='ocrx_word' id='word_1_143' title='bbox 1084 1692 1152 1734; x_wconf 91' lang='lat' dir='ltr'><strong>cum</strong></span> <span class='ocrx_word' id='word_1_144' title='bbox 1180 1673 1276 1754; x_wconf 92' lang='lat' dir='ltr'><strong>aliqua</strong></span> <span class='ocrx_word' id='word_1_145' title='bbox 1303 1674 1394 1736; x_wconf 91' lang='lat' dir='ltr'><strong>multa</strong></span> 
     </span>
     <span class='ocr_line' id='line_1_16' title="bbox 99 1776 1395 1861; baseline -0.002 -20"><span class='ocrx_word' id='word_1_146' title='bbox 99 1786 259 1861; x_wconf 88' lang='lat' dir='ltr'><strong>praeterea</strong></span> <span class='ocrx_word' id='word_1_147' title='bbox 287 1778 378 1839; x_wconf 84' lang='lat' dir='ltr'><strong>rerba</strong></span> <span class='ocrx_word' id='word_1_148' title='bbox 406 1780 493 1839; x_wconf 89' lang='lat' dir='ltr'><strong>istius</strong></span> <span class='ocrx_word' id='word_1_149' title='bbox 520 1779 739 1855; x_wconf 88' lang='lat' dir='ltr'><strong>coniugationis</strong></span> <span class='ocrx_word' id='word_1_150' title='bbox 765 1778 892 1839; x_wconf 79' lang='lat' dir='ltr'><strong>sormam</strong></span> <span class='ocrx_word' id='word_1_151' title='bbox 914 1776 1034 1855; x_wconf 89' lang='lat' dir='ltr'><strong>regulae</strong></span> <span class='ocrx_word' id='word_1_152' title='bbox 1057 1794 1127 1837; x_wconf 91' lang='lat' dir='ltr'><strong>suae</strong></span> <span class='ocrx_word' id='word_1_153' title='bbox 1151 1776 1333 1847; x_wconf 90' lang='lat' dir='ltr'><strong>custodiant,</strong></span> <span class='ocrx_word' id='word_1_154' title='bbox 1363 1785 1395 1838; x_wconf 94' lang='lat' dir='ltr'><strong>ut</strong></span> 
     </span>
     <span class='ocr_line' id='line_1_17' title="bbox 59 1880 1394 1959; baseline 0.001 -21"><span class='ocrx_word' id='word_1_155' title='bbox 59 1899 87 1938; x_wconf 73' lang='grc' dir='ltr'><strong>ιι</strong></span> <span class='ocrx_word' id='word_1_156' title='bbox 101 1882 194 1944; x_wconf 86' lang='lat' dir='ltr'><strong>sedeo</strong></span> <span class='ocrx_word' id='word_1_157' title='bbox 216 1881 294 1950; x_wconf 92' lang='lat' dir='ltr'><strong>sedi,</strong></span> <span class='ocrx_word' id='word_1_158' title='bbox 318 1900 425 1942; x_wconf 87' lang='lat' dir='ltr'><strong>moneo</strong></span> <span class='ocrx_word' id='word_1_159' title='bbox 447 1882 560 1941; x_wconf 90' lang='lat' dir='ltr'><strong>monui.</strong></span> <span class='ocrx_word' id='word_1_160' title='bbox 605 1882 744 1959; x_wconf 92' lang='lat' dir='ltr'><strong>quotiens</strong></span> <span class='ocrx_word' id='word_1_161' title='bbox 770 1898 842 1939; x_wconf 89' lang='lat' dir='ltr'><strong>vero</strong></span> <span class='ocrx_word' id='word_1_162' title='bbox 872 1882 976 1940; x_wconf 87' lang='lat' dir='ltr'><strong>tertiae</strong></span> <span class='ocrx_word' id='word_1_163' title='bbox 1000 1880 1217 1956; x_wconf 87' lang='lat' dir='ltr'><strong>coniugationis</strong></span> <span class='ocrx_word' id='word_1_164' title='bbox 1239 1886 1394 1959; x_wconf 87' lang='lat' dir='ltr'><strong>correptae</strong></span> 
     </span>
     <span class='ocr_line' id='line_1_18' title="bbox 97 1980 1394 2061; baseline -0.003 -15"><span class='ocrx_word' id='word_1_165' title='bbox 97 1986 234 2046; x_wconf 87' lang='lat' dir='ltr'><strong>litteram</strong></span> <span class='ocrx_word' id='word_1_166' title='bbox 256 1982 427 2044; x_wconf 83' lang='lat' dir='ltr'><strong>exhibitura</strong></span> <span class='ocrx_word' id='word_1_167' title='bbox 454 1989 501 2043; x_wconf 86' lang='lat' dir='ltr'><strong>est</strong></span> <span class='ocrx_word' id='word_1_168' title='bbox 522 1981 651 2042; x_wconf 92' lang='lat' dir='ltr'><strong>secunda</strong></span> <span class='ocrx_word' id='word_1_169' title='bbox 673 2000 816 2061; x_wconf 90' lang='lat' dir='ltr'><strong>persona,</strong></span> <span class='ocrx_word' id='word_1_170' title='bbox 848 1990 918 2042; x_wconf 89' lang='lat' dir='ltr'><strong>tunc</strong></span> <span class='ocrx_word' id='word_1_171' title='bbox 946 1984 1060 2061; x_wconf 90' lang='lat' dir='ltr'><strong>primae</strong></span> <span class='ocrx_word' id='word_1_172' title='bbox 1082 1998 1228 2059; x_wconf 91' lang='lat' dir='ltr'><strong>personae</strong></span> <span class='ocrx_word' id='word_1_173' title='bbox 1251 2000 1268 2041; x_wconf 96' lang='lat' dir='ltr'><strong>o</strong></span> <span class='ocrx_word' id='word_1_174' title='bbox 1291 1980 1394 2042; x_wconf 88' lang='lat' dir='ltr'><strong>ultima</strong></span> 
     </span>
     <span class='ocr_line' id='line_1_19' title="bbox 99 2083 1393 2164; baseline -0.003 -16"><span class='ocrx_word' id='word_1_175' title='bbox 99 2089 204 2148; x_wconf 89' lang='lat' dir='ltr'><strong>littera</strong></span> <span class='ocrx_word' id='word_1_176' title='bbox 230 2092 282 2146; x_wconf 92' lang='lat' dir='ltr'><strong>aut</strong></span> <span class='ocrx_word' id='word_1_177' title='bbox 310 2105 326 2145; x_wconf 93' lang='lat' dir='ltr'><strong>a</strong></span> <span class='ocrx_word' id='word_1_178' title='bbox 354 2083 586 2145; x_wconf 91' lang='lat' dir='ltr'><strong>consonantibus</strong></span> <span class='ocrx_word' id='word_1_179' title='bbox 613 2084 825 2164; x_wconf 81' lang='lat' dir='ltr'><strong>praecedatur,</strong></span> <span class='ocrx_word' id='word_1_180' title='bbox 857 2090 888 2144; x_wconf 91' lang='lat' dir='ltr'><strong>nt</strong></span> <span class='ocrx_word' id='word_1_181' title='bbox 910 2083 975 2161; x_wconf 90' lang='lat' dir='ltr'><strong>lego</strong></span> <span class='ocrx_word' id='word_1_182' title='bbox 998 2083 1087 2160; x_wconf 79' lang='lat' dir='ltr'><strong>legiS,</strong></span> <span class='ocrx_word' id='word_1_183' title='bbox 1111 2091 1180 2162; x_wconf 89' lang='lat' dir='ltr'><strong>peto</strong></span> <span class='ocrx_word' id='word_1_184' title='bbox 1203 2086 1280 2163; x_wconf 90' lang='lat' dir='ltr'><strong>petis</strong></span> <span class='ocrx_word' id='word_1_185' title='bbox 1302 2090 1332 2144; x_wconf 91' lang='lat' dir='ltr'><strong>et</strong></span> <span class='ocrx_word' id='word_1_186' title='bbox 1354 2086 1393 2144; x_wconf 91' lang='lat' dir='ltr'><strong>si·</strong></span> 
     </span>
     <span class='ocr_line' id='line_1_20' title="bbox 99 2184 1394 2265; baseline -0.005 -14"><span class='ocrx_word' id='word_1_187' title='bbox 99 2190 202 2258; x_wconf 88' lang='lat' dir='ltr'><strong>milia,</strong></span> <span class='ocrx_word' id='word_1_188' title='bbox 231 2194 281 2247; x_wconf 91' lang='lat' dir='ltr'><strong>aut</strong></span> <span class='ocrx_word' id='word_1_189' title='bbox 310 2187 347 2247; x_wconf 94' lang='lat' dir='ltr'><strong>ab</strong></span> <span class='ocrx_word' id='word_1_190' title='bbox 376 2188 386 2246; x_wconf 93' lang='lat' dir='ltr'><strong>i</strong></span> <span class='ocrx_word' id='word_1_191' title='bbox 414 2186 459 2247; x_wconf 88' lang='lat' dir='ltr'><strong>vel</strong></span> <span class='ocrx_word' id='word_1_192' title='bbox 487 2206 506 2246; x_wconf 94' lang='lat' dir='ltr'><strong>u</strong></span> <span class='ocrx_word' id='word_1_193' title='bbox 535 2185 698 2255; x_wconf 88' lang='lat' dir='ltr'><strong>vocalibus,</strong></span> <span class='ocrx_word' id='word_1_194' title='bbox 729 2192 762 2245; x_wconf 92' lang='lat' dir='ltr'><strong>ut</strong></span> <span class='ocrx_word' id='word_1_195' title='bbox 791 2188 876 2265; x_wconf 92' lang='lat' dir='ltr'><strong>rapio</strong></span> <span class='ocrx_word' id='word_1_196' title='bbox 898 2187 992 2265; x_wconf 84' lang='lat' dir='ltr'><strong>reple,</strong></span> <span class='ocrx_word' id='word_1_197' title='bbox 1017 2185 1109 2245; x_wconf 93' lang='lat' dir='ltr'><strong>induo</strong></span> <span class='ocrx_word' id='word_1_198' title='bbox 1131 2184 1240 2245; x_wconf 91' lang='lat' dir='ltr'><strong>induis.</strong></span> <span class='ocrx_word' id='word_1_199' title='bbox 1285 2186 1316 2245; x_wconf 93' lang='lat' dir='ltr'><strong>in</strong></span> <span class='ocrx_word' id='word_1_200' title='bbox 1339 2186 1394 2246; x_wconf 87' lang='lat' dir='ltr'><strong>hac</strong></span> 
     </span>
     <span class='ocr_line' id='line_1_21' title="bbox 100 2286 1393 2368; baseline -0.003 -17"><span class='ocrx_word' id='word_1_201' title='bbox 100 2292 312 2368; x_wconf 87' lang='lat' dir='ltr'><strong>coniugatione</strong></span> <span class='ocrx_word' id='word_1_202' title='bbox 335 2288 407 2349; x_wconf 91' lang='lat' dir='ltr'><strong>illud</strong></span> <span class='ocrx_word' id='word_1_203' title='bbox 429 2307 537 2348; x_wconf 85' lang='lat' dir='ltr'><strong>novum</strong></span> <span class='ocrx_word' id='word_1_204' title='bbox 560 2290 674 2358; x_wconf 86' lang='lat' dir='ltr'><strong>evenit,</strong></span> <span class='ocrx_word' id='word_1_205' title='bbox 698 2288 777 2367; x_wconf 94' lang='lat' dir='ltr'><strong>quod</strong></span> <span class='ocrx_word' id='word_1_206' title='bbox 799 2286 943 2367; x_wconf 90' lang='lat' dir='ltr'><strong>quaedam</strong></span> <span class='ocrx_word' id='word_1_207' title='bbox 970 2286 1061 2347; x_wconf 87' lang='lat' dir='ltr'><strong>verba</strong></span> <span class='ocrx_word' id='word_1_208' title='bbox 1084 2290 1115 2346; x_wconf 94' lang='lat' dir='ltr'><strong>in</strong></span> <span class='ocrx_word' id='word_1_209' title='bbox 1137 2288 1232 2347; x_wconf 81' lang='lat' dir='ltr'><strong>fornia</strong></span> <span class='ocrx_word' id='word_1_210' title='bbox 1260 2288 1393 2367; x_wconf 87' lang='lat' dir='ltr'><strong>perlecta</strong></span> 
     </span>
     <span class='ocr_line' id='line_1_22' title="bbox 60 2388 1392 2469; baseline 0.001 -22"><span class='ocrx_word' id='word_1_211' title='bbox 60 2392 267 2454; x_wconf 64' lang='lat' dir='ltr'><strong>eeseeundum</strong></span> <span class='ocrx_word' id='word_1_212' title='bbox 300 2391 546 2451; x_wconf 85' lang='lat' dir='ltr'><strong>cousuetudinem</strong></span> <span class='ocrx_word' id='word_1_213' title='bbox 579 2392 679 2469; x_wconf 89' lang='lat' dir='ltr'><strong>potius</strong></span> <span class='ocrx_word' id='word_1_214' title='bbox 711 2408 800 2469; x_wconf 91' lang='lat' dir='ltr'><strong>quam</strong></span> <span class='ocrx_word' id='word_1_215' title='bbox 834 2390 996 2449; x_wconf 88' lang='lat' dir='ltr'><strong>seeundum</strong></span> <span class='ocrx_word' id='word_1_216' title='bbox 1030 2388 1164 2467; x_wconf 88' lang='lat' dir='ltr'><strong>regulam</strong></span> <span class='ocrx_word' id='word_1_217' title='bbox 1197 2388 1392 2449; x_wconf 88' lang='lat' dir='ltr'><strong>declinantur.</strong></span> 
     </span>
     <span class='ocr_line' id='line_1_23' title="bbox 99 2490 1394 2571; baseline -0.005 -15"><span class='ocrx_word' id='word_1_218' title='bbox 99 2515 171 2557; x_wconf 89' lang='lat' dir='ltr'><strong>nam</strong></span> <span class='ocrx_word' id='word_1_219' title='bbox 193 2513 261 2555; x_wconf 89' lang='lat' dir='ltr'><strong>cum</strong></span> <span class='ocrx_word' id='word_1_220' title='bbox 281 2493 349 2571; x_wconf 91' lang='lat' dir='ltr'><strong>lego</strong></span> <span class='ocrx_word' id='word_1_221' title='bbox 371 2509 443 2570; x_wconf 90' lang='lat' dir='ltr'><strong>rego</strong></span> <span class='ocrx_word' id='word_1_222' title='bbox 466 2501 495 2552; x_wconf 84' lang='lat' dir='ltr'><strong>et</strong></span> <span class='ocrx_word' id='word_1_223' title='bbox 516 2510 617 2571; x_wconf 87' lang='lat' dir='ltr'><strong>pungo</strong></span> <span class='ocrx_word' id='word_1_224' title='bbox 640 2509 776 2571; x_wconf 82' lang='lat' dir='ltr'><strong>expungo</strong></span> <span class='ocrx_word' id='word_1_225' title='bbox 801 2491 910 2551; x_wconf 89' lang='lat' dir='ltr'><strong>similia</strong></span> <span class='ocrx_word' id='word_1_226' title='bbox 934 2493 1008 2560; x_wconf 94' lang='lat' dir='ltr'><strong>sint,</strong></span> <span class='ocrx_word' id='word_1_227' title='bbox 1033 2490 1119 2551; x_wconf 90' lang='lat' dir='ltr'><strong>aliter</strong></span> <span class='ocrx_word' id='word_1_228' title='bbox 1142 2497 1230 2571; x_wconf 91' lang='lat' dir='ltr'><strong>atque</strong></span> <span class='ocrx_word' id='word_1_229' title='bbox 1254 2490 1340 2551; x_wconf 90' lang='lat' dir='ltr'><strong>aliter</strong></span> <span class='ocrx_word' id='word_1_230' title='bbox 1362 2492 1394 2551; x_wconf 92' lang='lat' dir='ltr'><strong>in</strong></span> 
     </span>
     <span class='ocr_line' id='line_1_24' title="bbox 99 2591 1393 2677; baseline -0.004 -20"><span class='ocrx_word' id='word_1_231' title='bbox 99 2598 274 2677; x_wconf 89' lang='lat' dir='ltr'><strong>praeteritis</strong></span> <span class='ocrx_word' id='word_1_232' title='bbox 301 2594 487 2674; x_wconf 87' lang='lat' dir='ltr'><strong>temporibus</strong></span> <span class='ocrx_word' id='word_1_233' title='bbox 514 2594 695 2654; x_wconf 79' lang='lat' dir='ltr'><strong>efferuntur:</strong></span> <span class='ocrx_word' id='word_1_234' title='bbox 732 2594 847 2653; x_wconf 86' lang='lat' dir='ltr'><strong>faciunt</strong></span> <span class='ocrx_word' id='word_1_235' title='bbox 875 2595 955 2653; x_wconf 91' lang='lat' dir='ltr'><strong>enim</strong></span> <span class='ocrx_word' id='word_1_236' title='bbox 984 2591 1215 2671; x_wconf 86' lang='lat' dir='ltr'><strong>legilegeram,</strong></span> <span class='ocrx_word' id='word_1_237' title='bbox 1240 2594 1303 2653; x_wconf 82' lang='lat' dir='ltr'><strong>rexi</strong></span> <span class='ocrx_word' id='word_1_238' title='bbox 1326 2611 1393 2652; x_wconf 87' lang='lat' dir='ltr'><strong>rex·</strong></span> 
     </span>
     <span class='ocr_line' id='line_1_25' title="bbox 100 2682 1393 2777; baseline -0.005 -17"><span class='ocrx_word' id='word_1_239' title='bbox 100 2718 199 2768; x_wconf 86' lang='lat' dir='ltr'><strong>eram,</strong></span> <span class='ocrx_word' id='word_1_240' title='bbox 228 2700 340 2777; x_wconf 81' lang='lat' dir='ltr'><strong>pupugi</strong></span> <span class='ocrx_word' id='word_1_241' title='bbox 369 2682 566 2776; x_wconf 88' lang='lat' dir='ltr'><strong>pupugeram,</strong></span> <span class='ocrx_word' id='word_1_242' title='bbox 601 2698 729 2776; x_wconf 78' lang='lat' dir='ltr'><strong>expunxi</strong></span> <span class='ocrx_word' id='word_1_243' title='bbox 763 2712 973 2774; x_wconf 81' lang='lat' dir='ltr'><strong>expunxeram.</strong></span> <span class='ocrx_word' id='word_1_244' title='bbox 1019 2696 1156 2773; x_wconf 92' lang='lat' dir='ltr'><strong>quotiens</strong></span> <span class='ocrx_word' id='word_1_245' title='bbox 1184 2713 1254 2754; x_wconf 86' lang='lat' dir='ltr'><strong>vero</strong></span> <span class='ocrx_word' id='word_1_246' title='bbox 1286 2696 1393 2755; x_wconf 87' lang='lat' dir='ltr'><strong>tertiae</strong></span> 
     </span>
     <span class='ocr_line' id='line_1_26' title="bbox 100 2796 1392 2879; baseline -0.005 -16"><span class='ocrx_word' id='word_1_247' title='bbox 100 2802 322 2879; x_wconf 88' lang='lat' dir='ltr'><strong>coniugationis</strong></span> <span class='ocrx_word' id='word_1_248' title='bbox 344 2798 506 2877; x_wconf 89' lang='lat' dir='ltr'><strong>productae</strong></span> <span class='ocrx_word' id='word_1_249' title='bbox 529 2798 628 2859; x_wconf 91' lang='lat' dir='ltr'><strong>littera</strong></span> <span class='ocrx_word' id='word_1_250' title='bbox 650 2799 750 2859; x_wconf 90' lang='lat' dir='ltr'><strong>lutura</strong></span> <span class='ocrx_word' id='word_1_251' title='bbox 772 2804 817 2858; x_wconf 92' lang='lat' dir='ltr'><strong>est</strong></span> <span class='ocrx_word' id='word_1_252' title='bbox 832 2800 863 2857; x_wconf 93' lang='lat' dir='ltr'><strong>in</strong></span> <span class='ocrx_word' id='word_1_253' title='bbox 887 2796 1014 2857; x_wconf 89' lang='lat' dir='ltr'><strong>secunda</strong></span> <span class='ocrx_word' id='word_1_254' title='bbox 1038 2814 1180 2876; x_wconf 88' lang='lat' dir='ltr'><strong>persona,</strong></span> <span class='ocrx_word' id='word_1_255' title='bbox 1204 2805 1275 2857; x_wconf 90' lang='lat' dir='ltr'><strong>tunc</strong></span> <span class='ocrx_word' id='word_1_256' title='bbox 1297 2798 1392 2876; x_wconf 88' lang='lat' dir='ltr'><strong>prima</strong></span> 
     </span>
     <span class='ocr_line' id='line_1_27' title="bbox 62 2898 1394 2985; baseline 0.001 -25"><span class='ocrx_word' id='word_1_257' title='bbox 62 2924 87 2961; x_wconf 73' lang='lat' dir='ltr'><strong>en</strong></span> <span class='ocrx_word' id='word_1_258' title='bbox 100 2920 230 2985; x_wconf 85' lang='lat' dir='ltr'><strong>persona</strong></span> <span class='ocrx_word' id='word_1_259' title='bbox 253 2907 320 2961; x_wconf 90' lang='lat' dir='ltr'><strong>ante</strong></span> <span class='ocrx_word' id='word_1_260' title='bbox 344 2919 361 2960; x_wconf 96' lang='lat' dir='ltr'><strong>o</strong></span> <span class='ocrx_word' id='word_1_261' title='bbox 388 2900 522 2960; x_wconf 80' lang='lat' dir='ltr'><strong>rdtirnam</strong></span> <span class='ocrx_word' id='word_1_262' title='bbox 551 2907 601 2961; x_wconf 90' lang='lat' dir='ltr'><strong>aut</strong></span> <span class='ocrx_word' id='word_1_263' title='bbox 623 2918 639 2959; x_wconf 95' lang='lat' dir='ltr'><strong>e</strong></span> <span class='ocrx_word' id='word_1_264' title='bbox 667 2898 805 2969; x_wconf 89' lang='lat' dir='ltr'><strong>babebit,</strong></span> <span class='ocrx_word' id='word_1_265' title='bbox 828 2908 863 2959; x_wconf 95' lang='lat' dir='ltr'><strong>ut</strong></span> <span class='ocrx_word' id='word_1_266' title='bbox 884 2899 957 2959; x_wconf 93' lang='lat' dir='ltr'><strong>adeo</strong></span> <span class='ocrx_word' id='word_1_267' title='bbox 979 2898 1107 2978; x_wconf 87' lang='lat' dir='ltr'><strong>prodeo,</strong></span> <span class='ocrx_word' id='word_1_268' title='bbox 1132 2906 1181 2959; x_wconf 93' lang='lat' dir='ltr'><strong>aut</strong></span> <span class='ocrx_word' id='word_1_269' title='bbox 1204 2902 1227 2968; x_wconf 91' lang='lat' dir='ltr'><strong>i,</strong></span> <span class='ocrx_word' id='word_1_270' title='bbox 1252 2905 1285 2959; x_wconf 92' lang='lat' dir='ltr'><strong>ut</strong></span> <span class='ocrx_word' id='word_1_271' title='bbox 1307 2899 1394 2961; x_wconf 92' lang='lat' dir='ltr'><strong>audio</strong></span> 
     </span>
     <span class='ocr_line' id='line_1_28' title="bbox 100 3001 1392 3081; baseline -0.004 -14"><span class='ocrx_word' id='word_1_272' title='bbox 100 3008 213 3067; x_wconf 89' lang='lat' dir='ltr'><strong>nutrio.</strong></span> <span class='ocrx_word' id='word_1_273' title='bbox 258 3005 290 3063; x_wconf 94' lang='lat' dir='ltr'><strong>in</strong></span> <span class='ocrx_word' id='word_1_274' title='bbox 317 3003 373 3063; x_wconf 88' lang='lat' dir='ltr'><strong>hac</strong></span> <span class='ocrx_word' id='word_1_275' title='bbox 400 3004 609 3080; x_wconf 89' lang='lat' dir='ltr'><strong>coniugatione</strong></span> <span class='ocrx_word' id='word_1_276' title='bbox 639 3005 697 3063; x_wconf 89' lang='lat' dir='ltr'><strong>tria</strong></span> <span class='ocrx_word' id='word_1_277' title='bbox 719 3019 793 3061; x_wconf 85' lang='lat' dir='ltr'><strong>nora</strong></span> <span class='ocrx_word' id='word_1_278' title='bbox 816 3007 898 3061; x_wconf 91' lang='lat' dir='ltr'><strong>sunt:</strong></span> <span class='ocrx_word' id='word_1_279' title='bbox 928 3018 1033 3071; x_wconf 89' lang='lat' dir='ltr'><strong>unum,</strong></span> <span class='ocrx_word' id='word_1_280' title='bbox 1058 3001 1135 3080; x_wconf 92' lang='lat' dir='ltr'><strong>quod</strong></span> <span class='ocrx_word' id='word_1_281' title='bbox 1159 3019 1226 3061; x_wconf 89' lang='lat' dir='ltr'><strong>curn</strong></span> <span class='ocrx_word' id='word_1_282' title='bbox 1248 3005 1392 3081; x_wconf 88' lang='lat' dir='ltr'><strong>praeteri-</strong></span> 
     </span>
    </p>
   </div>
   <div class='ocr_carea' id='block_1_4' title="bbox 102 3102 1484 3186">
    <p class='ocr_par' dir='ltr' id='par_1_4' title="bbox 102 3102 1484 3186">
     <span class='ocr_line' id='line_1_29' title="bbox 102 3102 1484 3186; baseline 0 -17"><span class='ocrx_word' id='word_1_283' title='bbox 102 3117 164 3169; x_wconf 90' lang='lat' dir='ltr'><strong>tum</strong></span> <span class='ocrx_word' id='word_1_284' title='bbox 193 3106 360 3186; x_wconf 89' lang='lat' dir='ltr'><strong>perlectum</strong></span> <span class='ocrx_word' id='word_1_285' title='bbox 387 3104 503 3164; x_wconf 85' lang='lat' dir='ltr'><strong>adiecta</strong></span> <span class='ocrx_word' id='word_1_286' title='bbox 530 3105 566 3165; x_wconf 92' lang='lat' dir='ltr'><strong>ad</strong></span> <span class='ocrx_word' id='word_1_287' title='bbox 594 3106 802 3184; x_wconf 84' lang='lat' dir='ltr'><strong>imperativum</strong></span> <span class='ocrx_word' id='word_1_288' title='bbox 834 3105 864 3162; x_wconf 82' lang='lat' dir='ltr'><strong>ri</strong></span> <span class='ocrx_word' id='word_1_289' title='bbox 899 3102 1008 3183; x_wconf 80' lang='lat' dir='ltr'><strong>syllaba</strong></span> <span class='ocrx_word' id='word_1_290' title='bbox 1037 3104 1140 3173; x_wconf 86' lang='lat' dir='ltr'><strong>iaciat,</strong></span> <span class='ocrx_word' id='word_1_291' title='bbox 1172 3110 1204 3163; x_wconf 93' lang='lat' dir='ltr'><strong>ut</strong></span> <span class='ocrx_word' id='word_1_292' title='bbox 1232 3103 1280 3163; x_wconf 93' lang='lat' dir='ltr'><strong>adi</strong></span> <span class='ocrx_word' id='word_1_293' title='bbox 1308 3105 1393 3183; x_wconf 91' lang='lat' dir='ltr'><strong>prodi</strong></span> <span class='ocrx_word' id='word_1_294' title='bbox 1480 3161 1484 3169; x_wconf 80' lang='grc'><strong>,</strong></span> 
     </span>
    </p>
   </div>
   <div class='ocr_carea' id='block_1_5' title="bbox 66 3204 1393 3798">
    <p class='ocr_par' dir='ltr' id='par_1_5' title="bbox 66 3204 1393 3798">
     <span class='ocr_line' id='line_1_30' title="bbox 101 3204 1393 3285; baseline -0.006 -14"><span class='ocrx_word' id='word_1_295' title='bbox 101 3211 171 3272; x_wconf 85' lang='lat' dir='ltr'><strong>audi</strong></span> <span class='ocrx_word' id='word_1_296' title='bbox 201 3210 298 3277; x_wconf 88' lang='lat' dir='ltr'><strong>nutri,</strong></span> <span class='ocrx_word' id='word_1_297' title='bbox 328 3206 406 3267; x_wconf 88' lang='lat' dir='ltr'><strong>adivi</strong></span> <span class='ocrx_word' id='word_1_298' title='bbox 434 3206 551 3285; x_wconf 89' lang='lat' dir='ltr'><strong>prodivi</strong></span> <span class='ocrx_word' id='word_1_299' title='bbox 579 3207 676 3267; x_wconf 87' lang='lat' dir='ltr'><strong>audiri</strong></span> <span class='ocrx_word' id='word_1_300' title='bbox 705 3207 832 3275; x_wconf 83' lang='lat' dir='ltr'><strong>nutriri,</strong></span> <span class='ocrx_word' id='word_1_301' title='bbox 870 3205 1051 3266; x_wconf 90' lang='lat' dir='ltr'><strong>consuetudo</strong></span> <span class='ocrx_word' id='word_1_302' title='bbox 1079 3204 1234 3266; x_wconf 88' lang='lat' dir='ltr'><strong>brevitatis</strong></span> <span class='ocrx_word' id='word_1_303' title='bbox 1262 3225 1349 3266; x_wconf 88' lang='lat' dir='ltr'><strong>causa</strong></span> <span class='ocrx_word' id='word_1_304' title='bbox 1379 3226 1393 3263; x_wconf 86' lang='lat' dir='ltr'><strong>r</strong></span> 
     </span>
     <span class='ocr_line' id='line_1_31' title="bbox 100 3307 1392 3389; baseline -0.002 -16"><span class='ocrx_word' id='word_1_305' title='bbox 100 3314 231 3373; x_wconf 87' lang='lat' dir='ltr'><strong>litteram</strong></span> <span class='ocrx_word' id='word_1_306' title='bbox 259 3307 417 3369; x_wconf 86' lang='lat' dir='ltr'><strong>subtrabit</strong></span> <span class='ocrx_word' id='word_1_307' title='bbox 450 3314 479 3368; x_wconf 92' lang='lat' dir='ltr'><strong>et</strong></span> <span class='ocrx_word' id='word_1_308' title='bbox 506 3311 517 3369; x_wconf 93' lang='lat' dir='ltr'><strong>i</strong></span> <span class='ocrx_word' id='word_1_309' title='bbox 544 3309 675 3371; x_wconf 86' lang='lat' dir='ltr'><strong>litteram</strong></span> <span class='ocrx_word' id='word_1_310' title='bbox 703 3308 837 3370; x_wconf 87' lang='lat' dir='ltr'><strong>ultimam</strong></span> <span class='ocrx_word' id='word_1_311' title='bbox 864 3310 1010 3386; x_wconf 86' lang='lat' dir='ltr'><strong>geminat,</strong></span> <span class='ocrx_word' id='word_1_312' title='bbox 1043 3313 1076 3368; x_wconf 95' lang='lat' dir='ltr'><strong>ut</strong></span> <span class='ocrx_word' id='word_1_313' title='bbox 1103 3308 1163 3369; x_wconf 90' lang='lat' dir='ltr'><strong>edii</strong></span> <span class='ocrx_word' id='word_1_314' title='bbox 1190 3310 1288 3389; x_wconf 91' lang='lat' dir='ltr'><strong>prodii</strong></span> <span class='ocrx_word' id='word_1_315' title='bbox 1312 3311 1392 3371; x_wconf 92' lang='lat' dir='ltr'><strong>audii</strong></span> 
     </span>
     <span class='ocr_line' id='line_1_32' title="bbox 66 3408 1393 3491; baseline 0.003 -22"><span class='ocrx_word' id='word_1_316' title='bbox 66 3432 89 3469; x_wconf 79' lang='lat' dir='ltr'><strong>ao</strong></span> <span class='ocrx_word' id='word_1_317' title='bbox 103 3414 210 3482; x_wconf 91' lang='lat' dir='ltr'><strong>nutrii,</strong></span> <span class='ocrx_word' id='word_1_318' title='bbox 235 3430 310 3491; x_wconf 93' lang='lat' dir='ltr'><strong>quae</strong></span> <span class='ocrx_word' id='word_1_319' title='bbox 333 3411 431 3471; x_wconf 89' lang='lat' dir='ltr'><strong>littera</strong></span> <span class='ocrx_word' id='word_1_320' title='bbox 454 3430 547 3491; x_wconf 89' lang='lat' dir='ltr'><strong>aeque</strong></span> <span class='ocrx_word' id='word_1_321' title='bbox 571 3419 601 3472; x_wconf 91' lang='lat' dir='ltr'><strong>et</strong></span> <span class='ocrx_word' id='word_1_322' title='bbox 621 3415 653 3472; x_wconf 95' lang='lat' dir='ltr'><strong>in</strong></span> <span class='ocrx_word' id='word_1_323' title='bbox 675 3410 966 3491; x_wconf 81' lang='lat' dir='ltr'><strong>plusquamperfecto</strong></span> <span class='ocrx_word' id='word_1_324' title='bbox 982 3408 1182 3480; x_wconf 88' lang='lat' dir='ltr'><strong>subtrabitur,</strong></span> <span class='ocrx_word' id='word_1_325' title='bbox 1206 3420 1240 3471; x_wconf 91' lang='lat' dir='ltr'><strong>ut</strong></span> <span class='ocrx_word' id='word_1_326' title='bbox 1262 3412 1393 3473; x_wconf 89' lang='lat' dir='ltr'><strong>adieram</strong></span> 
     </span>
     <span class='ocr_line' id='line_1_33' title="bbox 102 3512 1393 3596; baseline -0.001 -20"><span class='ocrx_word' id='word_1_327' title='bbox 102 3516 273 3596; x_wconf 91' lang='lat' dir='ltr'><strong>prodieram</strong></span> <span class='ocrx_word' id='word_1_328' title='bbox 300 3512 453 3573; x_wconf 90' lang='lat' dir='ltr'><strong>audieram</strong></span> <span class='ocrx_word' id='word_1_329' title='bbox 480 3516 663 3584; x_wconf 88' lang='lat' dir='ltr'><strong>nutrieram;</strong></span> <span class='ocrx_word' id='word_1_330' title='bbox 692 3520 721 3573; x_wconf 92' lang='lat' dir='ltr'><strong>et</strong></span> <span class='ocrx_word' id='word_1_331' title='bbox 749 3512 827 3592; x_wconf 91' lang='lat' dir='ltr'><strong>quod</strong></span> <span class='ocrx_word' id='word_1_332' title='bbox 854 3512 1029 3591; x_wconf 89' lang='lat' dir='ltr'><strong>plerumque</strong></span> <span class='ocrx_word' id='word_1_333' title='bbox 1053 3514 1270 3590; x_wconf 89' lang='lat' dir='ltr'><strong>coniugationis</strong></span> <span class='ocrx_word' id='word_1_334' title='bbox 1292 3514 1393 3575; x_wconf 87' lang='lat' dir='ltr'><strong>littera</strong></span> 
     </span>
     <span class='ocr_line' id='line_1_34' title="bbox 103 3613 1393 3695; baseline -0.004 -15"><span class='ocrx_word' id='word_1_335' title='bbox 103 3624 251 3684; x_wconf 87' lang='lat' dir='ltr'><strong>mutatur,</strong></span> <span class='ocrx_word' id='word_1_336' title='bbox 280 3623 313 3675; x_wconf 94' lang='lat' dir='ltr'><strong>ut</strong></span> <span class='ocrx_word' id='word_1_337' title='bbox 335 3615 407 3675; x_wconf 93' lang='lat' dir='ltr'><strong>salio</strong></span> <span class='ocrx_word' id='word_1_338' title='bbox 431 3613 552 3695; x_wconf 90' lang='lat' dir='ltr'><strong>[desilio</strong></span> <span class='ocrx_word' id='word_1_339' title='bbox 575 3634 634 3676; x_wconf 93' lang='lat' dir='ltr'><strong>non</strong></span> <span class='ocrx_word' id='word_1_340' title='bbox 657 3613 752 3694; x_wconf 90' lang='lat' dir='ltr'><strong>saluo]</strong></span> <span class='ocrx_word' id='word_1_341' title='bbox 783 3633 841 3673; x_wconf 94' lang='lat' dir='ltr'><strong>non</strong></span> <span class='ocrx_word' id='word_1_342' title='bbox 866 3613 988 3683; x_wconf 86' lang='lat' dir='ltr'><strong>saliere,</strong></span> <span class='ocrx_word' id='word_1_343' title='bbox 1019 3613 1069 3673; x_wconf 91' lang='lat' dir='ltr'><strong>sed</strong></span> <span class='ocrx_word' id='word_1_344' title='bbox 1093 3614 1208 3674; x_wconf 88' lang='lat' dir='ltr'><strong>saluere</strong></span> <span class='ocrx_word' id='word_1_345' title='bbox 1232 3615 1336 3686; x_wconf 81' lang='lat' dir='ltr'><strong>saciat,</strong></span> <span class='ocrx_word' id='word_1_346' title='bbox 1360 3623 1393 3677; x_wconf 92' lang='lat' dir='ltr'><strong>ut</strong></span> 
     </span>
     <span class='ocr_line' id='line_1_35' title="bbox 102 3714 1391 3798; baseline -0.001 -19"><span class='ocrx_word' id='word_1_347' title='bbox 102 3720 246 3798; x_wconf 85' lang='lat' dir='ltr'><strong>Virgilius</strong></span> <span class='ocrx_word' id='word_1_348' title='bbox 279 3717 448 3778; x_wconf 75' lang='lat' dir='ltr'><strong>‘saluere</strong></span> <span class='ocrx_word' id='word_1_349' title='bbox 481 3736 549 3797; x_wconf 94' lang='lat' dir='ltr'><strong>per</strong></span> <span class='ocrx_word' id='word_1_350' title='bbox 577 3720 699 3776; x_wconf 91' lang='lat' dir='ltr'><strong>utres&#39;</strong></span> <span class='ocrx_word' id='word_1_351' title='bbox 728 3724 759 3775; x_wconf 91' lang='lat' dir='ltr'><strong>et</strong></span> <span class='ocrx_word' id='word_1_352' title='bbox 785 3715 963 3775; x_wconf 78' lang='lat' dir='ltr'><strong>‘desiluit</strong></span> <span class='ocrx_word' id='word_1_353' title='bbox 990 3714 1164 3776; x_wconf 87' lang='lat' dir='ltr'><strong>Turnus&#39;.</strong></span> <span class='ocrx_word' id='word_1_354' title='bbox 1209 3718 1281 3777; x_wconf 89' lang='lat' dir='ltr'><strong>item</strong></span> <span class='ocrx_word' id='word_1_355' title='bbox 1315 3718 1391 3797; x_wconf 92' lang='lat' dir='ltr'><strong>quod</strong></span> 
     </span>
    </p>
   </div>
   <div class='ocr_carea' id='block_1_6' title="bbox 105 3964 1393 4809">
    <p class='ocr_par' dir='ltr' id='par_1_6' title="bbox 105 3964 1393 4180">
     <span class='ocr_line' id='line_1_36' title="bbox 168 3964 1393 4041; baseline -0.002 -14"><span class='ocrx_word' id='word_1_356' title='bbox 168 3979 186 4027; x_wconf 78' lang='lat'>2</span> <span class='ocrx_word' id='word_1_357' title='bbox 205 3983 312 4041; x_wconf 78' lang='lat' dir='ltr'><strong>potuero</strong></span> <span class='ocrx_word' id='word_1_358' title='bbox 332 3974 365 4024; x_wconf 93' lang='lat' dir='ltr'><em>M</em></span> <span class='ocrx_word' id='word_1_359' title='bbox 414 3973 431 4024; x_wconf 84' lang='lat'><strong>3</strong></span> <span class='ocrx_word' id='word_1_360' title='bbox 447 3971 679 4036; x_wconf 75' lang='lat' dir='ltr'><strong>quotiens-384,</strong></span> <span class='ocrx_word' id='word_1_361' title='bbox 693 3972 726 4023; x_wconf 89' lang='grc'><strong>10</strong></span> <span class='ocrx_word' id='word_1_362' title='bbox 741 3971 830 4020; x_wconf 82' lang='lat' dir='ltr'><strong>adeam</strong></span> <span class='ocrx_word' id='word_1_363' title='bbox 849 3970 924 4020; x_wconf 90' lang='lat' dir='ltr'><strong>adibo</strong></span> <span class='ocrx_word' id='word_1_364' title='bbox 938 3970 1037 4022; x_wconf 66' lang='lat' dir='ltr'><strong>Charis.</strong></span> <span class='ocrx_word' id='word_1_365' title='bbox 1053 3988 1080 4035; x_wconf 88' lang='lat' dir='ltr'><strong>p.</strong></span> <span class='ocrx_word' id='word_1_366' title='bbox 1097 3971 1155 4029; x_wconf 91' lang='grc'><strong>176,</strong></span> <span class='ocrx_word' id='word_1_367' title='bbox 1169 3970 1185 4021; x_wconf 90' lang='grc'><strong>3</strong></span> <span class='ocrx_word' id='word_1_368' title='bbox 1198 3964 1230 4008; x_wconf 65' lang='grc' dir='ltr'><strong>ἑ-</strong></span> <span class='ocrx_word' id='word_1_369' title='bbox 1238 3990 1266 4037; x_wconf 84' lang='lat' dir='ltr'><strong>p.</strong></span> <span class='ocrx_word' id='word_1_370' title='bbox 1286 3972 1343 4031; x_wconf 86' lang='grc'><strong>176,</strong></span> <span class='ocrx_word' id='word_1_371' title='bbox 1359 3972 1393 4025; x_wconf 87' lang='grc'><strong>33</strong></span> 
     </span>
     <span class='ocr_line' id='line_1_37' title="bbox 105 4040 1341 4109; baseline -0.004 -11"><span class='ocrx_word' id='word_1_372' title='bbox 105 4050 181 4098; x_wconf 77' lang='lat' dir='ltr'><strong>Oion.</strong></span> <span class='ocrx_word' id='word_1_373' title='bbox 193 4062 223 4109; x_wconf 91' lang='lat' dir='ltr'><strong>p.</strong></span> <span class='ocrx_word' id='word_1_374' title='bbox 243 4045 303 4105; x_wconf 87' lang='grc'><strong>346,</strong></span> <span class='ocrx_word' id='word_1_375' title='bbox 323 4044 357 4095; x_wconf 81' lang='grc'><strong>30</strong></span> <span class='ocrx_word' id='word_1_376' title='bbox 373 4071 408 4081; x_wconf 89' lang='grc'><strong>-</strong></span> <span class='ocrx_word' id='word_1_377' title='bbox 422 4061 452 4109; x_wconf 88' lang='lat' dir='ltr'><strong>p.</strong></span> <span class='ocrx_word' id='word_1_378' title='bbox 472 4043 532 4102; x_wconf 80' lang='grc'><strong>351,</strong></span> <span class='ocrx_word' id='word_1_379' title='bbox 550 4042 567 4092; x_wconf 88' lang='grc'><strong>3</strong></span> <span class='ocrx_word' id='word_1_380' title='bbox 636 4042 653 4094; x_wconf 98' lang='grc'><strong>6</strong></span> <span class='ocrx_word' id='word_1_381' title='bbox 671 4050 713 4091; x_wconf 82' lang='lat' dir='ltr'><strong>aut</strong></span> <span class='ocrx_word' id='word_1_382' title='bbox 729 4058 746 4091; x_wconf 92' lang='lat' dir='ltr'><strong>u</strong></span> <span class='ocrx_word' id='word_1_383' title='bbox 765 4056 811 4106; x_wconf 89' lang='lat' dir='ltr'><strong>pro</strong></span> <span class='ocrx_word' id='word_1_384' title='bbox 828 4040 910 4091; x_wconf 86' lang='lat' dir='ltr'><strong>vocali</strong></span> <span class='ocrx_word' id='word_1_385' title='bbox 930 4072 963 4081; x_wconf 91' lang='lat'><em>-</em></span> <span class='ocrx_word' id='word_1_386' title='bbox 981 4044 1068 4092; x_wconf 86' lang='lat' dir='ltr'><strong>sinuas</strong></span> <span class='ocrx_word' id='word_1_387' title='bbox 1086 4058 1134 4092; x_wconf 78' lang='lat' dir='ltr'><strong>eni.</strong></span> <span class='ocrx_word' id='word_1_388' title='bbox 1155 4042 1186 4092; x_wconf 91' lang='lat' dir='ltr'><em>M</em></span> <span class='ocrx_word' id='word_1_389' title='bbox 1202 4041 1341 4093; x_wconf 70' lang='lat' dir='ltr'><strong>siccardus</strong></span> 
     </span>
     <span class='ocr_line' id='line_1_38' title="bbox 105 4110 1392 4180; baseline -0.003 -13"><span class='ocrx_word' id='word_1_390' title='bbox 105 4115 183 4180; x_wconf 77' lang='lat' dir='ltr'><strong>8estl</strong></span> <span class='ocrx_word' id='word_1_391' title='bbox 204 4114 316 4166; x_wconf 83' lang='lat' dir='ltr'><strong>sitML</strong></span> <span class='ocrx_word' id='word_1_392' title='bbox 369 4114 431 4163; x_wconf 77' lang='lat' dir='ltr'><strong>out</strong></span> <span class='ocrx_word' id='word_1_393' title='bbox 448 4128 539 4164; x_wconf 87' lang='lat' dir='ltr'><strong>moneo</strong></span> <span class='ocrx_word' id='word_1_394' title='bbox 557 4112 632 4162; x_wconf 83' lang='lat' dir='ltr'><strong>uideo</strong></span> <span class='ocrx_word' id='word_1_395' title='bbox 649 4113 675 4161; x_wconf 93' lang='lat' dir='ltr'><strong>in</strong></span> <span class='ocrx_word' id='word_1_396' title='bbox 694 4110 741 4161; x_wconf 84' lang='lat' dir='ltr'><strong>beo</strong></span> <span class='ocrx_word' id='word_1_397' title='bbox 754 4126 815 4176; x_wconf 81' lang='lat' dir='ltr'><strong>ergo</strong></span> <span class='ocrx_word' id='word_1_398' title='bbox 834 4110 1082 4178; x_wconf 81' lang='lat' dir='ltr'><strong>coniugationeBL</strong></span> <span class='ocrx_word' id='word_1_399' title='bbox 1140 4110 1248 4179; x_wconf 91' lang='lat' dir='ltr'><strong>llnon]</strong></span> <span class='ocrx_word' id='word_1_400' title='bbox 1271 4114 1392 4163; x_wconf 76' lang='lat' dir='ltr'><strong>necBIr</strong></span> 
     </span>
    </p>

    <p class='ocr_par' dir='ltr' id='par_1_7' title="bbox 107 4181 1393 4532">
     <span class='ocr_line' id='line_1_39' title="bbox 171 4181 1391 4251; baseline -0.006 -14"><span class='ocrx_word' id='word_1_401' title='bbox 171 4184 204 4237; x_wconf 91' lang='grc'><strong>13</strong></span> <span class='ocrx_word' id='word_1_402' title='bbox 219 4181 317 4251; x_wconf 87' lang='lat' dir='ltr'><strong>alique]</strong></span> <span class='ocrx_word' id='word_1_403' title='bbox 339 4183 451 4247; x_wconf 86' lang='lat' dir='ltr'><strong>alioquin</strong></span> <span class='ocrx_word' id='word_1_404' title='bbox 469 4183 495 4233; x_wconf 92' lang='lat' dir='ltr'><em>B</em></span> <span class='ocrx_word' id='word_1_405' title='bbox 512 4182 565 4231; x_wconf 83' lang='lat' dir='ltr'><strong>alie</strong></span> <span class='ocrx_word' id='word_1_406' title='bbox 581 4182 719 4233; x_wconf 80' lang='lat' dir='ltr'><strong>Sicbardua</strong></span> <span class='ocrx_word' id='word_1_407' title='bbox 778 4183 811 4232; x_wconf 82' lang='lat'><strong>14</strong></span> <span class='ocrx_word' id='word_1_408' title='bbox 829 4182 975 4232; x_wconf 83' lang='lat' dir='ltr'><strong>custodiunt</strong></span> <span class='ocrx_word' id='word_1_409' title='bbox 993 4192 1020 4231; x_wconf 89' lang='lat' dir='ltr'><strong>ut</strong></span> <span class='ocrx_word' id='word_1_410' title='bbox 1036 4184 1113 4233; x_wconf 82' lang='lat' dir='ltr'><strong>sedeo</strong></span> <span class='ocrx_word' id='word_1_411' title='bbox 1127 4197 1217 4232; x_wconf 87' lang='lat' dir='ltr'><strong>moneo</strong></span> <span class='ocrx_word' id='word_1_412' title='bbox 1232 4184 1287 4233; x_wconf 81' lang='lat' dir='ltr'><strong>aedi</strong></span> <span class='ocrx_word' id='word_1_413' title='bbox 1306 4185 1391 4234; x_wconf 89' lang='lat' dir='ltr'><strong>monui</strong></span> 
     </span>
     <span class='ocr_line' id='line_1_40' title="bbox 108 4251 1392 4316; baseline -0.002 -11"><span class='ocrx_word' id='word_1_414' title='bbox 108 4256 162 4307; x_wconf 75' lang='lat' dir='ltr'><strong>,li&#39;</strong></span> <span class='ocrx_word' id='word_1_415' title='bbox 206 4256 239 4307; x_wconf 91' lang='grc'><strong>16</strong></span> <span class='ocrx_word' id='word_1_416' title='bbox 256 4254 379 4305; x_wconf 85' lang='lat' dir='ltr'><strong>hebetura</strong></span> <span class='ocrx_word' id='word_1_417' title='bbox 397 4253 507 4303; x_wconf 87' lang='lat' dir='ltr'><strong>secunda</strong></span> <span class='ocrx_word' id='word_1_418' title='bbox 531 4251 564 4300; x_wconf 89' lang='lat' dir='ltr'><em>M</em></span> <span class='ocrx_word' id='word_1_419' title='bbox 649 4252 742 4303; x_wconf 78' lang='lat' dir='ltr'><strong>liant</strong></span> <span class='ocrx_word' id='word_1_420' title='bbox 761 4252 958 4303; x_wconf 84' lang='lat' dir='ltr'><strong>consonantibus</strong></span> <span class='ocrx_word' id='word_1_421' title='bbox 977 4252 1040 4303; x_wconf 81' lang='lat' dir='ltr'><strong>Mc</strong></span> <span class='ocrx_word' id='word_1_422' title='bbox 1128 4251 1159 4304; x_wconf 78' lang='lat'><strong>19</strong></span> <span class='ocrx_word' id='word_1_423' title='bbox 1178 4253 1245 4314; x_wconf 89' lang='lat' dir='ltr'><strong>quod</strong></span> <span class='ocrx_word' id='word_1_424' title='bbox 1267 4255 1392 4316; x_wconf 80' lang='lat' dir='ltr'><strong>quaedem</strong></span> 
     </span>
     <span class='ocr_line' id='line_1_41' title="bbox 107 4322 1392 4388; baseline -0.003 -13"><span class='ocrx_word' id='word_1_425' title='bbox 107 4336 162 4375; x_wconf 84' lang='lat' dir='ltr'><strong>suut</strong></span> <span class='ocrx_word' id='word_1_426' title='bbox 184 4327 264 4375; x_wconf 89' lang='lat' dir='ltr'><strong>uerba</strong></span> <span class='ocrx_word' id='word_1_427' title='bbox 282 4326 308 4373; x_wconf 91' lang='lat' dir='ltr'><strong>in</strong></span> <span class='ocrx_word' id='word_1_428' title='bbox 327 4323 410 4373; x_wconf 84' lang='lat' dir='ltr'><strong>forma</strong></span> <span class='ocrx_word' id='word_1_429' title='bbox 427 4322 541 4388; x_wconf 85' lang='lat' dir='ltr'><strong>perlecta</strong></span> <span class='ocrx_word' id='word_1_430' title='bbox 562 4322 641 4385; x_wconf 89' lang='lat' dir='ltr'><strong>(quae</strong></span> <span class='ocrx_word' id='word_1_431' title='bbox 662 4322 724 4375; x_wconf 85' lang='lat' dir='ltr'><strong>add,</strong></span> <span class='ocrx_word' id='word_1_432' title='bbox 745 4324 780 4371; x_wconf 82' lang='lat' dir='ltr'><strong>ol.</strong></span> <span class='ocrx_word' id='word_1_433' title='bbox 800 4337 866 4373; x_wconf 85' lang='lat' dir='ltr'><strong>man.</strong></span> <span class='ocrx_word' id='word_1_434' title='bbox 889 4322 926 4385; x_wconf 87' lang='lat' dir='ltr'><strong>B)</strong></span> <span class='ocrx_word' id='word_1_435' title='bbox 946 4322 1085 4374; x_wconf 88' lang='lat' dir='ltr'><strong>secundum</strong></span> <span class='ocrx_word' id='word_1_436' title='bbox 1106 4322 1316 4372; x_wconf 81' lang='lat' dir='ltr'><strong>consuetudinem</strong></span> <span class='ocrx_word' id='word_1_437' title='bbox 1336 4322 1392 4372; x_wconf 82' lang='lat' dir='ltr'><strong>Bb</strong></span> 
     </span>
     <span class='ocr_line' id='line_1_42' title="bbox 108 4391 1385 4460; baseline -0.002 -16"><span class='ocrx_word' id='word_1_438' title='bbox 108 4396 171 4459; x_wconf 88' lang='lat' dir='ltr'><strong>quod</strong></span> <span class='ocrx_word' id='word_1_439' title='bbox 188 4395 314 4460; x_wconf 85' lang='lat' dir='ltr'><strong>quaedam</strong></span> <span class='ocrx_word' id='word_1_440' title='bbox 333 4395 359 4443; x_wconf 90' lang='lat' dir='ltr'><strong>in</strong></span> <span class='ocrx_word' id='word_1_441' title='bbox 378 4392 458 4443; x_wconf 81' lang='lat' dir='ltr'><strong>forma</strong></span> <span class='ocrx_word' id='word_1_442' title='bbox 474 4391 586 4458; x_wconf 80' lang='lat' dir='ltr'><strong>perlecta</strong></span> <span class='ocrx_word' id='word_1_443' title='bbox 604 4393 744 4443; x_wconf 83' lang='lat' dir='ltr'><strong>secundum</strong></span> <span class='ocrx_word' id='word_1_444' title='bbox 762 4391 970 4441; x_wconf 87' lang='lat' dir='ltr'><strong>consuetudinem</strong></span> <span class='ocrx_word' id='word_1_445' title='bbox 989 4392 1074 4443; x_wconf 86' lang='lat' dir='ltr'><strong>suiM</strong></span> <span class='ocrx_word' id='word_1_446' title='bbox 1123 4394 1156 4443; x_wconf 80' lang='lat'><strong>&#39;21</strong></span> <span class='ocrx_word' id='word_1_447' title='bbox 1177 4400 1201 4441; x_wconf 85' lang='lat' dir='ltr'><strong>et</strong></span> <span class='ocrx_word' id='word_1_448' title='bbox 1213 4407 1259 4445; x_wconf 88' lang='lat' dir='ltr'><strong>om.</strong></span> <span class='ocrx_word' id='word_1_449' title='bbox 1275 4394 1332 4443; x_wconf 81' lang='lat' dir='ltr'><strong>BL</strong></span> <span class='ocrx_word' id='word_1_450' title='bbox 1375 4412 1385 4435; x_wconf 76' lang='grc' dir='ltr'><strong><em>ο</em></strong></span> 
     </span>
     <span class='ocr_line' id='line_1_43' title="bbox 109 4461 1393 4532; baseline -0.001 -19"><span class='ocrx_word' id='word_1_451' title='bbox 109 4462 164 4532; x_wconf 84' lang='lat' dir='ltr'><strong>siut]</strong></span> <span class='ocrx_word' id='word_1_452' title='bbox 182 4475 242 4516; x_wconf 81' lang='lat' dir='ltr'><strong>suut</strong></span> <span class='ocrx_word' id='word_1_453' title='bbox 253 4464 314 4515; x_wconf 82' lang='grc' dir='ltr'><strong>ΒΜ</strong></span> <span class='ocrx_word' id='word_1_454' title='bbox 367 4463 401 4514; x_wconf 87' lang='grc'><strong>23</strong></span> <span class='ocrx_word' id='word_1_455' title='bbox 421 4464 538 4528; x_wconf 83' lang='lat' dir='ltr'><strong>pnpuogi</strong></span> <span class='ocrx_word' id='word_1_456' title='bbox 554 4476 731 4529; x_wconf 83' lang='lat' dir='ltr'><strong>pupunxerem</strong></span> <span class='ocrx_word' id='word_1_457' title='bbox 750 4461 831 4527; x_wconf 84' lang='lat' dir='ltr'><strong>(corr.</strong></span> <span class='ocrx_word' id='word_1_458' title='bbox 847 4463 1035 4529; x_wconf 82' lang='lat' dir='ltr'><strong>pupuugeram)</strong></span> <span class='ocrx_word' id='word_1_459' title='bbox 1053 4462 1167 4529; x_wconf 82' lang='lat' dir='ltr'><strong>expungi</strong></span> <span class='ocrx_word' id='word_1_460' title='bbox 1184 4476 1356 4528; x_wconf 85' lang='lat' dir='ltr'><strong>expungerem</strong></span> <span class='ocrx_word' id='word_1_461' title='bbox 1369 4464 1393 4512; x_wconf 77' lang='lat' dir='ltr'><em>L</em></span> 
     </span>
    </p>

    <p class='ocr_par' dir='ltr' id='par_1_8' title="bbox 110 4530 1392 4809">
     <span class='ocr_line' id='line_1_44' title="bbox 171 4530 1392 4601; baseline -0.002 -16"><span class='ocrx_word' id='word_1_462' title='bbox 171 4534 479 4601; x_wconf 63' lang='lat' dir='ltr'><strong>armentionem</strong></span> <span class='ocrx_word' id='word_1_463' title='bbox 496 4548 575 4598; x_wconf 76' lang='lat' dir='ltr'><strong>marg.</strong></span> <span class='ocrx_word' id='word_1_464' title='bbox 595 4534 656 4583; x_wconf 83' lang='lat' dir='ltr'><strong>odd.</strong></span> <span class='ocrx_word' id='word_1_465' title='bbox 678 4534 711 4583; x_wconf 89' lang='lat' dir='ltr'><em>M</em></span> <span class='ocrx_word' id='word_1_466' title='bbox 765 4532 798 4583; x_wconf 70' lang='grc'><strong>16</strong></span> <span class='ocrx_word' id='word_1_467' title='bbox 816 4546 874 4581; x_wconf 86' lang='lat' dir='ltr'><strong>eum</strong></span> <span class='ocrx_word' id='word_1_468' title='bbox 890 4548 936 4586; x_wconf 74' lang='lat' dir='ltr'><strong>ona.</strong></span> <span class='ocrx_word' id='word_1_469' title='bbox 957 4532 990 4581; x_wconf 92' lang='lat' dir='ltr'><em>M</em></span> <span class='ocrx_word' id='word_1_470' title='bbox 1040 4534 1074 4585; x_wconf 78' lang='lat'><strong>29</strong></span> <span class='ocrx_word' id='word_1_471' title='bbox 1092 4532 1216 4584; x_wconf 81' lang='lat' dir='ltr'><strong>abstrahit</strong></span> <span class='ocrx_word' id='word_1_472' title='bbox 1232 4530 1264 4580; x_wconf 94' lang='lat' dir='ltr'><em>M</em></span> <span class='ocrx_word' id='word_1_473' title='bbox 1315 4532 1347 4584; x_wconf 83' lang='lat'><strong>31</strong></span> <span class='ocrx_word' id='word_1_474' title='bbox 1368 4542 1392 4583; x_wconf 86' lang='lat' dir='ltr'><strong>et</strong></span> 
     </span>
     <span class='ocr_line' id='line_1_45' title="bbox 110 4600 1388 4671; baseline 0 -19"><span class='ocrx_word' id='word_1_475' title='bbox 110 4606 171 4667; x_wconf 86' lang='lat' dir='ltr'><strong>quod</strong></span> <span class='ocrx_word' id='word_1_476' title='bbox 184 4605 334 4671; x_wconf 83' lang='lat' dir='ltr'><strong>plerumque</strong></span> <span class='ocrx_word' id='word_1_477' title='bbox 351 4630 385 4641; x_wconf 95' lang='lat'>-</span> <span class='ocrx_word' id='word_1_478' title='bbox 404 4603 438 4655; x_wconf 85' lang='lat'><strong>33</strong></span> <span class='ocrx_word' id='word_1_479' title='bbox 451 4604 551 4652; x_wconf 88' lang='lat' dir='ltr'><strong>Turnus</strong></span> <span class='ocrx_word' id='word_1_480' title='bbox 569 4604 649 4655; x_wconf 83' lang='lat' dir='ltr'><strong>Diem.</strong></span> <span class='ocrx_word' id='word_1_481' title='bbox 666 4622 693 4669; x_wconf 91' lang='lat' dir='ltr'><strong>p.</strong></span> <span class='ocrx_word' id='word_1_482' title='bbox 713 4600 772 4663; x_wconf 88' lang='grc'><strong>374,</strong></span> <span class='ocrx_word' id='word_1_483' title='bbox 792 4602 888 4653; x_wconf 81' lang='lat'>5-12</span> <span class='ocrx_word' id='word_1_484' title='bbox 941 4602 1019 4669; x_wconf 89' lang='lat' dir='ltr'><strong>quod]</strong></span> <span class='ocrx_word' id='word_1_485' title='bbox 1039 4604 1234 4666; x_wconf 64' lang='lat' dir='ltr'><strong>quemquami,</strong></span> <span class='ocrx_word' id='word_1_486' title='bbox 1304 4601 1337 4652; x_wconf 82' lang='lat'><strong>32</strong></span> <span class='ocrx_word' id='word_1_487' title='bbox 1355 4604 1388 4654; x_wconf 81' lang='lat' dir='ltr'><strong>di</strong></span> 
     </span>
     <span class='ocr_line' id='line_1_46' title="bbox 110 4670 1369 4739; baseline 0.002 -18"><span class='ocrx_word' id='word_1_488' title='bbox 110 4674 163 4724; x_wconf 84' lang='lat' dir='ltr'><strong>silio</strong></span> <span class='ocrx_word' id='word_1_489' title='bbox 179 4676 205 4725; x_wconf 88' lang='lat' dir='ltr'><em>B</em></span> <span class='ocrx_word' id='word_1_490' title='bbox 213 4676 252 4727; x_wconf 78' lang='lat' dir='ltr'><strong>L.-</strong></span> <span class='ocrx_word' id='word_1_491' title='bbox 268 4675 357 4725; x_wconf 84' lang='lat' dir='ltr'><strong>desilio</strong></span> <span class='ocrx_word' id='word_1_492' title='bbox 376 4688 426 4725; x_wconf 88' lang='lat' dir='ltr'><strong>non</strong></span> <span class='ocrx_word' id='word_1_493' title='bbox 444 4673 517 4722; x_wconf 85' lang='lat' dir='ltr'><strong>seluo</strong></span> <span class='ocrx_word' id='word_1_494' title='bbox 534 4688 580 4725; x_wconf 87' lang='lat' dir='ltr'><strong>om.</strong></span> <span class='ocrx_word' id='word_1_495' title='bbox 602 4674 634 4724; x_wconf 96' lang='lat' dir='ltr'><em>M</em></span> <span class='ocrx_word' id='word_1_496' title='bbox 683 4673 745 4722; x_wconf 82' lang='lat' dir='ltr'><strong>lacit</strong></span> <span class='ocrx_word' id='word_1_497' title='bbox 762 4673 788 4723; x_wconf 89' lang='lat' dir='ltr'><em>B</em></span> <span class='ocrx_word' id='word_1_498' title='bbox 846 4670 879 4724; x_wconf 87' lang='grc'><strong>33</strong></span> <span class='ocrx_word' id='word_1_499' title='bbox 898 4671 1007 4739; x_wconf 82' lang='lat' dir='ltr'><strong>saluere]</strong></span> <span class='ocrx_word' id='word_1_500' title='bbox 1035 4674 1112 4736; x_wconf 77' lang='lat' dir='ltr'><strong>Verg.</strong></span> <span class='ocrx_word' id='word_1_501' title='bbox 1129 4687 1216 4737; x_wconf 76' lang='lat' dir='ltr'><strong>georg.</strong></span> <span class='ocrx_word' id='word_1_502' title='bbox 1236 4670 1323 4723; x_wconf 84' lang='grc'><strong>11364</strong></span> <span class='ocrx_word' id='word_1_503' title='bbox 1368 4686 1369 4691; x_wconf 75' lang='grc'>’</span> 
     </span>
     <span class='ocr_line' id='line_1_47' title="bbox 112 4742 1151 4809; baseline -0.001 -16"><span class='ocrx_word' id='word_1_504' title='bbox 112 4744 200 4794; x_wconf 84' lang='lat' dir='ltr'><strong>disiluit</strong></span> <span class='ocrx_word' id='word_1_505' title='bbox 214 4744 290 4795; x_wconf 89' lang='lat' dir='ltr'><strong>BM:</strong></span> <span class='ocrx_word' id='word_1_506' title='bbox 315 4745 391 4809; x_wconf 77' lang='lat' dir='ltr'><strong>Verg.</strong></span> <span class='ocrx_word' id='word_1_507' title='bbox 412 4744 477 4795; x_wconf 85' lang='lat' dir='ltr'><strong>Aen.</strong></span> <span class='ocrx_word' id='word_1_508' title='bbox 494 4742 518 4791; x_wconf 81' lang='lat' dir='ltr'>X</span> <span class='ocrx_word' id='word_1_509' title='bbox 536 4743 588 4795; x_wconf 81' lang='grc'><strong>453</strong></span> <span class='ocrx_word' id='word_1_510' title='bbox 657 4745 717 4793; x_wconf 87' lang='lat' dir='ltr'><strong>item</strong></span> <span class='ocrx_word' id='word_1_511' title='bbox 734 4744 856 4807; x_wconf 83' lang='lat' dir='ltr'><strong>estquod</strong></span> <span class='ocrx_word' id='word_1_512' title='bbox 875 4744 897 4791; x_wconf 86' lang='lat' dir='ltr'><em>L</em></span> <span class='ocrx_word' id='word_1_513' title='bbox 915 4743 974 4792; x_wconf 86' lang='lat' dir='ltr'><strong>item</strong></span> <span class='ocrx_word' id='word_1_514' title='bbox 991 4753 1030 4794; x_wconf 86' lang='lat' dir='ltr'><strong>est</strong></span> <span class='ocrx_word' id='word_1_515' title='bbox 1048 4757 1112 4806; x_wconf 84' lang='lat' dir='ltr'><strong>quae</strong></span> <span class='ocrx_word' id='word_1_516' title='bbox 1128 4742 1151 4792; x_wconf 91' lang='lat' dir='ltr'><em>B</em></span> 
     </span>
    </p>
   </div>
   <div class='ocr_carea' id='block_1_7' title="bbox 0 0 1682 5442">
    <p class='ocr_par' dir='ltr' id='par_1_9' title="bbox 0 0 1682 5442">
     <span class='ocr_line' id='line_1_48' title="bbox 0 0 1682 5442; baseline 0 0"><span class='ocrx_word' id='word_1_517' title='bbox 0 0 1682 5442; x_wconf 95' lang='lat' dir='ltr'><strong> </strong></span> 
     </span>
    </p>
   </div>
  </div>
 </body>
</html>
