3350 5442
339 326 346 337 '
445 340 645 405 rucennrl
668 341 872 404 eoorrusn
894 310 1065 405 ιιι-αι’
1326 344 1389 409 esa

1199 454 1365 508 amun

96 535 239 596 discretio
261 542 307 595 est
329 536 408 595 iuter
431 534 583 614 deponens
597 541 685 614 atque
702 552 876 604 commune,
899 533 978 614 quod
993 534 1146 614 deponens
1162 535 1282 616 quidem
1298 537 1388 599 alter·

96 647 209 705 utram,
233 655 389 698 commune
411 654 483 696 vero
504 644 662 717 utramque
686 636 936 715 significationem
957 638 1075 717 recipit.
1114 637 1181 698 ideo
1204 640 1294 699 etiarn
1316 658 1389 720 qua-

96 748 165 799 tuor
193 747 359 819 temporum
388 742 546 819 participia
574 748 672 810 creat,
708 740 778 800 bina
805 758 841 799 ex
873 745 997 818 utraque
1025 738 1209 817 producens;
1238 741 1389 821 deponens

96 861 167 902 vero
188 842 246 902 tria
276 847 390 902 tantum
412 842 513 903 modo:
543 861 611 904 uam
634 851 717 905 caret
737 841 896 923 participio
918 841 1178 921 futuritemporis
1201 861 1217 903 a
1240 846 1388 921 signifiea-

67 946 175 1004 stione
197 944 328 1023 passiva,
350 943 477 1024 ideoipue
493 946 582 1004 etiam
598 945 751 1025 deponens
767 943 913 1023 appellari
936 961 995 1003 non
1018 941 1093 1003 nulli
1117 944 1318 1017 crediderunt,
1343 947 1388 1007 vel

93 1046 173 1126 quod
196 1063 288 1105 uuum
310 1063 345 1104 er
368 1047 551 1125 participiis,
580 1046 626 1107 vel
654 1046 732 1127 quod
755 1046 880 1108 alteram
901 1063 936 1105 ex
959 1045 1228 1123 significationibus
1250 1047 1386 1127 deponat

63 1184 67 1190 ·
93 1148 187 1209 inulta
207 1146 256 1207 his
277 1146 389 1207 similia
412 1148 489 1227 apud
512 1148 752 1210 Graecosettam
774 1148 983 1227 reperiuntur:
1012 1165 1046 1207 ac
1073 1148 1173 1226 primo
1202 1152 1332 1220 neutris,
1357 1158 1389 1211 ut

93 1256 164 1311 suot
185 1247 251 1318 illa,
274 1248 317 1323 ζῶ
340 1245 475 1309 relevem
496 1243 639 1329 ὑπάρχω
661 1245 802 1328 έορτάζω
823 1244 929 1327 τρέχω
955 1240 1080 1326 detorsi
1103 1249 1275 1329 περιπατῶ
1296 1252 1388 1313 νοσῶ

92 1346 291 1429 ὀφθαλμιῶς
315 1350 386 1412 dein
410 1352 645 1431 deponentibus,
668 1359 702 1412 ut
717 1360 785 1413 suut
800 1351 863 1421 illa,
880 1346 1026 1431 κήδομαί
1037 1362 1113 1429 σου,
1137 1348 1299 1433 φείδομαί
1312 1368 1386 1433 σου,

53 1474 78 1509 ιο
94 1446 295 1531 ἑαιμέλομαί
313 1466 389 1532 σου,
411 1449 595 1535 ἱππάζομαί
614 1469 678 1532 σοι,
701 1448 851 1533 μάχομαί
862 1465 926 1531 σοι,
950 1447 1149 1533 ὅιαλέγομαί
1160 1468 1225 1533 σοι,
1249 1448 1392 1537 εὔχομαί

93 1568 165 1634 σοι,
190 1550 195 1637 Ι
218 1547 346 1633 ἄγαμαί
355 1568 420 1629 ωε,
445 1550 691 1637 περιβλέαομαί
709 1568 764 1629 σε;
793 1555 847 1616 sed
875 1572 931 1615 nee
953 1556 1161 1617 communibus
1182 1557 1290 1618 desunt
1311 1576 1387 1638 quae

92 1641 301 1727 donlerantur‚
325 1664 359 1717 ut
380 1664 451 1718 suut
472 1658 537 1727 illa,
560 1653 720 1738 βιαζομαί
740 1670 778 1719 σε
801 1653 858 1718 καὶ
880 1652 1033 1736 βιάζομαι
1055 1644 1122 1717 ὑπὸ
1147 1659 1232 1739 σοῦ,
1261 1652 1387 1737 ἀνδρα-

92 1757 273 1838 ποδίζομαί
296 1772 334 1819 σε
363 1755 420 1819 καὶ
448 1752 733 1841 ἅνδραιιοδίζομαι
760 1752 826 1821 ὑπὸ
852 1757 931 1839 σοῦ,
960 1777 1035 1839 quae
1059 1762 1151 1820 etiam
1175 1754 1260 1841 μέσα
1283 1780 1386 1823 vocare

93 1871 285 1924 consuerunt.
331 1862 387 1923 hoc
415 1865 506 1923 etiarn
533 1864 565 1923 in
588 1864 748 1925 verborum
770 1861 933 1941 generibus
956 1862 1171 1932 adnotandum,
1195 1864 1273 1944 quod
1296 1884 1386 1946 quae-

53 1985 77 2022 15
93 1967 161 2026 dam
189 1963 279 2025 verba
308 1964 395 2024 modo
424 1966 509 2043 quasi
538 1972 659 2035 neutra,
689 1965 777 2025 modo
804 1966 889 2044 quasi
914 1964 1092 2043 deponentia
1114 1966 1324 2044 prolcruntur,
1354 1975 1386 2026 ut

93 2068 159 2128 lavo
189 2066 269 2127 lavor
298 2065 353 2125 sub
382 2084 441 2127 una
472 2066 635 2147 eademque
663 2042 891 2145 significatione·
910 2066 1051 2127 dicuntur
1079 2061 1134 2127 ἐπὶ
1160 2062 1222 2127 τοῦ
1243 2064 1387 2150 λούομαι

92 2161 149 2229 ded
164 2166 227 2229 τοῦ
240 2166 363 2248 μικροῦ
383 2166 480 2247 βῆτα,
504 2169 570 2229 lavo
592 2169 686 2238 lavas,
709 2168 790 2229 lavor
811 2168 936 2237 lavaris,
966 2168 1044 2229 uude
1067 2170 1141 2229 liunt
1163 2170 1295 2248 perlecta
1319 2164 1385 2231 ἀπὸ

91 2270 154 2332 τοῦ
175 2271 239 2331 lavo
260 2270 334 2339 lavi,
357 2262 423 2331 ἀπὸ
445 2270 507 2331 τοῦ
529 2270 611 2331 lavor
632 2271 746 2332 lavatus
762 2289 827 2331 sum
844 2279 873 2331 et
896 2289 932 2331 ex
946 2269 1010 2356 ¹hoc
1033 2270 1131 2331 lautus
1153 2290 1218 2331 sum
1233 2280 1272 2333 .et
1294 2291 1331 2334 au
1353 2275 1384 2333 in

91 2393 109 2432 o
132 2391 275 2434 converso
297 2372 376 2433 lotus
398 2390 480 2443 sum;
510 2380 540 2432 et
564 2372 632 2433 labo
655 2372 739 2433 labor
761 2373 865 2434 itidem
889 2371 945 2433 sub
968 2391 1027 2432 una
1050 2372 1212 2452 eademque
1235 2375 1383 2453 signitica-

51 2480 174 2538 sotione
204 2470 259 2535 lat
286 2472 347 2534 τοῦ
375 2468 578 2544 ὀλισθαίνω,
606 2474 729 2535 ‘labat
757 2476 880 2535 ariete
909 2473 1049 2534 crebro
1078 2475 1205 2535 ianua'
1235 2482 1265 2534 et
1294 2476 1385 2537 ‘levi

92 2596 172 2639 eum
204 2578 388 2654 sanguine
411 2576 523 2637 Nisus
550 2575 696 2637 labitur
723 2575 895 2644 inlelix';
925 2584 955 2636 et
983 2574 1098 2636 lubrico
1121 2585 1151 2636 et
1173 2575 1305 2637 labricor
1328 2573 1385 2639 ἐπὶ
1495 2566 1499 2576 “

91 2680 152 2741 τοῦ
175 2674 343 2758 οἰκοδομῶ
350 2724 358 2747 ,
382 2685 412 2738 et
434 2686 520 2740 ructo
542 2687 573 2739 et
594 2685 697 2739 ructor
719 2670 757 2738 τὸ
781 2673 971 2757 ἐρεύγομαι.
1012 2677 1090 2757 quod
1114 2679 1211 2757 ipsum
1234 2680 1383 2740 etiamne

91 2784 199 2843 Graeci
221 2782 342 2862 quidem
364 2783 515 2859 ignorant:
540 2799 609 2841 nam
630 2781 700 2841 inde
723 2788 792 2841 sunt
814 2779 881 2849 illa,
904 2774 1112 2859 βουλεύομαι
1133 2775 1299 2861 βουλεύω,
1322 2798 1385 2841 αο-

91 2878 262 2963 λιτεύομαι
284 2876 451 2944 πολιτεύω
475 2890 506 2943 et
527 2883 575 2944 his
596 2883 715 2944 similia.

49 3057 77 3096 2⁵
595 3066 643 3112 ors
666 3065 873 3113 osreerrvrs

177 3174 253 3235 Sunt
274 3172 420 3253 quaedam
442 3174 472 3231 in
497 3172 695 3233 declinatione
710 3171 871 3232 verborum
886 3190 960 3251 quae
984 3172 1122 3251 plurimis
1138 3172 1277 3235 deficiant
1299 3192 1381 3235 more
1396 3163 1455 3282 4⁶33}
1469 3164 1500 3281 ἐξ

53 3350 59 3361 .
91 3278 290 3345 Graecorum,
320 3275 397 3355 apud
427 3294 500 3357 quos
528 3273 627 3335 trihus
656 3274 751 3335 modis
774 3274 931 3343 deliciunt,
961 3283 1011 3335 aut
1033 3292 1088 3354 per
1111 3276 1383 3337 inconvenientiam
1448 3267 1454 3293 ¹

90 3380 276 3447 litterarum,
306 3385 356 3438 aut
383 3376 435 3436 ubi
465 3370 672 3455 πεποιημένη
695 3370 784 3448 λέξις
806 3384 866 3445 est,
891 3384 942 3436 aut
964 3394 1018 3436 usu
1041 3383 1071 3436 et
1093 3377 1309 3438 consuetudine
1333 3378 1382 3437 de·

91 3484 228 3543 sistente.
260 3499 314 3559 per
338 3480 454 3540 litteras
476 3497 535 3539 uon
557 3478 633 3538 bene
656 3478 712 3539 sihi
737 3478 949 3545 cohaerentes,
973 3485 1006 3536 ut
1028 3496 1189 3558 νενεμιιαι
1213 3480 1281 3540 ideo
1303 3482 1383 3540 enirn

48 3600 77 3639 ao
91 3583 297 3645 intercedente
319 3602 340 3661 η
363 3583 396 3642 srt
417 3575 602 3659 νενέμηαα,
626 3588 656 3639 et
678 3598 736 3640 oon
760 3575 920 3659 ἐνεμθην,
944 3578 995 3639 sed
1020 3574 1202 3661 ένεμήθην,
1226 3600 1281 3642 nec
1302 3600 1383 3662 νεμ-

89 3689 257 3766 θησομαι,
285 3685 337 3745 sed
367 3677 612 3764 νεμηθήσομαι.
657 3701 712 3762 per
740 3676 971 3762 πεποιημένην
998 3675 1090 3754 λέξιν
1119 3684 1149 3743 in
1178 3684 1323 3764 hisquae
1346 3684 1381 3745 ad

91 3788 319 3868 exprimendum
335 3786 461 3847 alicuius
477 3787 521 3844 rei
537 3803 642 3845 sonum
657 3785 782 3845 conficta
798 3793 881 3852 sunt,
908 3792 939 3845 ut
955 3780 1046 3861 λίγξε
1060 3781 1150 3862 βίος,
1167 3784 1233 3860 oola
1250 3778 1382 3865 ὀφθαλ-

89 3886 166 3971 μόςτ
196 3890 269 3950 haee
298 3890 378 3949 enim
409 3888 536 3949 ulterius
565 3905 626 3946 non
647 3886 858 3955 inflectuntur,
882 3886 933 3946 sed
958 3886 1004 3946 his
1026 3892 1140 3946 tantum
1163 3885 1285 3947 vocibus
1306 3872 1399 3968 quae'

91 3992 184 4053 semel
212 3991 309 4051 dictae
333 3997 402 4050 sunt
431 3995 606 4069 permanent
633 3989 700 4050 lixa.
746 4007 801 4068 per
823 3999 895 4048 usus
923 3989 1075 4047 raritatem
1099 3988 1144 4049 vel
1167 3989 1381 4077 consuetudine

49 4109 77 4148 ³⁵
92 4096 273 4161 desistente,
305 4100 338 4153 ut
365 4092 415 4153 illa
443 4110 519 4171 quae
547 4093 579 4151 in
607 4108 655 4149 νω
684 4098 807 4160 exeunt,
842 4084 1004 4150 λανθάνω
1035 4082 1172 4151 andane
1205 4086 1380 4170 μανθάνω,

159 4311 549 4376 2utrrrmqueaiguidcationem
564 4311 696 4377 recepitB
755 4312 898 4377 'Iprimum
912 4308 1113 4376 eorr.primoB
1173 4312 1204 4361 10
1216 4272 1381 4376 ναπαζομαι

91 4379 928 4499 ’Μ’μ“’””“·ἰ“”ι”““”μέέλῖἱλέ”’ῒ.ἴῖέέ;έιιιιἶέ
943 4378 1380 4497 '‘lftltl'lltllzt'stitit

89 4466 329 4584 n-alppppppkus
365 4465 489 4581 {dudum
506 4518 584 4583 Vera.
598 4466 763 4567 miram
832 4513 894 4581 un]
913 4516 992 4581 Vera.
1005 4502 1108 4569 Aea'v
1121 4503 1170 4569 aas
1235 4500 1270 4566 ἰι
1284 4502 1380 4567 rniarax

89 4605 159 4641 corr.
172 4585 300 4638 inielixB
368 4587 401 4636 26
423 4596 483 4635 aunt
503 4585 626 4649 quaedam
649 4585 783 4635 verborum
806 4598 870 4648 quae
888 4586 914 4633 in
931 4582 1100 4636 declinatione
1123 4585 1239 4651 plurimis
1261 4584 1381 4635 deficiant

89 4660 199 4710 coniecit
216 4656 301 4706 editor
322 4654 534 4706 Vindoboneasta'
594 4653 861 4718 ἳθνινενεμηιιαΒ
929 4656 1000 4703 soal
1013 4666 1062 4703 uon
1076 4652 1247 4719 νενεμφθην
1260 4653 1378 4705 sedave-

89 4726 226 4793 νεμηθην
243 4739 292 4773 nec
312 4737 471 4790 νεμησομαι
494 4722 540 4774 aed
561 4721 763 4788 νεμηθησομαι
776 4720 802 4770 Β
871 4723 902 4772 at
922 4721 954 4771 ad
971 4720 1170 4787 primendumB
1238 4723 1270 4772 32
1287 4718 1377 4790 λέγει]

89 4796 168 4847 Hom.
180 4794 215 4847 Il.
229 4793 254 4842 Δ
267 4795 316 4843 too
385 4790 453 4855 νίζε]
467 4792 544 4843 Hom.
558 4789 607 4844 θα.
623 4793 640 4841 Ι
652 4792 705 4841 394
771 4792 803 4840 34
821 4790 904 4839 dictae
920 4800 982 4841 suut
993 4799 1142 4856 permanent
1153 4789 1206 4845 lixa
1217 4790 1298 4842 Ιαιινι
1315 4792 1380 4842 dicta

90 4875 130 4913 eat
142 4872 291 4929 permanent
302 4860 369 4911 fixae
380 4860 405 4909 B
