3350 5442
330 326 372 391 90
894 326 1046 389 l'ttlll'lill
1097 342 1101 349 “

329 519 382 593 qui
400 518 582 577 calumniari
600 517 665 576 tibi:
692 516 766 577 dicit
786 516 838 575 tibi
858 518 920 584 iiic,
944 532 1038 590 quare
1059 530 1118 575 nort
1140 516 1215 575 dicis
1236 516 1334 582 eiius,
1358 514 1413 573 sed
1433 515 1522 575 ruitis.
1554 512 1596 577 do·

328 616 425 702 nique
451 639 492 679 ne
520 614 625 678 dicam
653 623 758 680 totum
782 613 848 687 boe
875 636 976 698 genus
1006 615 1085 679 artis
1108 612 1231 678 Donati
1255 611 1471 698 explicandae
1492 634 1529 676 ex
1548 637 1595 678 usu

328 716 512 782 scholarum
533 716 745 802 repetendum
767 738 855 799 esse,
884 717 1026 781 verbosa
1046 726 1080 781 ct
1101 714 1235 802 puerilis
1258 713 1423 780 tractandi
1446 715 1526 779 ratio
1546 738 1596 781 mo·

326 818 504 883 lestissima
524 840 634 883 rerum
656 819 901 883 tritissimarum
922 819 1113 905 repetitione
1135 816 1304 882 fastidium
1327 839 1441 881 creans
1463 815 1522 880 hac
1541 817 1596 881 sola

327 944 362 985 ro
384 921 527 1008 quodam
548 920 644 985 modo
660 920 713 986 vel
728 931 904 986 excusatur
919 919 971 985 vel
986 919 1205 1006 intellegitur,
1228 918 1316 1005 quod
1339 917 1521 983 scholarum
1540 941 1598 984 con·

327 1024 531 1089 suetudinem
552 1024 787 1108 grammaticus
809 1022 983 1089 scribendo
1006 1024 1153 1087 imitatus
1177 1031 1235 1085 est.

412 1126 452 1191 In
473 1125 595 1209 regulis
619 1136 728 1191 autem
749 1126 873 1190 Donati
897 1126 1097 1211 exponendis
1121 1148 1186 1190 non
1208 1134 1379 1210 utramque
1401 1134 1505 1189 artem
1526 1146 1599 1188 seeu-

328 1238 380 1292 tus
404 1238 454 1292 est
475 1228 529 1292 hie
551 1230 701 1314 scn'ptor,
725 1227 810 1293 sieut
833 1227 966 1292 Seruius
989 1238 1021 1291 ct
1043 1226 1239 1308 Oledonius,
1263 1226 1322 1291 sed
1346 1226 1385 1290 de
1407 1226 1516 1312 priore
1535 1238 1598 1305 arto,

327 1330 388 1395 hoe
410 1343 460 1396 cst
482 1330 523 1394 de
544 1330 669 1395 minore
691 1340 762 1396 octo
785 1332 928 1416 partium
950 1331 1105 1397 orationis
1128 1329 1346 1415 expositione,
1362 1350 1468 1413 pauca
1489 1329 1600 1415 pracl-

327 1442 380 1497 tus
403 1432 529 1518 inipso
552 1430 635 1497 libro
657 1441 761 1496 totum
783 1455 819 1495 se
834 1432 926 1496 dedit
948 1431 991 1496 ad
1013 1432 1227 1518 posteriorem
1250 1440 1354 1495 artem
1377 1431 1601 1517 exponendam,

326 1533 426 1619 idque
447 1535 518 1620 ipse
540 1534 575 1596 in
596 1533 660 1598 fine
682 1532 840 1620 prooemii
862 1533 1010 1598 indicare
1033 1534 1173 1613 videtur,
1197 1555 1227 1618 p.
1253 1534 1272 1597 8
1295 1539 1427 1597 diximus
1447 1554 1518 1612 erqo
1537 1554 1602 1612 qua

327 1642 408 1699 itiam
429 1639 501 1699 bene
519 1640 596 1713 fecit
608 1640 750 1709 Donatus,
771 1646 890 1714 partem
912 1641 994 1698 illam
1013 1642 1147 1714 priorem
1169 1640 1299 1700 scribere
1320 1639 1495 1712 infantibus,
1515 1648 1602 1715 postc-

326 1746 436 1802 riorcm
462 1742 604 1803 omnibus.
642 1748 687 1802 est
710 1742 788 1801 enim
809 1742 928 1801 rebmta
949 1750 978 1801 ei
998 1744 1087 1802 utilis.
1125 1742 1245 1801 incboat
1267 1760 1287 1801 a
1309 1743 1416 1803 litteris
1439 1745 1496 1803 ista
1515 1744 1603 1816 parti-

326 1847 396 1904 cula
426 1861 503 1918 quac
534 1845 653 1904 uberior
683 1850 726 1903 est
756 1850 785 1903 et
815 1844 903 1904 babet
936 1850 1105 1905 tractatum.
1139 1848 1309 1924 praeterea
1341 1840 1486 1925 priorem
1514 1850 1603 1903 artem

327 1942 466 2007 strictim
493 1942 690 2007 memoravit
716 1942 767 2006 his
796 1940 892 2023 loeis,
915 1964 948 2028 p.
970 1943 1032 2005 211
1055 1948 1101 2005 nel
1122 1948 1165 2006 sie
1186 1949 1273 2005 ctiam
1294 1948 1412 2020 potestis
1434 1944 1512 2005 iliud
1529 1946 1605 2004 coiti-

324 2065 411 2121 qcre,
440 2064 526 2121 quem
552 2049 595 2109 ad
620 2050 738 2109 modum
764 2051 874 2122 leqistis
901 2053 932 2109 in
959 2049 1149 2124 primordiis:
1178 2052 1436 2122 quotienscumque
1462 2050 1547 2107 tertio
1571 2056 1606 2103 cst

327 2152 497 2219 declinatio,
521 2152 666 2211 ablativus
686 2153 850 2225 sinquIaris
871 2170 887 2210 c
908 2156 1078 2226 correptum
1099 2151 1202 2218 babet,¹
1236 2151 1343 2210 deinde
1363 2152 1607 2225 quotienscumque

324 2253 422 2326 scierit
445 2256 548 2327 quintu
569 2254 743 2321 dcctirtotio,
770 2254 983 2328 eproductum
1006 2254 1111 2321 babct;
1140 2270 1171 2333 p.
1194 2248 1256 2313 253
1283 2254 1338 2312 scd
1359 2254 1490 2313 dicimus
1512 2256 1542 2313 in
1562 2254 1606 2309 ilia

323 2358 427 2429 priore
454 2361 543 2429 purte
576 2358 663 2425 artis,
696 2356 730 2415 ic
755 2358 855 2415 estin
881 2354 1097 2430 superioribus,
1126 2370 1189 2414 esse
1217 2357 1319 2428 aliqua
1339 2357 1519 2429 pronomina
1541 2370 1608 2427 quac

325 2464 464 2517 crescant
488 2459 520 2516 in
545 2458 677 2532 casibus,
703 2473 767 2517 esse
793 2459 898 2531 aliqua
926 2474 1001 2531 quae
1029 2458 1223 2526 damosacum·
1251 2475 1282 2538 p.
1305 2452 1368 2517 339
1389 2458 1608 2531 siqnificatioacs

326 2560 534 2620 adverbiorum
561 2563 671 2620 multae
696 2566 781 2629 sunu·
806 2562 917 2633 thistn
945 2562 1013 2619 illas
1039 2561 1070 2617 in
1089 2561 1191 2633 prima
1210 2566 1300 2633 parte
1321 2560 1413 2627 ertia·
1434 2578 1467 2641 p.
1490 2554 1553 2618 359
1574 2552 1609 2615 dc

326 2657 498 2744 participio
523 2664 669 2737 pleraque
697 2663 770 2722 dicit
795 2677 872 2735 quac
898 2671 927 2721 et
952 2663 983 2721 in
1005 2663 1158 2737 superiore
1180 2668 1245 2722 arte
1266 2664 1451 2733 memorauit,
1471 2663 1610 2736 pleraque

326 2765 427 2832 addit·
453 2782 485 2845 p.
508 2760 571 2825 369
597 2760 675 2823 item
704 2760 745 2824 dc
772 2758 945 2846 participio
972 2764 1028 2823 boc
1055 2770 1098 2823 est
1125 2765 1203 2838 quob
1230 2767 1352 2838 lcqimus
1378 2768 1466 2825 ctiam
1495 2766 1524 2823 in
1553 2772 1611 2820 arte

325 2868 495 2939 superiore·
522 2884 555 2948 p.
577 2861 641 2925 399
662 2882 778 2941 semper
798 2865 933 2925 Donatus
954 2869 1032 2925 clam
1053 2873 1196 2941 conputat
1217 2868 1293 2927 inter
1314 2866 1460 2927 abietinas
1480 2881 1611 2941 praepa

326 2970 457 3034 sitioncs,
485 2975 514 3026 et
540 2970 571 3026 in
599 2970 663 3027 ulia
687 2975 775 3043 purte
796 2971 872 3028 artis
893 2970 948 3028 boc
966 2968 1060 3047 sccii,
1085 2976 1113 3029 at
1133 2970 1182 3029 bic
1200 2968 1276 3041 fecit
1296 2970 1360 3030 boc.
1399 2964 1556 3051 equibus
1579 2985 1612 3025 ca

327 3088 409 3151 quae
431 3065 570 3151 primum
593 3065 688 3152 posui
710 3064 750 3129 de
773 3064 917 3131 ablativo
933 3066 1066 3152 quintae
1081 3076 1114 3132 et
1135 3068 1250 3132 tertiae
1272 3066 1500 3132 declinationis
1524 3064 1613 3129 etde

326 3166 572 3254 pronominibus
600 3189 798 3253 quamquam
824 3169 871 3233 ita
898 3167 1043 3253 intellegi
1069 3180 1224 3255 possunt,
1254 3170 1348 3256 quasi
1377 3169 1417 3233 de
1444 3168 1496 3233 his
1519 3168 1612 3233 rebus

326 3272 362 3333 in
389 3269 620 3333 commentario
648 3270 766 3355 prioris
789 3272 869 3335 artis
891 3272 1124 3355 grammaticus
1146 3271 1286 3353 dixerit,
1313 3281 1423 3335 tamen
1445 3270 1528 3335 satis
1553 3292 1613 3333 ecr-

326 3382 395 3435 tum
422 3371 490 3436 eius
519 3372 567 3435 rei
593 3370 749 3437 indicium
776 3395 842 3435 non
869 3373 1044 3437 continent.
1089 3396 1164 3438 narn
1190 3372 1246 3438 illa
1274 3373 1314 3438 ds
1344 3372 1614 3439 declinationibus
1639 3382 1645 3403 '

325 3474 492 3539 nominum
522 3472 638 3538 referri
669 3483 808 3559 possunt
840 3473 882 3539 ad
915 3497 954 3539 ea
981 3498 1064 3561 quae
1091 3477 1125 3539 in
1153 3498 1217 3539 non
1243 3474 1341 3540 nullis
1372 3474 1614 3562 exemplaribus

326 3576 450 3639 Donati
477 3598 508 3661 p.
531 3576 612 3658 356,
635 3575 676 3640 36
698 3576 822 3663 scripta
846 3577 996 3643 suntvel
1018 3573 1061 3642 ad
1083 3600 1227 3665 eaquae
1250 3578 1290 3642 de
1312 3577 1363 3643 bis
1386 3576 1508 3662 regulis
1533 3600 1614 3641 eorn-

263 3714 269 3720 ·
326 3686 490 3741 mentatus
522 3688 573 3742 cst
606 3677 739 3742 Servius
773 3702 804 3766 p.
828 3680 908 3761 408,
931 3680 973 3744 36
995 3702 1065 3766 sqq.
1099 3680 1139 3744 de
1167 3680 1411 3765 pronominibus
1445 3690 1558 3745 autem
1584 3680 1616 3741 in

325 3779 456 3845 casibus
478 3779 698 3844 crescentibus
721 3779 774 3845 vel
796 3781 1060 3846 decrescentibus
1082 3780 1163 3845 nihil
1185 3782 1342 3871 seriptum
1364 3782 1468 3845 estin
1491 3782 1615 3847 minore

326 3893 397 3946 arte
419 3882 556 3961 Donati,
580 3880 637 3945 sed
658 3882 793 3947 Servius
816 3893 849 3948 et
870 3884 905 3945 in
926 3884 1158 3949 commentario
1180 3884 1216 3946 in
1236 3884 1326 3947 hane'
1342 3893 1469 3969 partem
1492 3907 1525 3970 p.
1543 3884 1614 3963 410,

326 3984 367 4047 32
388 3982 470 4046 illud
491 3984 646 4049 tractavit
667 3994 700 4048 et
721 3986 756 4049 in
778 3985 1009 4049 commentario
1026 3986 1215 4070 posterioris
1237 3986 1340 4071 partis
1364 4008 1396 4071 p.
1411 3986 1474 4049 436
1498 3986 1616 4050 iisdcrn

326 4085 396 4149 fere
410 4086 536 4165 verbis,
559 4086 677 4171 quibus
692 4086 867 4173 Pompeius
889 4108 968 4151 usus
991 4095 1056 4168 est,
1079 4109 1117 4151 ea
1140 4088 1181 4152 de
1203 4110 1238 4151 re
1260 4110 1296 4151 se
1319 4087 1468 4173 superius
1493 4085 1619 4151 dixisse

327 4187 449 4253 scribit.
487 4208 602 4273 quare,
629 4210 703 4251 eum
729 4187 903 4275 Pompeius
932 4190 1162 4253 commentario
1192 4188 1297 4255 Servii
1324 4211 1402 4253 usus
1437 4188 1496 4270 sit,
1533 4189 1619 4253 sieut

326 4310 404 4353 mox
427 4288 736 4371 demonstrabimus,
760 4288 822 4353 hue
844 4289 952 4375 potius
976 4291 1078 4355 verba
1100 4292 1141 4355 de
1164 4291 1282 4377 quibus
1305 4292 1415 4375 agitur
1436 4291 1560 4373 refero,
1585 4304 1619 4353 ut

326 4413 393 4454 non
419 4389 566 4475 Pompeii
593 4389 711 4477 aliquis
738 4392 988 4457 commentarius
1013 4392 1231 4475 significetur,
1255 4394 1312 4458 sed
1335 4416 1378 4457 ex
1400 4391 1507 4457 Servii
1533 4416 1620 4457 eorn-

327 4493 484 4557 mentario
511 4492 593 4556 haec
618 4494 759 4579 repetita
786 4494 862 4557 sint.
898 4492 1023 4579 reliqua
1044 4518 1122 4560 vero
1149 4518 1233 4581 quae
1256 4494 1471 4580 supraposui
1494 4495 1540 4558 ad
1564 4494 1622 4557 mi-

326 4613 439 4657 norem
461 4604 565 4659 artem
587 4594 710 4659 Donati
732 4594 911 4680 pertinent,
935 4596 975 4659 de
998 4596 1164 4661 adverbiis
1187 4597 1229 4662 ad
1251 4596 1337 4661 Don.
1361 4596 1483 4683 psat,
1501 4598 1556 4678 18,
1582 4596 1623 4661 de

326 4695 509 4781 participiis
538 4694 581 4759 ad
609 4694 695 4759 Don.
723 4719 755 4782 p.
778 4698 860 4778 363,
885 4697 940 4777 12,
970 4698 1011 4763 de
1040 4699 1278 4785 praepositione
1300 4697 1384 4764 elam
1407 4698 1450 4762 ad
1472 4698 1563 4762 Don.
1590 4722 1623 4785 p.

327 4796 400 4879 365,
423 4796 474 4860 22.
497 4799 607 4883 itaque
629 4798 785 4863 maiorem
806 4808 911 4865 artem
932 4799 1054 4865 Donati
1076 4801 1123 4863 ita
1145 4812 1276 4867 secutus
1299 4811 1348 4866 est
1368 4801 1562 4887 Pompeius,
1588 4814 1626 4867 ut
