3350 5442
281 257 344 322 608
833 260 1014 324 Macttttlttt

297 415 299 420 ,
312 381 332 420 p.
347 369 449 409 ttae—tr
465 367 487 407 Ρ,

283 451 362 510 lione
390 455 441 509 aut
468 467 488 526 ή
517 457 610 510 aut-e
638 457 705 512 ante
735 462 782 509 σω
810 450 977 528 reperitur,
1002 447 1100 509 πωλῶ
1127 445 1283 531 πωλήσω,
1307 451 1405 529 φορῶ
1426 445 1567 529 φορέσω.

284 559 314 612 et
335 549 413 630 apud
436 549 517 620 illos,
541 552 679 630 quotiens
702 553 732 611 iu
755 552 856 614 luturo
878 569 894 612 ε
917 558 984 611 ante
1007 563 1054 611 σω
1074 552 1210 630 ponitur,
1239 551 1362 613 brevem
1389 571 1458 614 esse
1485 572 1568 632 prae

284 655 378 714 sentis
399 652 609 731 paenultimam
637 652 826 714 observatum
850 660 906 713 est.
952 670 1008 714 nec
1031 660 1129 714 tamen
1156 655 1310 732 reciproca
1331 661 1377 715 est
1398 658 1569 724 necessitas,

285 763 331 825 ut,
355 756 492 834 quotiens
519 753 618 816 brevis
646 761 692 815 est
719 753 897 834 paenultima
925 756 1106 833 praesentis,
1136 773 1153 816 ε
1180 761 1247 816 ante
1269 769 1317 816 σω
1340 759 1379 817 sit
1401 759 1434 817 in
1456 757 1569 818 loturo:

285 875 355 918 ecee
383 859 463 917 enim
491 855 560 918 νοῶ
586 851 715 936 νοήσω,
743 855 832 934 φιλοῖ
861 851 1003 937 φιλήσω.
1048 857 1177 918 secunda
1199 860 1368 936 coniugatio
1390 867 1442 920 aut
1463 879 1485 938 η
1506 867 1606 920 ante⁵

286 971 334 1020 σω
363 961 393 1019 in
420 959 520 1018 tuturo
547 957 651 1027 habet,
680 965 712 1018 ut
734 949 824 1018 ὀπτῶ
847 951 998 1039 ὀπτήσω,
1027 967 1078 1020 aut
1099 978 1121 1018 α
1141 960 1333 1039 productum,
1364 968 1398 1022 ut
1423 955 1572 1041 περάσω,

286 1069 336 1122 aut
358 1079 379 1120 α
407 1067 592 1138 correptum,
622 1069 654 1120 ut
680 1054 821 1138 γείάσω.
865 1060 1142 1140 deprehensamque
1169 1071 1215 1123 est
1236 1081 1340 1123 eorum
1360 1063 1534 1124 futurorum
1554 1083 1575 1120 ω

288 1165 320 1224 in
342 1161 524 1242 paenultima
546 1161 686 1240 produci,
710 1179 836 1240 quorum
860 1180 1002 1243 praesens
1025 1171 1076 1223 aut
1096 1162 1205 1224 nullam
1222 1172 1435 1226 consonantem
1457 1173 1528 1226 ante
1549 1183 1575 1223 ω

289 1271 339 1326 aut
362 1283 382 1342 ρ
404 1261 507 1333 babet,
533 1257 578 1324 ἐῶ
601 1259 701 1342 ἑάσω,
725 1262 817 1342 περῶ
839 1259 992 1343 τεράσω,
1015 1267 1047 1324 in
1068 1267 1251 1326 contrarium
1273 1284 1334 1327 non
1355 1266 1501 1329 redeunte
1524 1285 1575 1327 ne

288 1369 442 1436 cessitate,
467 1363 612 1444 siquidem
635 1364 705 1445 χρῶ
727 1361 839 1444 χρήσω
861 1367 932 1426 lacit
954 1372 983 1426 et
1006 1361 1118 1444 ἐγγυῶ
1141 1363 1309 1448 ἕγγυήσω;
1331 1368 1394 1430 illio
1416 1387 1489 1429 vero
1509 1388 1575 1430 cor·
1594 1386 1623 1422 ιο

289 1470 363 1548 ripi,
388 1466 439 1528 ubi
462 1469 493 1528 in
520 1468 670 1546 praesenti
694 1463 698 1546 l
727 1475 795 1528 aute
818 1485 845 1526 ω
868 1465 886 1526 ί.
909 1469 1075 1537 invenitur,
1097 1468 1185 1546 γελῶ
1206 1465 1348 1547 γελάσω.
1392 1471 1445 1531 sed
1468 1489 1526 1532 nec
1548 1472 1578 1530 in

289 1571 345 1631 boc
367 1570 439 1630 baec
467 1571 498 1628 in
527 1586 558 1628 se
586 1569 749 1630 necessitas
776 1569 869 1640 redit,
898 1567 1007 1630 κολλω
1034 1565 1198 1651 κολλήσω.
1242 1566 1390 1632 πεινάσω
1415 1581 1517 1635 autem
1549 1584 1580 1633 et

290 1667 421 1746 διψάσω
452 1667 553 1731 dorica
582 1676 650 1730 sunt
677 1689 733 1749 per
762 1672 853 1732 solam
880 1671 1025 1739 litteram,
1056 1689 1113 1732 non
1137 1673 1226 1733 etiam
1249 1691 1305 1752 per
1327 1681 1500 1734 accentum:
1533 1675 1580 1734 ilii

290 1775 422 1834 enimin
445 1775 525 1833 omni
553 1773 652 1833 luturo
681 1774 711 1832 in
735 1791 760 1832 ω
783 1773 938 1834 desinente
968 1774 1098 1835 ultimam
1125 1775 1372 1835 circumllectuot.
1416 1777 1505 1835 tertia
1529 1785 1581 1835 aut

291 1895 316 1936 ω
339 1878 369 1936 in
398 1874 577 1954 paenultima
604 1876 698 1935 futuri
720 1873 811 1936 babet
833 1882 883 1937 aut
905 1893 934 1935 o.
979 1875 1030 1936 sed
1053 1876 1102 1936 bic
1130 1885 1212 1937 certa
1235 1877 1387 1937 distinctio
1409 1884 1464 1936 est.
1509 1895 1580 1936 uam
1597 1893 1623 1930 ω

291 1977 379 2040 verba
402 1995 477 2057 quae
506 1957 668 2038 derivativa
690 1983 759 2038 sunt
787 1995 812 2036 ω
840 1976 967 2047 babent;
995 1996 1071 2056 quae
1093 1996 1164 2038 vero
1180 1976 1362 2074 principalia
1384 1996 1439 2038 nec
1461 1997 1499 2038 ex
1522 1978 1583 2038 alio

292 2087 386 2140 tracta
414 2098 447 2148 o,
476 2075 596 2140 τέκνον
624 2079 731 2140 τεκνοῖ
759 2073 935 2157 τεκνωσω,
968 2074 1133 2157 στέφανος
1164 2079 1321 2159 στεφανῶ
1354 2074 1579 2158 στεφανώσω-

292 2174 362 2261 όμῶ
386 2190 484 2242 antem
508 2173 616 2261 ἀμοῖς,
644 2183 713 2261 quia
742 2200 800 2242 non
829 2181 994 2241 derivatum
1017 2187 1076 2250 est,
1100 2173 1211 2261 ὀμόσω
1239 2182 1311 2242 lacit
1339 2189 1370 2241 et
1391 2174 1462 2260 ἀρῶ
1484 2174 1586 2258 ἀροῑς

291 2275 416 2362 ἀρόσω.
461 2281 538 2361 apud
567 2282 694 2344 Graecos
721 2301 778 2343 non
812 2283 900 2344 facile
928 2284 1024 2362 prima
1051 2281 1162 2363 syllaba
1189 2285 1356 2363 praesentis
1384 2291 1515 2344 mutatur
1550 2285 1584 2342 iu

293 2386 409 2471 tuturo,
433 2383 510 2464 qnod
533 2386 705 2463 praemissis
727 2384 842 2464 patebit
862 2385 985 2462 regulis.
1015 2385 1150 2446 tutorum
1164 2384 1242 2464 apud
1264 2384 1330 2444 illos
1352 2383 1444 2444 altero
1466 2404 1484 2444 e
1504 2384 1585 2444 duo-
1600 2401 1628 2438 eo

293 2486 349 2546 bus
376 2485 450 2546 locis
478 2493 626 2555 movetur,
654 2493 705 2547 aut
736 2484 838 2546 ultimo
866 2494 917 2548 aut
945 2487 1135 2567 paenultimc.
1180 2485 1302 2548 ultimus
1334 2485 1450 2546 duobus
1483 2486 1588 2546 modis

252 2595 254 2600 ’
293 2594 443 2658 movetur,
471 2596 522 2649 aut
547 2589 657 2649 litteris
688 2595 739 2650 aut
766 2597 904 2650 accentu:
935 2586 1059 2658 litteris,
1093 2597 1125 2649 ut
1151 2582 1272 2667 γράφω
1299 2582 1435 2667 γράψω,
1461 2584 1587 2649 νύσσω

293 2683 399 2762 νύξω,
426 2695 564 2760 accentu,
595 2697 627 2750 ut
649 2685 737 2771 νέμω
759 2690 863 2770 τεμῶ,
890 2685 977 2768 δέρω
1005 2685 1102 2769 δερῶ.
1146 2697 1177 2750 et
1203 2707 1269 2749 curn
1292 2697 1425 2750 movetur
1446 2689 1587 2758 ultimus,

294 2809 352 2852 nou
367 2793 448 2850 omni
466 2790 551 2850 modo
567 2799 664 2852 movet
678 2790 907 2871 paenultimum;
930 2799 1028 2853 motus
1050 2797 1148 2852 autem
1170 2791 1370 2870 paenultimae
1391 2793 1471 2853 omni
1494 2791 1589 2851 modo

295 2892 427 2952 ultimam
452 2900 562 2962 movet,
591 2886 713 2972 ἀγείρω
736 2885 862 2974 ἀγέρω,
890 2892 1012 2974 μιαίνω
1033 2875 1152 2972 prandi.
1197 2893 1245 2952 bic
1273 2896 1353 2953 enim
1376 2900 1406 2953 et
1426 2893 1463 2954 de
1485 2911 1584 2972 paen·
1600 2908 1624 2947 es

295 2993 397 3054 ultima
419 2993 570 3056 subtracta
593 3003 638 3056 est
659 2993 775 3064 littera,
808 2997 891 3055 etin
915 2995 1046 3056 ultimam
1069 2995 1179 3055 cecidit
1198 3003 1348 3054 accentus.
1392 3013 1447 3055 nec
1470 3012 1530 3055 non
1556 3005 1589 3056 et

297 3093 404 3173 πνίγω
433 3091 555 3176 πνίξω,
572 3091 696 3178 ,ἐρύκω
725 3091 843 3176 ἐρύξω.
888 3104 999 3158 mutata
1027 3105 1072 3158 est
1099 3104 1130 3156 ct
1156 3093 1252 3156 linaiis
1279 3097 1311 3156 in
1333 3095 1432 3156 littera
1453 3103 1484 3156 et
1504 3115 1588 3175 quae

296 3197 445 3258 antecedit
467 3199 497 3259 in
521 3205 670 3278 temporo,
695 3199 842 3278 siquidem
865 3220 877 3258 ι
900 3206 930 3259 et
951 3218 973 3259 υ
995 3197 1153 3259 verborum
1169 3216 1259 3276 supra
1274 3198 1420 3258 dictorum
1442 3199 1472 3258 in
1495 3217 1589 3277 prae·

296 3301 375 3362 senti
397 3300 515 3380 quidem
539 3301 751 3380 producuntur,
775 3303 979 3381 corripiuntur
1001 3308 1100 3361 autem
1122 3301 1153 3360 in
1175 3302 1286 3361 tuturo.
1316 3302 1343 3360 si
1365 3317 1437 3377 crgo
1459 3318 1590 3360 necesse

296 3382 342 3463 est
364 3409 397 3462 ut
419 3403 449 3462 in
473 3401 625 3483 barytonis
644 3403 743 3464 verbis
759 3421 833 3482 quae
849 3403 960 3464 babent
982 3405 1013 3462 in
1034 3403 1276 3482 praesentiente
1299 3419 1325 3460 ω
1347 3400 1490 3480 liquidam
1511 3419 1588 3460 con·
1601 3419 1624 3455 ω

297 3511 450 3564 sonantem
480 3507 509 3565 in
537 3507 637 3566 sutoro
666 3504 846 3584 paenultima
872 3523 907 3564 ex
936 3503 1022 3582 longa
1051 3503 1151 3564 brevis
1177 3504 1243 3571 liat,
1267 3512 1299 3564 ut
1320 3495 1439 3581 ἀγείρω
1461 3495 1590 3580 ἀγερῶ,

239 3591 240 3596 ¹
297 3604 419 3685 μιαίνω
442 3606 568 3686 puerei,
592 3609 726 3686 sequitur
750 3614 797 3678 ut,
822 3625 889 3667 cum
911 3606 998 3666 buius
1020 3606 1101 3667 modi
1116 3603 1207 3665 verba
1221 3601 1364 3683 bisyllaba
1380 3604 1588 3682 reperiuntur,

298 3711 328 3769 in
351 3707 461 3787 quibus
484 3707 595 3786 syllaba
617 3726 692 3787 quae
714 3707 821 3790 incipit
854 3711 918 3790 ipsa
945 3715 990 3769 est
1025 3710 1128 3786 utique
1160 3703 1356 3786 paenultima,
1390 3710 1461 3764 tuno
1488 3713 1588 3764 mute·

300 3817 347 3871 tur·
370 3827 428 3870 non
451 3811 536 3888 quasi
558 3812 669 3888 prima,
692 3810 744 3870 sed
760 3812 843 3890 quasi
860 3809 1054 3889 paenultima,
1077 3807 1178 3888 κείρω
1193 3806 1298 3885 nepai,
1316 3805 1442 3883 σπείρω
1458 3805 1589 3884 σπερῶ.

298 3914 339 3972 ita
362 3911 394 3972 srt
417 3919 448 3971 ut
470 3912 547 3990 apud
571 3911 697 3972 Graecos
720 3915 827 3974 mutari
843 3931 903 3972 non
924 3929 1083 3990 numquam
1098 3911 1191 3972 luturi
1205 3907 1318 3989 syllaba
1339 3909 1434 3987 prima
1456 3905 1622 3968 dicatum

298 4016 371 4074 item
393 4007 505 4093 τρέφω
526 4015 653 4092 primam
674 4014 804 4074 litteram
831 4020 1035 4094 permutantes
1055 4007 1173 4093 θρέψω
1200 4011 1312 4072 iaciunt
1333 4017 1364 4070 et
1384 4007 1448 4087 ἔχω
1471 4004 1588 4087 ψιλόν,

298 4110 360 4188 ἔξω
387 4108 474 4174 δασύ
500 4118 701 4194 pronuntiant.
746 4115 798 4176 sed
820 4113 939 4197 θρέψω
963 4115 1084 4195 quidem
1113 4122 1145 4175 ut
1166 4113 1316 4175 diceretur
1330 4105 1446 4182 Ἴωνες
1467 4109 1588 4172 obtinu-

300 4225 401 4285 erunt,
425 4216 533 4295 quibus
548 4215 641 4278 libido
656 4225 701 4279 est
717 4219 929 4296 aspirationem
945 4217 1032 4278 modo
1047 4217 1172 4286 addere,
1195 4216 1283 4277 modo
1304 4215 1440 4275 demere:
1463 4210 1587 4280 addere,

300 4325 332 4379 ut
353 4312 464 4396 τρέφω
491 4313 608 4398 θρέψω
637 4326 667 4379 et
694 4314 798 4399 τρέχω
826 4314 956 4400 θρέξω,
979 4319 1115 4389 demere,
1140 4316 1144 4401 Ι
1175 4325 1208 4379 ut
1227 4310 1306 4396 θρίξ
1328 4308 1440 4395 τριχός
1462 4315 1588 4375 iaciunt.

510 4457 602 4465 -...-.-.

370 4540 384 4591 l
404 4548 461 4591 ente
478 4560 499 4593 ω
514 4543 540 4592 P
590 4539 668 4608 φορῶ
680 4533 790 4606 φορέσω
804 4555 822 4605 p
840 4538 920 4606 φορῶ
933 4537 1049 4607 φορήσω
1065 4540 1089 4589 Ρ
1104 4539 1193 4604 oropo
1205 4535 1325 4603 στορέσω
1342 4538 1446 4588 coniecit
1457 4536 1537 4586 Ιωιιω

301 4611 317 4658 2
334 4619 392 4658 ante
404 4627 426 4659 ω
440 4610 465 4660 Ρ
531 4611 620 4660 larue
641 4610 701 4662 ωΡ
769 4610 862 4660 bente
880 4628 902 4661 ω
922 4609 945 4658 Ρ
1011 4611 1029 4662 9
1048 4611 1074 4659 in
1091 4610 1244 4660 contrarium
1263 4608 1367 4660 coniecit
1384 4606 1545 4669 Opsopoeue:
1563 4607 1589 4655 in

300 4695 346 4730 om.
368 4679 391 4728 P
476 4681 508 4731 ta
531 4693 641 4732 nocuere
658 4683 683 4732 P
766 4681 800 4730 25
825 4679 931 4746 μιαίτω
954 4678 1081 4746 μιανῶρ
1102 4696 1195 4745 pacato
1212 4695 1293 4750 μανω
1312 4679 1335 4728 Ρ
1403 4674 1436 4726 33
1459 4677 1545 4740 utique
1563 4676 1589 4726 in

301 4731 457 4816 paenultlma
474 4751 500 4800 P
564 4747 598 4800 39
616 4745 718 4814 θρέψω
733 4764 751 4812 p
773 4758 869 4815 τρεψω
889 4750 912 4799 Ρ
