3350 5442
595 324 832 387 COllllEN'l'Vld
1302 324 1365 389 229

1166 436 1301 488 pass-sor
1317 435 1339 476 1„

81 517 148 576 enim
167 514 248 594 apud
271 510 418 593 Staltium,
441 533 510 574 cum
531 516 592 574 sint
614 513 703 573 rerba
733 513 928 593 deponentia,
959 523 1056 576 tamen
1087 516 1219 578 futurum
1248 523 1364 595 tempus

81 620 154 679 etiam
182 619 213 677 in
245 617 300 677 dus
327 617 454 676 mittere.
505 614 576 694 quid
607 617 695 693 ergo?
736 616 868 676 dicemus
897 635 963 678 eum
997 619 1205 679 soloecismum
1239 617 1363 678 lecisset

79 720 200 781 dabimus
223 720 253 780 ei
275 720 493 780 excusationes:
529 719 680 778 excusatio
709 719 787 778 enim
816 717 885 779 huic
907 721 951 779 rei
974 719 1067 780 danda
1099 726 1152 779 est.
1197 721 1289 780 siris
1313 719 1363 780 ali-

78 822 138 903 quid
159 821 270 901 eloqui,
294 823 412 901 penitus
433 823 475 880 uti
497 839 558 880 nou
581 819 685 890 debes;
714 823 739 879 si
762 827 859 881 autom
884 823 926 882 vis
949 841 1077 900 ponere,
1106 821 1212 882 adhibe
1236 822 1364 902 aliquam

61 927 301 986 sorcusationem.
331 924 461 1003 primum
485 925 673 1010 participium
696 924 761 983 sine
784 921 866 983 rcrbi
890 925 1005 1002 origine
1021 924 1141 996 iecisse,
1165 923 1233 984 ideo
1249 924 1362 995 iecisse,

77 1029 202 1104 planiam
230 1025 377 1086 hahemus
404 1025 644 1106 usurpandorum
673 1028 898 1105 participiorum
926 1025 1091 1097 licentiam,
1121 1034 1153 1086 ut
1182 1026 1309 1086 diximus
1336 1036 1365 1086 ct

76 1133 99 1189 in
119 1130 262 1190 Terentio
285 1125 466 1207 [loquendus
487 1129 678 1207 participium
702 1129 834 1188 estsine
858 1127 938 1188 verbi
962 1127 1103 1208 origine]¹
1151 1147 1222 1207 ergo
1245 1127 1363 1208 quando

76 1232 130 1292 diro
150 1229 333 1311 loquendus,
363 1231 553 1309 participium
583 1236 627 1290 est
649 1231 714 1290 sine
736 1228 821 1290 rcrbi
848 1231 979 1308 origine;
1016 1230 1154 1308 quoniam
1178 1238 1223 1291 est
1244 1230 1363 1292 licentia

75 1332 290 1394 lonnandorum
317 1334 557 1412 participiorum,
592 1331 661 1392 licet
682 1331 755 1392 mihi
783 1333 912 1392 formare
942 1333 1130 1412 participium
1164 1335 1229 1394 sine
1261 1333 1362 1394 verbo.

50 1436 171 1497 ndeinde
197 1434 289 1496 illud:
318 1433 436 1514 quando
463 1436 534 1495 iacit
563 1435 751 1514 participium
782 1433 874 1495 luturi
897 1435 1040 1514 temporis
1063 1436 1093 1495 in
1117 1435 1186 1506 duS,
1216 1437 1274 1496 iarn
1302 1455 1362 1496 non

75 1547 160 1617 potest
180 1537 307 1598 verbum
331 1537 485 1617 deponens
507 1555 589 1606 esse,
613 1535 666 1597 sed
689 1555 861 1607 commune,
890 1543 931 1605 ut,
955 1536 1075 1616 quando
1097 1537 1163 1598 dico
1185 1536 1359 1616 loquendus

76 1643 181 1701 nonsit
203 1639 313 1720 loquor
335 1647 381 1710 te,
405 1639 456 1700 sed
480 1642 524 1699 sic
546 1641 597 1710 sit,
620 1638 725 1719 loquor
747 1658 764 1698 a
786 1648 824 1698 te.
871 1626 937 1699 curn
966 1641 1043 1700 onim
1072 1639 1176 1702 lecerit
1204 1659 1359 1703 commune

75 1743 201 1814 rerbum,
239 1743 365 1822 accipiet
393 1750 531 1822 quattuor
565 1742 719 1820 participia
754 1748 783 1801 ct
816 1739 874 1800 duo
908 1741 1006 1802 lutura
1028 1743 1161 1822 incipiet
1192 1742 1358 1804 admittere.

76 1847 196 1906 norimus
220 1847 302 1905 enirn
324 1863 482 1905 commune
506 1843 627 1905 verbum
650 1863 725 1913 esse,
750 1844 892 1904 criminor
915 1849 943 1904 te
968 1851 996 1903 ct
1018 1845 1162 1905 criminor
1183 1851 1255 1904 ate.
1287 1863 1358 1924 crgo

49 1963 130 2008 acum
153 1947 272 2007 desinet
293 1946 417 2008 verbum
440 1947 595 2026 deponens
616 1965 679 2007 esse
700 1953 729 2007 et
750 1946 801 2005 det
823 1964 994 2016 commune,
1025 1948 1138 2026 agentis
1167 1953 1195 2006 ct
1221 1949 1359 2027 patientis

75 2050 307 2127 significationem
336 2047 435 2110 habet.
481 2069 639 2111 commune
663 2065 734 2125 ergo
759 2045 762 2127 l
787 2046 910 2108 verbum
941 2053 1000 2116 est,
1031 2047 1110 2128 quod
1133 2055 1162 2108 et
1189 2051 1302 2128 agentis
1329 2057 1358 2109 et
1370 2063 1428 2123 414,
1443 2053 1483 2112 a*

74 2153 200 2229 patientis
229 2153 475 2229 significationem
503 2151 640 2213 similitor
667 2151 795 2230 prolert,
826 2155 858 2209 ut
885 2151 910 2209 si
938 2148 1017 2211 dicas
1046 2153 1203 2211 criminor:
1237 2160 1358 2213 namet

75 2256 204 2314 criminor
232 2253 317 2314 illum
345 2272 464 2332 possum
488 2255 587 2316 dicere
617 2261 646 2314 et
668 2253 810 2314 criminor
832 2250 870 2312 ab
893 2251 952 2312 illo.
999 2252 1071 2314 hacc
1096 2260 1195 2315 autem
1223 2255 1356 2315 conlusio

74 2356 241 2417 discernitur
269 2355 394 2416 casibus.
445 2375 514 2417 nam
542 2357 566 2416 si
593 2357 698 2433 iungas
726 2355 939 2424 accusativum,
973 2357 1086 2432 agentis
1121 2363 1182 2425 est,
1216 2358 1357 2417 criminor

49 2459 159 2526 aillmn;
182 2461 208 2518 si
231 2460 338 2537 iungas
361 2457 529 2526 ablativum,
552 2458 691 2537 patientis
714 2464 767 2526 cst,
791 2458 934 2517 criminor
957 2456 1076 2528 abillo,
1100 2477 1157 2518 nec
1180 2457 1273 2518 aliter.

144 2562 222 2622 Sunt
245 2560 343 2640 aliqua
365 2558 456 2620 verba
479 2567 583 2620 neutra
607 2560 651 2620 rel
675 2556 828 2628 neutralia,
852 2560 929 2619 sicut
951 2560 1092 2630 diximus,
1116 2568 1148 2620 ut
1170 2563 1262 2621 activa
1284 2563 1315 2620 in
1339 2573 1455 2634 utana

75 2671 97 2722 ct
108 2666 165 2743 ipsa
180 2665 332 2724 exeuntia.
365 2661 521 2722 voluerunt
536 2663 615 2722 eninr
635 2664 708 2722 etin
724 2660 781 2721 hoc
799 2663 864 2739 ipso
880 2660 1089 2723 discretionem
1106 2663 1213 2732 lacere,
1237 2663 1354 2743 qnando

73 2774 109 2824 est
128 2775 278 2837 neutrum,
302 2765 419 2843 quando
442 2764 586 2826 neutrale·
630 2771 769 2850 nentrum
793 2782 902 2824 nomen
925 2762 1026 2825 volunt
1048 2764 1115 2835 dici,
1139 2762 1272 2824 neutrale
1288 2782 1353 2825 rcr-

74 2866 130 2927 lum
157 2869 262 2929 solunt
290 2868 357 2930 dici.
403 2875 473 2947 puta
502 2868 526 2927 si
556 2866 636 2929 dicas
664 2867 720 2926 lroe
748 2885 856 2941 nornen
885 2864 970 2945 quale
1000 2869 1063 2927 esti
1104 2875 1252 2928 neutrum.
1299 2867 1355 2928 lroc

49 2969 182 3030 srerbum
216 2969 306 3050 quale
335 2971 397 3030 esti
441 2967 585 3030 neutrale.
634 2968 686 3028 scd
715 2967 913 3028 adhibuerunt
942 2969 1028 3028 istam
1062 2969 1257 3030 dillerentiarn
1290 2971 1354 3031 sine

22 3068 23 3145 }
74 3091 147 3133 carisa
174 3072 257 3133 nulla
285 3079 403 3133 estante
432 3073 557 3132 ratione.
603 3089 675 3146 crgo
704 3070 792 3131 verba
820 3077 924 3130 neutra
953 3077 1022 3130 sunt
1043 3091 1119 3150 quae
1142 3073 1171 3131 in
1194 3089 1211 3132 o
1235 3080 1352 3142 exeunt,

22 3160 23 3229 l
75 3180 98 3230 ut
122 3181 164 3235 est
190 3180 262 3235 nato
293 3176 406 3252 cogito;
441 3180 509 3232 sunt
536 3191 610 3252 quae
633 3173 662 3231 iu
690 3174 700 3232 i
729 3181 852 3242 exeunt,
883 3180 916 3232 ut
944 3172 992 3233 odi
1020 3175 1087 3233 nori
1112 3175 1247 3244 momini;
1286 3183 1355 3236 suut

22 3264 23 3321 ἑ
74 3277 186 3350 quaein
210 3295 263 3336 urn
287 3282 409 3345 exeunt,
439 3283 472 3336 ut
493 3293 557 3335 sum
580 3293 715 3353 prosum;
745 3283 814 3336 sunt
836 3295 912 3356 (puae
939 3277 970 3336 in
999 3282 1029 3334 et
1057 3284 1178 3345 exeunt,
1208 3285 1241 3337 ut
1262 3277 1354 3356 pudet

74 3377 165 3437 taedet.
211 3377 266 3438 sed
288 3379 364 3439 scire
388 3371 531 3439 debemus
559 3396 619 3438 non
648 3396 712 3439 csse
739 3376 885 3438 neutralia
907 3378 990 3438 tirma
1014 3383 1043 3437 et
1064 3377 1167 3458 plena,
1197 3380 1253 3438 nisi
1280 3399 1354 3458 (puae

53 3480 97 3537 ain
116 3499 132 3537 o
154 3489 275 3549 exeunt,
300 3491 332 3541 ut
355 3486 399 3540 est
421 3489 500 3539 nato.
544 3478 593 3540 illa
616 3499 686 3540 roro
709 3499 783 3560 (puae
805 3481 835 3539 in
859 3482 869 3540 i
892 3487 1009 3549 exeunt,
1035 3489 1064 3540 ut
1091 3479 1148 3550 odi,
1173 3479 1218 3540 vel
1240 3483 1269 3541 in
1293 3501 1354 3551 um,

75 3589 99 3639 nt
116 3601 248 3660 prosum,
274 3580 319 3642 vel
339 3583 371 3642 in
394 3588 432 3653 et,
456 3590 488 3642 ut
509 3583 614 3661 pudet,
638 3583 692 3642 ista
715 3583 807 3643 activa
829 3581 1006 3642 iudicantur.
1051 3583 1105 3642 ista
1128 3585 1192 3652 tria,
1216 3585 1264 3643 odi
1287 3587 1355 3644 nori

22 3722 23 3751 ,
74 3686 193 3755 nemini,
218 3686 386 3745 invenimus
408 3683 484 3764 apud
508 3692 644 3746 auctores
670 3686 749 3744 varie
771 3686 876 3763 posita.
921 3684 979 3743 hoc
999 3685 1096 3762 ipsum
1120 3687 1241 3745 memini
1269 3688 1354 3746 cuius

22 3774 23 3842 l
75 3789 201 3865 temporis
225 3788 287 3846 esti
318 3786 368 3846 odi
394 3789 462 3847 nori
484 3788 568 3847 cuins
590 3788 734 3865 temporis
757 3785 819 3845 esti
857 3804 891 3845 ex
916 3805 947 3846 re
970 3784 1169 3864 intellegimus
1189 3791 1353 3868 praesentis

75 3907 125 3947 esse
146 3890 300 3968 temporis,
325 3907 362 3948 ex
384 3891 498 3949 ratione
512 3887 711 3966 intellegimus
725 3889 879 3967 praeteriti
895 3907 960 3950 ossa
977 3891 1128 3968 temporis.
1166 3893 1235 3949 ‘ode'
1253 3892 1351 3951 illum'
1388 3923 1390 3928 ,

55 3994 108 4050 asic
126 3993 205 4060 daco,
244 4009 304 4069 quo
326 3990 415 4051 modo
438 3994 522 4052 ‘amo
544 3989 646 4051 illum'
669 3989 745 4051 dico.
790 4009 856 4050 amo
891 3993 972 4051 cuius
1000 3992 1142 4071 temporis
1170 3993 1230 4053 esti
1267 4011 1352 4071 prae·

74 4095 160 4154 sentis.
197 4113 268 4154 ecce
289 4095 456 4173 praesentis
479 4102 523 4155 est
544 4113 611 4154 amo
630 4089 635 4176 Ι
655 4092 747 4162 illum,
771 4092 820 4152 odi
843 4112 915 4172 ergo
938 4101 967 4154 ct
988 4095 1084 4173 ipsum
1107 4096 1272 4174 praesentis
1293 4101 1350 4154 est:

133 4351 232 4416 lapud
249 4346 369 4416 Statium]
391 4350 425 4413 cs.
443 4351 513 4413 infra
526 4366 552 4413 p.
568 4349 619 4401 368
633 4351 673 4402 ed.
690 4349 766 4400 aaa.
823 4351 839 4396 '2
859 4350 957 4397 mittere
975 4351 1162 4400 Linderuonaus
1181 4349 1364 4398 ιῐιῑιῑίιΑΒΟΚ

132 4419 238 4470 dicimus
256 4421 340 4471 ABG
391 4435 448 4469 eum
466 4435 511 4470 orn.
532 4421 565 4483 A,
580 4422 640 4471 odd.
659 4437 675 4468 a
741 4421 755 4468 7
777 4419 802 4466 in
822 4419 940 4467 Terentio
957 4436 1005 4470 noo
1020 4423 1182 4485 participium
1201 4421 1351 4482 loquendus,

77 4491 287 4554 incapacium
299 4505 348 4540 non
361 4492 460 4556 ἱερέων,
475 4493 522 4541 sed
532 4493 655 4541 licentiam
664 4489 853 4554 participiorum
869 4491 1068 4551 usurpandorum
1080 4492 1242 4541 urlootuoisse
1255 4491 1353 4539 uidetur

77 4564 236 4619 armoricus
319 4562 350 4612 12
372 4576 421 4612 nou
441 4561 473 4610 sit
492 4569 517 4609 ut
536 4562 572 4612 sic
590 4562 621 4610 sit
643 4560 732 4622 loqnor
752 4569 775 4607 te
795 4559 832 4622 (ct
852 4561 911 4608 odd.
933 4559 988 4623 Co)
1013 4561 1102 4622 loquor
1122 4577 1136 4608 a
1157 4570 1179 4609 te
1201 4560 1284 4609 Alto

81 4627 138 4678 llet
156 4633 274 4680 criminor
293 4647 308 4680 a
327 4639 350 4679 te
369 4647 415 4681 om.
433 4630 474 4694 A,
494 4633 555 4681 odd.
571 4647 587 4679 α
677 4630 708 4680 15
729 4645 786 4678 esse
805 4647 851 4681 orn.
872 4629 955 4679 ABG
1041 4631 1072 4681 21
1091 4639 1149 4680 sum
1170 4631 1255 4692 aliqua
1275 4631 1351 4679 nerim

80 4703 277 4752 contradiximus
297 4710 325 4751 ut
343 4701 426 4751 aetina
441 4703 465 4750 in
485 4721 500 4750 o
519 4709 543 4750 et
562 4702 619 4765 ipsa
636 4701 676 4748 uel
697 4702 820 4749 neutralia
837 4701 970 4751 uoluerunt
989 4700 1071 4750 ABG
1140 4703 1173 4751 ‘22
1192 4701 1240 4750 lroc
1254 4717 1299 4752 oro.
1318 4701 1351 4764 A,

22 4832 23 4843 γ
79 4768 157 4888 arigio
222 4772 256 4822 32
276 4774 349 4822 cuius
367 4774 488 4837 temporis
508 4781 545 4821 est
563 4774 704 4836 posteriore
727 4773 781 4820 loco
803 4787 849 4822 orn.
871 4771 894 4818 A
965 4767 998 4819 at
1021 4771 1062 4820 odi
1086 4771 1156 4820 illum
1175 4772 1212 4821 sic
1231 4772 1286 4821 dico
1304 4786 1348 4822 on.
