3350 5442
320 349 384 412 aro
773 435 779 445 Ι
859 348 1062 410 consunru

345 471 366 508 p.
380 458 437 499 2055.
450 459 475 499 56
488 457 511 496 Ρ.

319 542 439 600 ticatum
459 537 564 607 babet,
588 555 680 597 veneo
702 540 858 617 patientis,
882 537 984 599 eadem
1008 541 1121 600 ratione
1144 558 1200 618 qua
1223 540 1299 599 facio
1323 548 1353 599 et
1375 540 1424 599 lio.
1473 546 1600 599 munerat

318 643 479 719 hospitem,
517 648 691 700 muneratur
723 641 888 719 hospitem,
923 641 1025 702 eadem
1057 643 1233 719 significatio
1262 648 1307 701 est
1335 644 1366 702 in
1395 650 1526 720 utroque
1554 641 1599 700 sub

319 745 445 805 diversis
466 743 731 804 declinationibus:
762 744 852 804 babet
880 745 1011 804 enimin
1035 752 1160 823 utroque
1184 746 1243 804 vim
1264 746 1398 804 activam.
1427 744 1516 804 'huic
1541 764 1599 803 coo-

318 848 444 907 trarium
467 852 511 906 εει
534 845 676 906 ‘induit
703 845 809 906 albos
836 865 914 907 cum
942 848 1033 907 vitta
1062 848 1205 907 crincs'
1228 853 1258 906 ει
1280 846 1459 906 ‘loricam
1485 846 1599 907 indui·

319 950 413 1010 tur':
437 948 528 1008 babet
550 950 685 1009 enimin
708 957 835 1028 utroque
860 950 918 1008 vim
940 950 1096 1028 passivam.

402 1051 496 1121 Nunc,
520 1053 660 1130 quoniam
676 1070 731 1130 per
747 1051 878 1129 singulas
893 1069 968 1130 qnae
983 1050 1075 1111 verbo
1090 1050 1228 1113 accidunt
1249 1058 1350 1130 partes
1372 1051 1501 1111 delicere
1519 1050 1599 1109 rerba

317 1154 405 1233 paulo
420 1161 487 1213 ante
503 1154 720 1233 praediximus,
744 1172 832 1233 quem
856 1153 891 1214 ad
914 1153 1033 1214 modum
1056 1156 1087 1214 in
1110 1171 1219 1231 genere
1242 1152 1326 1214 verbi
1351 1153 1497 1213 defectiva
1523 1154 1598 1213 intel·

318 1257 467 1333 legantur,
492 1256 623 1315 breviter
639 1256 874 1334 complectemur.
905 1256 1048 1335 quaedam
1072 1258 1114 1316 sic
1137 1256 1291 1324 deliciunt,
1315 1262 1348 1315 ut
1370 1274 1429 1316 non
1451 1258 1597 1315 invenian-

317 1368 367 1419 tur
398 1358 515 1418 litterae
549 1357 668 1425 solitae,
704 1375 779 1439 quae
806 1360 902 1437 prima
929 1376 1056 1437 persona
1083 1360 1250 1438 praesentis
1278 1360 1422 1438 temporis
1450 1357 1596 1418 indicativi

317 1460 397 1521 modi
419 1479 513 1537 genus
535 1460 755 1528 demonstrant,
780 1477 798 1518 o
820 1461 935 1519 scilicet
959 1469 995 1546 ει
1010 1480 1035 1521 ι.
1066 1479 1099 1521 ca
1123 1468 1190 1521 sunt
1205 1461 1402 1529 huiusmodi,
1427 1468 1460 1519 ut
1484 1462 1595 1521 memini
1606 1482 1619 1517 ι,

317 1581 438 1642 possum
460 1562 559 1622 taedet
580 1565 712 1641 inquam.
757 1562 902 1640 quaedam
925 1581 995 1623 vcro
1017 1581 1054 1623 ιιε
1077 1562 1187 1623 habent
1209 1563 1328 1641 quidem
1351 1566 1480 1643 primam
1502 1582 1595 1643 perso

318 1684 401 1733 nam,
431 1674 463 1725 ut
491 1666 532 1725 sis
560 1666 624 1724 imit
654 1682 716 1723 ave.
762 1683 816 1724 nec
845 1666 940 1725 solum
967 1664 1022 1725 hac
1051 1666 1165 1725 ratione
1193 1665 1348 1735 deliciunt,
1379 1667 1431 1726 sed
1454 1666 1596 1727 interdum

318 1786 425 1827 novum
447 1766 588 1846 quiddam
618 1768 769 1826 invenitur
791 1769 823 1827 in
847 1785 881 1826 eo
904 1764 1010 1835 verbo,
1043 1785 1100 1846 quo
1123 1785 1216 1845 genus
1238 1786 1293 1847 per
1314 1767 1445 1829 litteram
1470 1768 1596 1829 declara·

319 1878 385 1937 tur,
408 1870 523 1929 scilicet
543 1876 578 1929 ut
601 1877 703 1929 contra
725 1872 872 1930 rationem
899 1878 1066 1930 ceterorum
1094 1872 1125 1929 in
1148 1870 1205 1930 ime
1227 1870 1371 1949 producta
1393 1872 1432 1931 sit
1453 1890 1472 1929 o
1494 1871 1595 1933 littera.

318 1982 350 2033 ut
373 1980 418 2032 sto
440 1971 477 2032 do
498 1971 546 2031 llo.
592 1972 643 2031 sed
671 1971 744 2031 haec
772 1980 922 2051 tamquam
951 1970 1149 2051 monosyllaba
1173 1967 1179 2054 Ι
1203 1981 1304 2033 contra
1333 1972 1466 2050 regidam
1495 1973 1624 2051 produ-r·

318 2083 440 2143 riantur,
463 2092 640 2154 quamquam
654 2074 778 2152 Virgilio
801 2075 845 2133 sic
860 2072 1050 2135 observatum
1072 2075 1125 2144 sit,
1149 2082 1182 2135 ut
1204 2093 1290 2135 omne
1313 2074 1436 2135 verlnrm
1459 2095 1478 2134 o
1498 2077 1595 2135 termi-

317 2185 433 2246 natum,
462 2184 660 2255 quotcumque
690 2176 868 2255 syllabarum
898 2184 990 2245 esset,
1020 2176 1235 2255 produceretur
1262 2180 1360 2255 potius
1390 2195 1480 2257 quam
1507 2180 1595 2237 corri-

317 2288 448 2359 peretur.
478 2278 622 2358 quaedam
636 2278 767 2339 litteram
782 2278 956 2339 sollemnem
978 2298 1011 2338 ac
1034 2279 1161 2355 legitimi
1183 2281 1326 2358 temporis
1348 2281 1379 2337 iu
1401 2280 1459 2339 dne
1482 2279 1594 2340 babent.

318 2383 369 2442 sed
392 2382 429 2442 ad
457 2380 683 2459 significandum
710 2398 805 2459 genus
833 2380 909 2439 nihil
931 2380 1066 2459 prodest,
1095 2381 1173 2460 quod
1195 2380 1274 2441 idem
1297 2381 1419 2441 verbum
1443 2390 1493 2442 aut
1514 2383 1595 2441 aliaur

316 2502 475 2564 personam
497 2490 547 2544 aut
568 2484 659 2543 alium
681 2482 800 2543 modum
823 2482 934 2552 adfert,
957 2501 1044 2562 quam
1060 2502 1117 2562 quo
1132 2500 1227 2560 genus
1248 2482 1440 2559 intellegitur,
1465 2492 1497 2544 ut
1518 2484 1625 2543 cados·

317 2587 479 2646 nonenim
502 2587 598 2665 prima
620 2603 748 2664 persona
771 2591 816 2644 est
837 2585 990 2645 indicativi
1013 2584 1092 2645 modi
1116 2588 1261 2664 temporis
1283 2587 1457 2664 praesentis
1481 2586 1531 2645 sed
1554 2604 1595 2645 sc-

317 2688 411 2749 cunda
434 2696 479 2748 est
501 2690 669 2767 imperativi
690 2686 770 2747 modi
793 2689 936 2766 temporis
957 2689 1133 2767 praesentis.
1178 2687 1250 2747 cedo
1273 2690 1352 2747 enim
1375 2688 1520 2766 significat
1541 2688 1596 2747 dic.

401 2789 438 2850 Et
461 2792 600 2869 quoniam
623 2788 659 2849 de
683 2790 828 2849 confessis
851 2792 981 2868 quinque
1004 2789 1166 2867 generibus
1181 2792 1259 2851 'satis
1282 2789 1392 2850 dictum
1415 2798 1474 2859 est,
1497 2790 1532 2849 de
1554 2793 1596 2849 in-
1651 2834 1652 2881 q

316 2892 467 2971 personali
499 2909 608 2969 genere
643 2890 726 2952 verbi
759 2890 941 2969 subiungere
975 2895 1177 2953 necessarium
1211 2900 1265 2952 cst.
1310 2894 1420 2952 etenim
1449 2892 1486 2953 de
1515 2894 1597 2951 istius

317 2994 396 3054 modi
419 2992 519 3053 verbis
541 2994 620 3053 inter
640 2999 755 3053 veteres
777 3000 987 3073 praeceptores
1010 2994 1170 3055 nonnulla
1193 2995 1339 3057 dissensio
1360 3000 1415 3053 est.
1447 2995 1496 3055 alii
1519 2996 1627 3054 enims·

317 3097 374 3157 boc
396 3115 490 3174 genus
512 3095 596 3155 verbi
611 3096 708 3156 modis
724 3095 888 3175 adplicant,
913 3096 963 3157 alii
979 3096 1141 3174 generibus
1163 3099 1261 3175 potius
1284 3103 1313 3156 et
1335 3095 1597 3174 significationibus
1651 3080 1652 3161 l

317 3201 444 3275 iungunt
467 3204 495 3257 et
518 3200 601 3258 aiunt
623 3198 741 3258 modum
764 3216 829 3258 csse
853 3216 911 3257 nou
934 3218 1034 3278 posse,
1058 3201 1197 3278 quoniam
1221 3217 1275 3279 per
1297 3216 1400 3259 omnes
1421 3198 1521 3259 modos
1542 3199 1594 3258 sol·
1651 3206 1652 3213 ³

318 3302 410 3361 lemni
437 3301 612 3377 figruatione
639 3300 788 3361 decurrat.
833 3319 888 3361 uos
915 3301 986 3379 quid
1022 3302 1206 3380 sequendum
1239 3300 1437 3369 arbitremur,
1471 3301 1593 3379 exposita

317 3404 402 3482 prius
434 3403 669 3480 iupcrsonalium
702 3406 833 3464 omnium
866 3406 995 3471 ratione,
1040 3404 1213 3483 pandemus,
1266 3403 1317 3463 sed
1356 3406 1525 3484 priusquam
1560 3400 1594 3460 de
1651 3446 1652 3467 ,

317 3506 391 3585 ipsis
423 3504 662 3584 iupcrsonalibus
695 3507 865 3585 loquamur,
899 3506 955 3569 hoc
987 3508 1176 3585 praemisisse
1209 3506 1282 3566 utile
1316 3513 1375 3573 est,
1410 3513 1443 3565 ut
1476 3506 1594 3563 sciamus
1605 3522 1625 3557 ιι
1651 3498 1652 3579 f

318 3610 414 3667 omnia
443 3606 533 3667 verba
560 3625 635 3685 quae
664 3626 808 3686 personas
834 3608 1002 3685 significant
1030 3610 1128 3669 statim
1158 3615 1188 3668 et
1210 3616 1343 3688 tempora
1366 3608 1542 3685 significare,
1562 3614 1593 3662 ιιι
1651 3648 1652 3681 q

317 3717 387 3788 puta
411 3710 485 3786 legis
508 3708 581 3785 legit
604 3710 720 3786 legebat
743 3718 774 3769 ει
795 3717 908 3778 cetera,
940 3716 1061 3769 atvero
1083 3728 1158 3789 quae
1182 3718 1315 3789 tempora
1339 3711 1518 3787 significant,
1540 3726 1592 3765 nou
1651 3702 1652 3713 *

318 3813 415 3871 statim
445 3817 475 3870 ct
502 3828 658 3889 personas,
689 3810 773 3871 verbi
800 3830 888 3872 causa
915 3820 947 3871 ut
975 3812 1076 3871 dicere
1104 3812 1213 3872 dicitur
1236 3812 1391 3873 dicebatur
1414 3812 1591 3871 dictumest.

317 3932 396 3972 nunc
418 3912 455 3973 dc
477 3914 711 3991 iupcrsonalium
733 3916 761 3974 vi
789 3921 819 3974 et
847 3916 988 3975 varietate
1011 3914 1154 4011 Qemus.
1198 3913 1288 3974 verba
1311 3914 1510 3994 iupcrsonalia
1530 3930 1590 3970 urn-

318 4033 406 4075 scnsu
428 4015 624 4094 plurimorum
641 4015 714 4076 diras
728 4015 839 4077 babent
861 4018 992 4096 specics:
1017 4024 1067 4076 aut
1089 4019 1168 4076 enim
1191 4034 1207 4075 e
1230 4025 1260 4076 ct
1282 4024 1294 4075 t
1316 4016 1428 4077 litteris
1451 4018 1589 4077 finiuntur,
1602 4030 1622 4067 r·

318 4116 446 4177 utlibet
467 4115 566 4176 taedet
588 4118 719 4195 paenitet
741 4118 841 4189 decet,
872 4125 922 4180 aut
949 4121 979 4178 in
1003 4125 1050 4177 tur
1079 4125 1200 4187 exeunt,
1224 4126 1256 4177 ut
1280 4112 1374 4178 statur
1397 4122 1512 4179 venitur
1532 4134 1589 4175 cur·

318 4221 395 4277 ritur
423 4218 532 4294 legitur
557 4218 701 4278 scribitur
728 4220 837 4282 dicitur
865 4222 990 4299 geritur.
1035 4220 1086 4281 sed
1115 4221 1189 4281 haec
1217 4220 1351 4281 delmitio
1373 4221 1521 4300 plerisque
1540 4236 1590 4278 non

320 4355 621 4362 ——--—-—-—-————-

387 4421 404 4469 2
422 4418 587 4487 significatio]
610 4422 750 4473 substantia
770 4424 803 4472 M
870 4425 887 4473 4
906 4425 989 4473 induit
1007 4424 1089 4473 induit
1103 4422 1173 4473 albos
1193 4418 1240 4474 ni:
1258 4425 1338 4489 Verp.
1355 4424 1420 4477 Aen.
1438 4424 1483 4473 Vll
1498 4422 1542 4473 tlt

319 4490 422 4539 luricam
439 4491 479 4540 L:
502 4493 581 4556 Verp.
601 4491 666 4543 Aen.
687 4492 800 4543 v11640
871 4492 990 4559 tverbi]
1008 4493 1128 4543 ueran
1198 4491 1588 4559 intellegunturBMinueuinn·
1651 4544 1652 4547 Ἴ

319 4568 360 4608 tur
376 4562 401 4610 L
451 4558 483 4610 10
502 4561 664 4612 huiusmodi
683 4563 723 4627 (ut
739 4561 782 4611 odi
800 4564 860 4613 noui
877 4564 937 4618 add.
958 4566 993 4615 al.
1008 4564 1088 4627 man.)
1107 4565 1208 4613 memini
1227 4564 1252 4614 B
1269 4566 1394 4615 eiusmodi
1415 4572 1442 4613 ut
1459 4557 1590 4613 meminit!

320 4629 374 4677 eius
391 4630 461 4679 modi
479 4640 506 4678 ιιι
524 4632 584 4680 noui
600 4634 703 4681 memini
723 4636 747 4683 L
801 4633 831 4684 11
853 4630 895 4697 rie]
913 4634 1070 4684 nouBML
1124 4634 1157 4686 lb
1175 4633 1222 4699 sic]
1244 4633 1292 4684 hoe
1305 4634 1339 4683 M
1387 4635 1419 4686 17
1438 4634 1589 4697 corriperetur
1651 4662 1652 4697 q

320 4697 413 4747 influe
431 4701 605 4763 quaedamM
660 4704 693 4754 21
712 4703 759 4753 sed
777 4718 823 4756 om,
844 4702 869 4753 B
924 4704 957 4753 22
976 4702 1026 4770 dic]
1048 4705 1081 4753 da
1099 4703 1141 4753 nel
1160 4704 1274 4753 datiuum
1295 4704 1329 4753 M
1390 4704 1424 4756 ‘23
1442 4697 1590 4753 occlusisti
1651 4698 1652 4717 ¹

370 4767 401 4816 de
419 4770 587 4833 iupcrsonalis
602 4772 656 4822 BL
717 4774 751 4826 25
765 4773 878 4824 desectio
896 4773 926 4822 M
944 4772 1062 4825 discretio
1082 4774 1107 4825 B
1169 4774 1203 4823 ‘27
1218 4774 1334 4824 sollemni
1353 4772 1500 4844 significatio
1516 4770 1587 4835 (corn
1651 4764 1652 4777 ¹

321 4833 394 4898 one)
414 4838 525 4890 decurrit
543 4840 576 4889 M
