3350 5442
302 318 343 383 72
859 315 1034 380 cteuouu

327 444 349 484 p.
363 431 463 472 totu-to
476 429 499 469 P.

272 512 426 599 ³cipiunt,
450 509 527 588 quod
552 527 568 569 a
591 506 681 570 verbo
705 507 791 566 venit.
837 507 984 566 tunicatus
1005 511 1139 566 comatus
1161 513 1191 565 ct
1212 504 1357 583 galeatus,
1388 505 1458 582 quia
1480 505 1586 580 signill-
1660 528 1661 587 ξ

185 611 466 682 sceleratioribus
488 618 604 680 carent,
628 608 766 686 ambigua
794 609 951 687 participia
973 617 1051 668 sunt.
1078 641 1113 651 -
1139 608 1188 668 Ex
1210 606 1348 684 quihus
1370 613 1457 666 sunt
1478 607 1586 666 etiam

301 713 381 774 illa:
419 715 474 774 ista
508 710 596 773 dubia
625 719 694 772 suut
722 709 835 771 utalia
863 729 939 790 quae
965 715 1106 770 secuntur
1133 708 1189 770 sub
1218 707 1411 788 sequentibus
1438 707 1585 787 exemplis.
1660 706 1661 773 i

302 833 370 875 uam
400 823 429 874 et
455 831 581 894 pransus
609 819 638 872 ct
664 820 786 872 cenatus
808 811 888 891 quod
910 810 1031 880 dicitur,
1054 810 1203 888 prandeor
1225 818 1255 872 et
1276 829 1368 871 ccuor
1390 827 1452 871 nou
1473 810 1584 871 dicitur.

301 924 371 977 suut
392 915 546 995 participia
561 919 638 994 quac
653 933 669 974 a
686 912 783 974 verbis
805 911 988 974 neutralibus
1010 912 1133 973 veniunt
1154 920 1184 973 et
1206 920 1304 973 tamen
1325 907 1496 996 praclflteriti
1518 920 1609 972 tem-1»

301 1019 382 1098 poris
405 1036 459 1079 uec
482 1035 541 1078 nou
565 1025 594 1077 et
615 1017 722 1086 futuri,
746 1015 824 1095 quod
850 1012 934 1098 [uon]
958 1016 988 1075 iu
1003 1013 1059 1075 dus
1072 1012 1214 1093 syllabam
1230 1016 1302 1085 exit,
1326 1034 1431 1076 sonum
1446 1016 1590 1076 sustinere

302 1121 506 1198 reperiuntur,
537 1126 570 1179 ut
596 1117 673 1198 apud
702 1116 872 1178 Sallustium
901 1121 1071 1201 ‘cenatos
1098 1136 1183 1178 esso
1215 1118 1448 1178 in·castris’.
1493 1119 1533 1177 ita
1562 1125 1590 1176 et

302 1221 379 1300 apud
403 1219 577 1300 Vergilium,
601 1224 825 1280 ‘monstrum
854 1217 1081 1279 horrendum
1102 1220 1262 1296 iugens'.
1306 1237 1385 1280 nuuc
1407 1218 1481 1279 hacc
1504 1220 1590 1298 parti·
1660 1204 1661 1267 ἶ

302 1324 377 1401 cipla
413 1340 526 1401 quaca
554 1322 652 1384 verbis
674 1319 679 1405 Ι
704 1319 887 1383 neutralibus
915 1321 1037 1380 veniunt
1064 1321 1216 1399 praeteriti
1244 1319 1286 1382 vel
1315 1323 1406 1382 luturi
1439 1330 1590 1382 auctorum
1660 1352 1661 1383 1

302 1423 466 1502 probantur
494 1423 647 1504 exeurplis.
681 1457 715 1468 —
745 1426 854 1485 Amans
881 1424 1001 1502 sapiens
1029 1430 1059 1482 et
1080 1430 1177 1482 cetera
1201 1422 1319 1502 quando
1341 1433 1542 1504 conparantur
1564 1431 1623 1484 uu
1660 1426 1661 1467 ἒ

303 1523 442 1585 adverbia
464 1526 575 1588 iaciunt
598 1533 626 1587 et
648 1527 784 1605 genetivo
799 1527 881 1586 casui
897 1526 1126 1602 coniunguntur,
1152 1522 1248 1605 [quia]
1271 1526 1391 1586 nomina
1413 1535 1491 1595 sunt,
1516 1525 1593 1587 uode
1660 1524 1661 1527 ’

203 1685 205 1688 .
304 1626 458 1688 Sallustius
488 1627 620 1688 ‘alicui
656 1635 853 1712 appetens
890 1627 947 1686 sui
974 1627 1185 1706 prolusus',
1219 1628 1405 1705 ‘fugitans
1438 1627 1591 1696 litium’,
1660 1668 1661 1671 =

302 1730 442 1807 quoniam
468 1731 624 1810 participia
653 1747 708 1790 uec
736 1735 936 1808 conparantur
964 1746 1020 1790 uec
1046 1727 1184 1789 adverbia
1217 1731 1330 1790 iaciunt
1357 1738 1386 1789 ct
1420 1731 1592 1799 accusativo,

259 1845 290 1893 15
303 1849 361 1892 nou
391 1833 525 1909 genetivo
554 1833 724 1910 iunguntur.
757 1865 791 1874 -
823 1831 865 1889 Vt
885 1847 1058 1909 pransus,
1083 1838 1248 1892 cenatus:
1271 1838 1391 1910 rogatus
1413 1840 1444 1893 et
1465 1838 1592 1902 cenatus,
1660 1844 1661 1849 ’

304 1933 329 1992 si
358 1931 394 1992 ad
421 1932 574 1996 hominum
602 1932 741 1995 vocabula
770 1940 984 2012 contorqueas,
1015 1934 1134 1993 uomina
1163 1941 1246 2002 sunt;
1276 1935 1394 1994 sivero
1417 1933 1626 2014 adtempus¹⁵

259 2049 290 2098 18
302 2036 432 2114 propriis
459 2046 528 2097 suut
555 2034 728 2098 nominibus
755 2034 885 2104 adiecta,
915 2035 1077 2114 participia.
1108 2068 1150 2078 —
1176 2035 1261 2096 Nam
1291 2054 1405 2097 noceo
1439 2034 1593 2104 dicitur,

303 2138 464 2198 iuuocco
486 2156 557 2199 nou
580 2136 733 2199 licitur:
757 2156 852 2199 noceo
867 2155 979 2197 nocens
994 2135 1167 2215 simpliciter
1182 2137 1323 2206 dicimus,
1346 2139 1474 2197 innoc-eu
1496 2138 1596 2198 lacere
1660 2168 1661 2173 κ

258 2253 363 2310 eonon
390 2246 497 2318 potest.
526 2273 568 2285 -
597 2239 691 2300 Sunt
717 2238 846 2300 multa:
881 2256 985 2317 passus
1017 2240 1205 2319 participium
1239 2239 1357 2318 quando
1384 2239 1518 2308 declino,
1547 2239 1594 2301 hic
1660 2260 1661 2265 ¹

303 2358 408 2420 passus
436 2340 521 2402 huius
549 2343 630 2421 passi
660 2342 744 2409 lacit;
775 2340 824 2404 hic
850 2358 954 2420 passus
982 2339 1071 2400 huius
1100 2359 1202 2420 passus
1229 2359 1349 2402 nomeu.
1396 2337 1540 2420 silmilitcr
1568 2351 1597 2401 ct
1660 2370 1661 2373 ¹

304 2444 384 2504 visus
414 2441 522 2503 cultus:
555 2461 623 2504 nam
651 2442 702 2503 ille
728 2446 884 2522 genetivus
911 2443 943 2502 in
970 2442 994 2511 i,
1022 2440 1073 2501 illc
1100 2443 1131 2502 in
1159 2461 1203 2503 us.
1249 2445 1364 2503 namsi
1386 2445 1629 2504 nominamur

257 2559 288 2606 21
303 2563 363 2606 nou
385 2544 495 2606 habent
518 2555 666 2625 tempora,
695 2546 720 2606 si
742 2545 896 2625 participia
917 2550 1001 2612 sunt,
1024 2543 1136 2604 habent
1156 2551 1300 2624 tempora.
1328 2579 1363 2588 —
1387 2545 1597 2625 Participia

304 2646 431 2707 eadem
454 2655 490 2707 ot
512 2648 675 2715 nomina,
700 2653 737 2707 ut
756 2664 890 2742 passus
911 2647 1014 2706 risus
1043 2644 1160 2725 (luorum
1181 2647 1403 2727 participiorum
1418 2646 1597 2716 vocabulum

304 2747 363 2810 talc
386 2756 444 2817 est,
469 2749 547 2828 quod
570 2767 626 2810 uec
648 2749 801 2829 participia
824 2767 881 2808 uec
903 2749 1036 2817 uomina,
1061 2748 1113 2808 scd
1136 2756 1206 2810 suut
1226 2750 1346 2810 uomina
1368 2751 1535 2830 participiis
1558 2752 1596 2810 si·
1660 2798 1661 2811 ,

259 2849 395 2930 tanrilla)
420 2849 556 2911 cultus:
598 2847 782 2931 [coeptum
811 2850 982 2930 praeteriti;
1011 2867 1155 2929 praescus
1181 2869 1311 2930 coepens
1338 2871 1399 2912 non
1426 2853 1506 2912 lacit.
1547 2871 1596 2912 ur·

304 2952 439 3032 guendus
465 2953 627 3032 praeterito
653 2971 713 3012 uon
742 2953 813 3012 lacit
840 2970 935 3013 ursus.
982 2952 1154 3031 urguendus
1185 2971 1316 3031 urgueus
1352 2949 1444 3036 lacit]
1489 2959 1632 3032 passusli

305 3073 413 3116 nomen
442 3062 499 3124 cst,
529 3052 647 3134 quaudo
675 3053 799 3132 gradum
828 3055 987 3132 significan
1016 3055 1220 3134 participium,
1256 3055 1374 3132 quaudo
1403 3055 1513 3135 aliquid
1541 3075 1600 3115 uos

305 3175 462 3236 perpessos
485 3155 682 3226 demonstrat;
708 3165 737 3218 et
757 3156 875 3236 quando
891 3174 1000 3217 nomeu
1023 3165 1076 3225 est,
1094 3165 1215 3237 quartae
1238 3156 1456 3226 declinationis;
1480 3158 1600 3235 quaudo

306 3259 501 3339 participium,
526 3257 683 3320 secundae.
725 3260 816 3329 visne,
841 3256 958 3335 quaudo
981 3256 1018 3318 ali
1041 3257 1099 3318 alio
1121 3277 1176 3320 nos
1199 3259 1292 3320 videri
1315 3258 1505 3328 ostendimus,
1529 3279 1599 3340 par·

260 3375 292 3423 ‘23
306 3363 438 3441 ticipium
462 3367 520 3428 est;
545 3360 662 3440 quaudo
685 3363 776 3422 visum
798 3363 911 3440 ipsum,
936 3378 1044 3420 nomeu
1067 3368 1121 3421 est.
1145 3394 1187 3404 —
1211 3362 1254 3421 Vt
1276 3369 1333 3422 est
1360 3370 1514 3442 coeptus
1536 3381 1599 3424 ur·

305 3463 487 3542 gueudus:
512 3461 561 3524 alii
584 3462 702 3540 quidem
719 3461 821 3523 volunt
843 3461 1015 3540 urgueuclus
1029 3480 1118 3522 ursus
1138 3461 1253 3532 lacere,
1276 3463 1355 3524 uude
1377 3471 1407 3524 ct
1429 3466 1491 3524 ursi
1514 3463 1598 3532 dicti,
1612 3471 1635 3505 ³⁰

308 3568 311 3647 ]
337 3564 414 3642 quod
439 3585 471 3625 sc
494 3573 618 3642 urgeant
640 3564 805 3635 currendo,
829 3575 860 3627 ct
882 3566 975 3642 urg'eo
998 3565 1069 3624 ursi.
1106 3581 1155 3626 ars
1178 3565 1298 3642 quidem
1321 3564 1395 3625 haec
1415 3565 1522 3634 habet,
1545 3566 1600 3626 secl

306 3666 453 3746 euphonia
483 3684 572 3727 sonos
599 3668 672 3728 istos
700 3666 820 3728 sustulit
850 3667 887 3727 de
914 3665 1131 3727 consuetudine
1160 3675 1189 3727 ct
1211 3666 1388 3727 defectivum
1411 3668 1602 3746 participium

195 3761 196 3764 '
259 3771 384 3833 usserit.
409 3803 448 3812 -
471 3769 577 3829 Fieri
608 3788 718 3849 posse
746 3787 814 3829 non
844 3766 939 3828 nulli
968 3776 1115 3846 negant:
1145 3786 1206 3828 nou
1234 3778 1279 3830 est
1307 3768 1489 3829 credendum
1518 3768 1600 3848 quorl

306 3869 413 3932 salsum
438 3878 488 3930 est
522 3878 656 3930 amanter
678 3872 758 3931 verrit
780 3869 817 3931 ah
841 3888 876 3930 eo
899 3870 977 3946 quod
1001 3879 1045 3931 est
1067 3887 1177 3930 amans.
1217 3869 1305 3932 modo
1328 3888 1388 3930 uon
1411 3872 1602 3949 participium

306 3980 363 4047 est,
389 3963 439 4032 secl
463 3991 587 4041 nomen,
617 3973 647 4032 iu
670 3981 781 4034 tautum
806 3980 839 4032 ut
861 3973 948 4031 etiam
970 3959 1212 4050 conparationem
1235 3970 1389 4051 reci]'piat:
1419 3971 1489 4032 lacit
1517 3974 1638 4032 cuim'i')

374 4177 435 4228 Coo.
456 4176 533 4228 Bere.
553 4173 722 4228 Xl17-8*.
794 4175 887 4225 ldicit
904 4148 1031 4240 prandeor
1101 4175 1255 4226 dicitursed
1274 4176 1410 4244 participia
1428 4192 1493 4241 quoe
1508 4177 1602 4246 aduer-

306 4247 356 4296 hiis
426 4246 564 4313 tlsyllabu
633 4246 847 4312 7reppcriuutur
916 4254 979 4309 aput
1049 4253 1153 4295 cenatus
1222 4247 1322 4312 Saput
1391 4250 1529 4297 orreudum

309 4314 481 4383 trutannus]
506 4317 622 4367 dicamus
692 4317 726 4366 ²2
749 4317 863 4365 eaurl.et
887 4316 990 4365 uomina
1059 4329 1138 4380 pasus
1160 4333 1228 4370 corr.
1250 4321 1285 4370 ol.
1310 4333 1376 4366 oran.
1400 4333 1495 4382 passus
1565 4320 1602 4368 27

307 4395 394 4499 quart:
408 4437 543 4488 declinatio
613 4437 778 4487 reserunda
830 4435 861 4484 ab
881 4434 931 4485 alio
949 4408 1016 4488 corr.
1036 4437 1068 4485 ab
1085 4436 1135 4486 alto
1204 4438 1239 4490 tu
1256 4453 1334 4501 quam
1352 4438 1426 4488 uisus
1445 4441 1529 4504 ipsum

306 4508 340 4557 30
359 4523 433 4558 ursus
450 4525 496 4563 om.
567 4507 601 4560 32
619 4507 722 4557 eulouie
741 4506 811 4556 souis
829 4509 910 4566 (corr.
928 4507 996 4570 soni)
1014 4507 1076 4555 istos
1094 4507 1152 4555 tulit
1239 4507 1273 4559 33
1292 4507 1353 4557 lecit
1370 4523 1447 4574 posse
1467 4525 1516 4560 uon
1536 4511 1601 4560 nulli

308 4586 400 4642 rregaut
419 4577 473 4628 lieri
493 4593 569 4643 posse
587 4581 639 4628 'uon
658 4585 696 4630 est
714 4577 870 4628 credendum
939 4575 974 4628 34
992 4576 1087 4626 salsum

376 4733 391 4782 7
414 4733 482 4799 apud
506 4730 665 4799 Sallustium]
689 4731 803 4797 Inperti.
827 4730 885 4791 loo,
905 4733 921 4780 4
989 4729 1007 4781 8
1028 4731 1097 4796 apud
1115 4731 1269 4800 Vergilium]
1294 4734 1359 4787 Aera.
1381 4734 1424 4783 llll
1444 4733 1494 4786 181
1568 4736 1605 4785 12

307 4801 455 4869 Sallustius]
477 4804 549 4854 Catil.
566 4805 624 4867 5,4
695 4800 819 4869 lugiteus]
846 4801 947 4853 Terent.
966 4800 1068 4850 Plrorm.
1089 4800 1172 4865 11113,
1193 4803 1225 4853 ts
