3350 5442
291 306 352 373 152
856 306 1009 417 Pottpull

316 432 337 472 p.
352 419 440 459 ito-28
453 418 475 457 t.

288 501 385 580 primo
407 498 464 558 hoc
484 499 585 577 ipsum
607 505 667 558 tam
682 495 768 577 quale
790 496 963 559 adverbium
987 498 1050 558 esti
1074 496 1247 559 adverbium
1262 499 1445 577 conparativi
1461 496 1586 575 gradus·

290 620 349 681 qno
370 599 460 661 modo
482 599 573 661 dicis?
600 602 739 680 quoniam
767 601 1010 679 conparationem
1033 600 1104 661 lacit
1127 618 1162 659 ex
1185 599 1376 680 aequalitate,
1405 600 1463 661 hoc
1487 602 1588 679 ipsum

290 712 349 764 tam
377 704 597 782 conparativum
627 708 686 772 est,
714 703 744 761 in
773 710 819 762 est
846 702 1027 782 conparativi
1050 703 1108 762 iarn
1131 702 1240 780 gradus
1263 711 1316 763 est.
1360 702 1440 764 unde
1463 708 1590 780 apparet

289 807 358 885 quia
389 806 595 884 conparativns
628 813 681 865 est.
719 804 919 866 animadverte
947 823 1033 883 ergo,
1068 812 1097 864 et
1125 804 1252 875 videbis,
1281 822 1370 881 quem
1399 803 1436 864 ad
1464 802 1588 864 modum

290 926 351 969 non
378 913 424 969 est
451 926 564 969 verum.
610 906 658 967 dic
680 906 766 977 milri,
797 915 895 968 utrum
925 924 1047 987 possum
1072 906 1172 968 dicere
1195 916 1254 967 tam
1277 907 1408 968 doctiori
1443 905 1615 986 numquua

289 1028 412 1089 possum
434 1008 553 1069 dicere?
575 1028 635 1071 non
658 1007 744 1078 licet,
766 1008 960 1069 soloecismus
982 1016 1036 1069 est.
1074 1010 1182 1086 qnare?
1204 1010 1344 1089 quoniam
1367 1017 1426 1069 tarn
1450 1009 1509 1070 hoe
1533 1016 1589 1077 est,

291 1112 369 1193 qnod
399 1120 444 1172 est
472 1112 596 1172 doctior.
639 1110 708 1173 ideo
736 1129 796 1171 non
823 1109 890 1171 dico
918 1118 977 1171 tam
1005 1110 1134 1180 doctior,
1164 1130 1201 1173 ne
1223 1111 1324 1172 videar
1346 1111 1447 1172 dicere
1470 1110 1592 1170 doctior

291 1214 422 1283 doctior;
456 1213 523 1273 ideo
556 1232 617 1274 non
650 1213 717 1275 dieo
749 1222 810 1273 tam
841 1212 1040 1283 doctissimae,
1070 1231 1109 1273 ne
1138 1212 1238 1274 videar
1266 1213 1366 1274 dicere
1396 1212 1592 1274 doctissimus

292 1313 489 1378 doctissimus.
534 1325 593 1377 tam
622 1317 701 1375 enim
729 1316 786 1375 vim
815 1314 906 1376 habet
933 1314 1125 1395 conparandi,
1171 1332 1242 1393 ergo
1270 1318 1295 1375 si
1322 1316 1380 1376 hoc
1406 1318 1505 1395 ipsum
1529 1322 1592 1375 tam

291 1421 351 1480 vim
378 1417 469 1481 habet
496 1417 692 1497 conparandi,
729 1416 1004 1498 quotienscnmlque
1030 1418 1161 1495 iungitur
1188 1416 1328 1497 positivo,
1363 1416 1421 1479 talc
1449 1424 1495 1479 est
1530 1425 1629 1478 tamn

269 1536 272 1551 ·
294 1521 415 1590 doctus,
440 1519 526 1601 quale
547 1522 572 1580 si
594 1519 677 1580 dicas
699 1518 823 1580 doctior.
857 1520 966 1599 quare?
988 1520 1056 1599 quia
1078 1518 1135 1579 hoc
1156 1521 1254 1599 ipsum
1277 1528 1336 1580 tam
1359 1519 1475 1592 doctior
1498 1521 1594 1597 signi·

293 1625 370 1683 licat.
404 1622 482 1683 unde
504 1629 628 1702 apparet
650 1622 792 1700 quoniam
816 1640 876 1682 non
900 1628 944 1681 est
964 1640 1066 1683 verum
1089 1620 1169 1701 quod
1192 1620 1303 1683 dicunt
1335 1621 1442 1683 deinde
1465 1629 1512 1681 εει
1536 1620 1594 1681 alia

293 1726 368 1786 ratio
391 1723 532 1793 validior,
561 1741 637 1803 quae
665 1721 758 1784 solvat
783 1726 869 1784 istam
897 1725 1111 1803 quaestionem.
1156 1724 1223 1804 quia
1252 1723 1380 1785 diximus
1402 1725 1594 1803 conparatio·

245 1828 249 1833 “
293 1844 362 1889 nem
386 1843 452 1887 esse
475 1825 673 1887 elocutionem
695 1843 770 1905 qnae
791 1844 827 1886 ex
843 1824 964 1887 alterius
978 1825 1144 1887 conlatione
1159 1823 1283 1887 alterum
1299 1827 1444 1905 praefert,
1469 1824 1594 1903 quando

295 1929 421 2002 dicimus
444 1932 520 1989 ‘tam
543 1927 648 1988 doctus
671 1935 716 1989 εει
730 1928 779 1988 hic
794 1946 884 2007 quam
905 1926 983 1999 ille’,
1006 1947 1064 2008 quo
1086 1927 1174 1989 modo
1196 1936 1282 2008 potes
1304 1928 1377 1988 milri
1399 1927 1499 1989 dicere
1524 1924 1594 1987 ‘hic
1608 1949 1631 1989 ιι

295 2039 355 2092 tam
377 2030 481 2091 doctus
502 2038 549 2091 εει
570 2048 659 2109 quam
679 2029 757 2099 ille',
786 2048 855 2091 cum
878 2048 939 2091 non
960 2028 1139 2110 praetuleris
1161 2028 1260 2090 illum?
1297 2029 1444 2110 quemad
1468 2029 1594 2089 modum

295 2140 341 2193 εει
363 2132 549 2212 conparatio?
572 2134 681 2193 namsi
697 2130 785 2192 ambo
801 2133 939 2193 allectum
955 2130 1074 2202 habent,
1098 2139 1128 2191 et
1150 2139 1256 2193 neuter
1278 2131 1425 2211 praelatus
1449 2138 1505 2200 est,
1531 2148 1596 2190 non

295 2241 342 2294 εει
364 2236 543 2311 conparatio.
590 2236 763 2313 conparatio
786 2240 885 2294 autem
908 2233 985 2295 hanc
1008 2232 1098 2293 habet
1120 2240 1271 2303 naturam,
1301 2241 1333 2293 ut
1355 2232 1480 2294 alterurn
1505 2232 1596 2294 alteri

293 2336 452 2417 praeierat.
491 2336 570 2397 unde
593 2344 716 2416 apparet
738 2336 878 2415 quoniam
900 2334 974 2396 illud
996 2333 1103 2395 salsum
1126 2341 1180 2397 est.
1218 2337 1360 2396 remansit
1382 2352 1453 2413 ergo
1475 2341 1509 2395 ut
1532 2342 1597 2395 tres

295 2438 356 2498 sint
376 2437 500 2515 gradus,
524 2439 667 2517 positivus
688 2439 897 2516 conparativus
919 2437 1125 2517 superlativus.
1608 2460 1632 2497 ao

176 2590 236 2651 407,
252 2589 284 2638 14
380 2572 471 2635 Plane
494 2576 549 2634 iste
571 2576 714 2653 positivus
737 2575 834 2635 omnia
858 2575 964 2655 recipit
986 2592 1110 2653 genera,
1135 2580 1164 2634 ει
1186 2573 1394 2644 mascnlinum,
1419 2572 1541 2643 doctuS,
1567 2582 1598 2633 et

294 2677 485 2745 femininum,
514 2674 615 2746 docta,
646 2684 676 2737 et
703 2683 858 2746 nentrum,
887 2676 1021 2747 (loetum,
1052 2684 1080 2738 et
1102 2694 1274 2745 commune,
1304 2674 1420 2745 docilia,
1450 2682 1479 2735 et
1502 2676 1595 2735 trium

296 2795 457 2856 generum,
481 2797 592 2840 amans.
638 2779 756 2858 positivi
779 2786 850 2839 sunt
871 2796 974 2838 ornnes
997 2798 1069 2858 quos
1092 2778 1160 2838 dixi.
1207 2779 1412 2857 conparauvus
1433 2777 1492 2838 duo
1515 2780 1596 2838 reci·

295 2881 339 2958 pit
364 2898 489 2958 genera,
519 2886 661 2941 neutrum
684 2890 714 2941 et
744 2884 917 2951 commune,
941 2880 1054 2942 doctius
1077 2879 1201 2942 doctior.
1246 2877 1442 2959 superlativus
1465 2880 1525 2939 tria
1549 2898 1596 2939 re·

178 2997 237 3057 491,
254 2982 371 3060 recipit
392 2999 517 3060 genera,
541 2981 736 3042 masculinnm
759 2982 934 3044 femininum
958 2991 1111 3050 nentrum,
1136 3000 1192 3042 nec
1214 2979 1341 3059 amplius
1362 2982 1491 3062 penitus.
1519 2982 1595 3041 itcnr
1610 3006 1633 3045 aa

297 3089 342 3142 est
364 3081 451 3142 alind.
497 3084 528 3143 in
550 3084 674 3163 positivo
696 3083 805 3145 meritae
826 3092 897 3145 sunt
917 3082 1052 3161 regulae,
1082 3082 1238 3163 aliqnando
1260 3084 1291 3142 in
1314 3100 1362 3151 us,
1386 3091 1418 3143 ut
1440 3082 1565 3151 doctus,
1592 3082 1595 3161 l

297 3184 454 3264 aliquando
477 3186 507 3244 in
530 3204 560 3256 a,
575 3193 623 3245 'ut
644 3185 745 3255 docta,
776 3184 933 3265 aliquando
954 3187 985 3246 in
1006 3203 1071 3256 um,
1100 3193 1132 3245 nt
1160 3185 1294 3254 doctum,
1322 3182 1481 3264 aliqnando
1504 3186 1537 3245 in
1562 3187 1597 3255 ie,

297 3294 330 3346 nt
358 3283 475 3356 docilis,
508 3286 663 3367 aliquando
696 3290 727 3347 in
760 3307 826 3358 ans,
861 3296 897 3349 ιιι
923 3306 1038 3356 amans,
1069 3286 1227 3367 aliquando
1255 3288 1285 3346 in
1310 3292 1357 3356 er,
1390 3293 1423 3347 ut
1450 3286 1596 3366 pulcher:

298 3390 397 3449 variae
425 3397 493 3449 sunt
521 3388 657 3468 regulae,
684 3397 753 3450 sunt
775 3397 873 3451 autem
896 3386 970 3450 Xlll.
1009 3391 1215 3469 conparatione
1242 3395 1356 3449 tantum
1384 3389 1458 3450 duas
1487 3392 1597 3469 recipit

298 3488 431 3569 regulas,
454 3492 485 3550 in
507 3509 541 3551 or
565 3500 594 3552 ει
615 3493 645 3552 in
667 3510 710 3553 us.
741 3491 939 3571 superlativus
954 3500 1015 3552 tres
1031 3490 1135 3565 habet,
1158 3494 1249 3552 simus
1265 3490 1338 3552 sima
1354 3493 1468 3551 simum.
1501 3510 1633 3571 quarem

272 3668 276 3676 1
298 3594 370 3653 istas
392 3591 511 3671 regulas
533 3593 611 3653 dixi?
633 3596 771 3673 qnoniam
787 3594 919 3655 incidere
935 3592 1045 3655 liabent
1060 3592 1156 3673 aliqua
1173 3595 1291 3654 nomina
1315 3612 1388 3673 quae
1409 3594 1469 3652 siut
1492 3604 1596 3653 contra

297 3696 371 3755 istas
392 3694 520 3773 regulas,
551 3696 627 3756 scire
643 3695 735 3757 debes
750 3698 889 3776 quoniam
913 3693 1047 3755 anomala
1070 3702 1099 3755 et
1121 3694 1261 3756 deficiunt
1283 3702 1312 3755 ot
1333 3694 1500 3776 inaequalia
1514 3702 1595 3757 sunt.

125 3785 131 3798 ⁸
181 3814 239 3877 430,
254 3798 508 3877 aeconparativus
528 3796 638 3875 gradus
660 3800 780 3876 generis
803 3806 848 3859 est
870 3816 988 3879 sempor
1011 3800 1191 3868 communis,
1223 3796 1351 3867 doctior,
1376 3804 1501 3876 excepto
1525 3817 1595 3865 uno,

301 3908 333 3961 nt
353 3901 395 3960 ait
416 3897 545 3968 Probus,
575 3902 682 3960 senior.
728 3918 796 3961 nam
819 3918 909 3961 senex
933 3899 1073 3969 dicimus,
1103 3900 1202 3961 senior
1230 3918 1291 3959 non
1313 3916 1472 3979 possumus
1496 3899 1597 3961 dicere

301 4002 337 4062 de
352 4000 478 4062 demina.
524 4008 622 4062 tamen
650 4002 816 4063 invenimus
844 4000 952 4063 lectum
980 4000 1057 4081 apud
1080 4002 1231 4082 antiquos,
1256 4020 1315 4063 non
1337 4002 1461 4062 idoneos
1485 4008 1634 4083 tamense

372 4324 488 4375 7diccre
507 4324 605 4374 doctior
623 4324 720 4373 doctior
737 4326 795 4375 ideo
815 4325 886 4376 BCa
905 4325 990 4374 dicere
1009 4325 1107 4375 doctior
1124 4326 1182 4375 ideo
1202 4323 1226 4373 Α
1296 4325 1313 4376 8
1331 4324 1416 4375 dicere
1432 4326 1597 4377 doctissimus

303 4436 390 4450 ,,,,,
410 4396 587 4456 (doctissimus
605 4402 657 4443 tarn
677 4396 743 4444 enirn
763 4395 826 4446 adu.
840 4395 869 4459 a)
887 4396 938 4444 uim
957 4394 1032 4445 habet
1056 4396 1212 4461 cooperandi
1231 4396 1255 4444 Α
1325 4394 1342 4446 9
1361 4410 1423 4462 ergo
1442 4397 1465 4445 εἰ
1480 4424 1516 4433 -
1536 4412 1597 4447 eon-

301 4465 408 4533 parandi
427 4480 473 4515 ont.
489 4465 523 4524 A,
544 4465 605 4517 edd.
624 4480 640 4514 a
712 4464 744 4515 13
762 4480 812 4527 qna
829 4465 908 4527 (quae
924 4480 991 4515 corr.
1012 4480 1061 4528 qvia
1080 4466 1105 4514 Α
1124 4481 1199 4530 qnam
1218 4462 1251 4528 C)
1270 4466 1382 4516 diximus
1396 4481 1455 4516 εεεε
1470 4480 1597 4533 conpara-

301 4537 397 4585 tionem
412 4536 439 4585 id
456 4544 495 4586 εει
511 4536 663 4585 locutionem
682 4534 707 4583 A
716 4535 766 4585 BC
837 4537 867 4584 lu
886 4544 969 4599 potest
984 4535 1069 4587 ABG
1138 4536 1170 4587 tv
1190 4536 1256 4585 unde
1275 4546 1380 4603 apparet
1400 4539 1521 4601 qnoniam
1546 4552 1595 4586 non

302 4616 341 4655 εει
356 4621 443 4655 uerum
462 4606 529 4669 qnod
546 4604 632 4655 dieunt
647 4606 738 4655 deinde
757 4613 795 4654 est
808 4605 924 4654 —alteri
938 4604 1065 4672 praeierat
1083 4606 1151 4655 unde
1168 4617 1273 4670 apparet
1287 4607 1406 4671 quoniam
1421 4606 1485 4656 illud
1503 4606 1597 4657 lalsnm

303 4684 342 4725 est
359 4676 473 4737 repetitu
491 4677 522 4726 tie
537 4676 802 4741 quaeanteacerdpta
818 4682 891 4725 eram
908 4676 933 4725 Α
985 4674 1019 4725 30
1038 4676 1064 4723 in
1083 4689 1111 4725 or
1126 4684 1150 4725 et
1167 4670 1192 4725 in
1212 4690 1242 4726 ne
1261 4678 1286 4727 Α
1305 4679 1332 4727 in
1347 4690 1375 4727 or
1391 4684 1416 4727 et
1432 4678 1459 4725 in
1475 4678 1515 4726 ius
1533 4676 1599 4727 BGa

299 4745 414 4810 sortasse
431 4748 469 4795 ior
487 4756 513 4795 et
531 4746 571 4794 ins
658 4745 692 4796 34
711 4746 783 4810 probi
804 4746 837 4796 0:
853 4746 931 4798 Proh.
948 4747 1025 4797 instit.
1047 4752 1097 4797 ort.
1112 4762 1141 4809 p.
1160 4744 1202 4803 ot,
1221 4746 1237 4797 3
1325 4745 1463 4798 tatamen
1482 4761 1529 4797 noa
1548 4745 1599 4797 hoe

304 4829 407 4866 seruare
426 4814 466 4866 Cb
479 4824 565 4865 tamen
579 4828 631 4865 non
652 4829 755 4866 seruare
772 4814 798 4865 B
812 4823 897 4866 tamen
916 4829 974 4865 nam
992 4829 1095 4865 seruare
1115 4815 1139 4864 Α

520 5064 530 5100 l
