3350 5442
612 373 819 437 instat
1300 367 1365 436 4ὅὸ

101 493 122 534 ρ,
136 481 194 522 arsa.
208 481 234 522 se
248 480 269 520 a.
1185 492 1207 534 p.
1222 482 1264 522 scr.
1277 481 1303 522 es
1317 479 1339 522 ι.

71 560 141 621 νοΙο
163 562 244 623 volas
265 561 407 622 velivolus
436 559 530 640 (uude
554 565 668 622 ‘mare
692 561 941 641 velivolum'),
971 581 987 622 a
1010 563 1115 640 frango
1137 561 1298 639 naufragus
1320 561 1363 621 vel

71 665 255 742 navifragus.
300 665 331 724 in
360 682 410 724 um
439 681 556 743 quoque
585 663 630 722 vel
659 665 690 723 in
719 681 798 733 rum,
829 671 861 723 ut
889 662 963 723 vado
991 661 1076 744 [hoc]
1101 663 1207 725 vadum
1232 661 1293 742 [vel
1314 663 1363 722 liic

70 783 125 826 vas
147 765 238 826 buius
260 763 373 844 vadis],
403 764 502 843 scalpo
530 764 693 844 scalprum,
723 764 813 827 lulcio
843 764 987 835 fulcrum,
1016 767 1107 843 lungo
1134 767 1246 843 iugum.
1291 763 1364 824 tium

70 875 103 926 et
126 886 145 927 o
167 865 246 928 finali
274 873 388 928 tantum
417 867 530 927 reiecta
558 866 594 926 de
623 865 722 926 verbis
750 868 870 926 nomina
892 868 923 926 in
946 884 980 925 er
1002 866 1182 936 desinentia,
1205 874 1239 926 ut
1261 884 1277 926 a
1299 866 1364 925 lero

43 969 120 1029 svel
143 987 215 1046 gero
248 970 401 1048 conposita
429 966 536 1028 lucifer
563 969 712 1045 corniger.
758 970 844 1038 item,
868 969 1003 1047 quamvis
1024 983 1106 1037 rara,
1131 969 1205 1028 liunt
1226 974 1362 1029 tamena

71 1069 175 1130 verbis
197 1071 329 1139 nomina,
353 1087 429 1148 quae
453 1071 631 1149 inceptivam
653 1068 852 1147 paenultimae
876 1069 921 1130 vel
944 1069 1213 1150 antepaenultimae
1235 1067 1363 1148 syllabae

69 1171 158 1232 verbi
186 1179 397 1232 consonantem
426 1177 493 1232 ante
522 1169 683 1232 clausulam
711 1169 822 1232 babent
850 1173 1019 1242 nominum,
1047 1180 1080 1232 nt
1109 1174 1139 1232 in
1165 1188 1204 1231 cn
1226 1178 1256 1231 cl
1278 1173 1309 1231 in
1331 1189 1365 1230 os

70 1282 101 1335 et
127 1276 159 1335 in
182 1292 218 1334 ex
241 1281 271 1334 et
293 1275 324 1334 in
347 1291 401 1353 eps
423 1281 452 1334 et
475 1275 506 1333 in
535 1291 567 1333 es
592 1271 636 1352 [et
659 1275 689 1333 in
713 1291 767 1333 cen
790 1281 820 1333 et
842 1275 873 1333 in
896 1293 950 1352 pos
971 1280 1002 1333 et
1023 1274 1054 1334 in
1077 1291 1134 1352 pex
1157 1279 1187 1332 et
1210 1274 1240 1332 in
1263 1273 1312 1334 tes
1334 1278 1364 1332 et

71 1378 103 1436 in
129 1393 199 1455 ceps
221 1383 252 1436 et
266 1377 298 1436 in
321 1374 377 1435 bcx
401 1377 483 1435 etin
507 1371 568 1453 ses]
594 1375 770 1443 desinentia,
795 1381 827 1434 ut
849 1394 865 1435 a
888 1393 963 1435 cano
985 1377 1135 1445 cornicen,
1160 1374 1262 1435 liticen
1286 1373 1363 1435 tubi·

33 1495 130 1537 socen
153 1477 262 1538 lidieen
284 1475 412 1546 tibicen,
436 1495 451 1538 a
474 1494 553 1555 pono
575 1493 709 1556 compos,
740 1475 777 1537 ab
806 1478 919 1555 aspicio
948 1495 1073 1555 auspex,
1103 1496 1120 1538 a
1148 1477 1226 1536 lacio
1256 1477 1363 1536 artilex

72 1581 189 1658 opilea,
214 1598 229 1639 a
251 1579 336 1658 capio
358 1580 511 1657 municeps
532 1580 682 1657 particeps
697 1568 825 1657 'auceps
851 1578 887 1638 ab
910 1577 1008 1638 obicio
1030 1578 1122 1648 obes;
1145 1579 1189 1638 sic
1209 1560 1364 1656 praesideo

72 1699 210 1760 praeses,
235 1679 353 1741 resideo
376 1698 473 1748 reses,
498 1678 619 1739 desideo
641 1680 741 1750 doseS,
766 1683 889 1760 quiesco
909 1682 1003 1759 quies

160 1785 183 1844 ll
206 1783 369 1862 praeterito
391 1798 508 1861 quoque
530 1780 665 1860 perlecto
686 1781 733 1842 vel
756 1784 850 1860 magis
865 1780 902 1842 ab
917 1782 1065 1842 infinitivo
1078 1783 1179 1842 loturo
1194 1781 1365 1843 derivantur

71 1884 231 1960 gerrornles
253 1884 374 1963 quidem
398 1884 622 1944 terminationes
644 1882 713 1953 hae,
743 1886 773 1944 in
795 1884 909 1953 culum,
933 1885 964 1943 in
990 1890 1136 1953 mentum,
1165 1886 1198 1943 in
1219 1901 1303 1952 men,
1333 1886 1364 1944 in

36 2005 58 2042 n
74 1986 158 2056 bilis,
184 1988 215 2046 in
237 1987 294 2054 tio,
319 1987 349 2045 in
373 1991 434 2054 tor,
459 1987 489 2045 in
512 1987 584 2055 trix,
608 1986 640 2045 in
664 1986 753 2056 tirus,
776 1988 808 2046 in
829 1988 889 2053 sio,
912 1987 944 2044 in
959 2003 1024 2054 sor,
1049 1987 1079 2046 in
1102 1984 1216 2054 sibilis,
1239 1987 1270 2045 in
1293 1985 1363 2056 tilis,

73 2091 102 2147 iu
128 2089 228 2148 licius.
265 2095 295 2148 et
317 2094 384 2147 ante
406 2094 470 2147 tum
492 2087 612 2166 quidem
636 2088 774 2148 infinitivi
797 2089 893 2167 posita
915 2085 1025 2147 vocalis
1047 2087 1093 2147 vel
1113 2104 1280 2148 consonans
1302 2105 1364 2147 ser·
1395 2146 1399 2162 ,

73 2197 162 2250 ratur
184 2191 274 2249 etiam
297 2190 327 2248 in
351 2186 601 2259 derivationibus,
632 2191 662 2248 in
685 2189 799 2259 culum,
830 2191 862 2250 in
888 2194 1034 2258 mentum,
1063 2191 1094 2248 in
1123 2206 1206 2258 men,
1235 2191 1266 2249 in
1295 2189 1364 2250 bilis

73 2289 283 2352 desinentibus
305 2288 477 2350 nominibus
500 2293 662 2351 mutatione
683 2298 747 2351 tum
762 2289 893 2370 syllabae
916 2293 947 2351 in
969 2307 1020 2350 eas
1041 2291 1133 2359 lacta,
1157 2298 1190 2350 ut
1211 2291 1363 2351 oraculum

74 2393 253 2453 miraculum
274 2392 544 2471 propugnaculum,
568 2393 794 2454 tundamentum
811 2389 823 2474 ll
840 2399 1046 2452 ornamentum
1068 2400 1284 2453 sacramentum
1300 2411 1363 2452 nru-

36 2513 61 2552 ao
75 2497 242 2554 nimentum
270 2493 443 2554 alimentum
472 2495 702 2565 incrementum,
732 2495 866 2554 solamen
888 2495 1034 2554 ¹toramen
1066 2511 1229 2573 purgamen
1258 2495 1363 2555 damen

74 2597 225 2676 liquamen
247 2604 397 2656 certamen
423 2593 543 2674 [agmen
565 2593 714 2675 fragmen]
740 2613 864 2656 acumen
890 2597 1043 2656 munimen
1064 2595 1191 2665 flumem
1219 2597 1263 2655 sic
1285 2614 1362 2658 ama-

73 2708 135 2758 tum
161 2701 206 2758 ire
234 2695 385 2766 amabilis,
414 2696 564 2758 laudatum
593 2695 767 2767 laudabilis,
796 2703 906 2758 statum
933 2696 1065 2767 stabilis,
1094 2703 1205 2757 motum
1236 2696 1362 2764 mobilis.

74 2807 177 2860 notum
207 2798 330 2868 nobilis,
359 2797 492 2859 auditum
521 2797 671 2860 audibilis.
717 2801 747 2859 in
776 2799 901 2878 reliquis
930 2807 1028 2859 autem
1056 2801 1087 2859 in
1116 2801 1158 2858 tio
1186 2798 1232 2858 vel
1260 2800 1291 2860 in
1316 2808 1363 2860 tor

74 2902 118 2963 vel
143 2904 176 2961 in
199 2902 258 2961 trix
285 2899 332 2960 vel
359 2901 391 2960 in
418 2901 497 2960 tivus
523 2900 569 2960 vel
592 2902 623 2960 in
651 2903 696 2961 sio
723 2901 769 2961 vel
798 2903 829 2960 in
852 2919 902 2960 sor
930 2899 975 2960 vel
998 2902 1029 2960 in
1055 2899 1155 2961 sibilis
1180 2899 1224 2960 vel
1248 2903 1279 2961 in
1301 2901 1363 2962 tilis

38 3023 61 3060 aa
76 3003 120 3063 vel
150 3004 183 3062 in
209 3003 298 3062 ricius
326 3000 532 3063 desinentibus
558 3001 730 3063 nominibus
757 3010 825 3064 ante
848 3003 1009 3093 clausulym
1037 3004 1190 3063 nominum
1214 3004 1364 3064 invenitur
1455 3016 1458 3019 ·
1510 3023 1513 3033 ·

75 3104 185 3165 vocalis
208 3103 252 3164 vel
275 3121 455 3173 consonans,
485 3121 560 3182 quae
587 3111 657 3163 ante
684 3111 746 3164 tum
773 3105 819 3164 vel
847 3123 913 3165 sum
937 3106 968 3164 in
996 3105 1097 3165 luturo
1119 3105 1258 3166 infinitivi
1280 3105 1362 3166 verbi

74 3215 153 3276 cerat,
183 3208 346 3266 mutatione
374 3223 425 3265 um
446 3203 578 3284 syllabae
606 3207 638 3265 in
660 3205 829 3283 praedictas
855 3207 932 3268 lacta
960 3206 1208 3287 terminatiolnes,
1237 3214 1270 3266 ut
1295 3225 1362 3286 pro·

76 3307 156 3369 butio
183 3308 330 3366 invocatio
358 3307 487 3367 laudatio
515 3305 664 3384 obrigatio
692 3307 817 3368 elevatio
845 3310 998 3387 usurpatio
1029 3309 1168 3387 aequatio
1194 3307 1364 3369 observatio

75 3408 220 3469 cxlribitio
250 3408 375 3469 munitio
408 3407 499 3470 dictio
532 3409 621 3469 lectio
654 3409 782 3480 auditio;
805 3411 878 3470 ilem
906 3409 1033 3472 bellator
1062 3409 1213 3479 bellatrix,
1244 3418 1364 3471 venator

39 3535 63 3568 :n
75 3511 223 3578 venatrix,
252 3509 344 3569 lultor
371 3508 489 3579 lullrix,
519 3512 613 3571 victor
635 3513 756 3580 victrix,
787 3515 897 3590 petitor
918 3513 1055 3591 petitrix,
1085 3510 1203 3572 auditor
1224 3512 1363 3583 auditrix,

76 3615 205 3674 nutritor
227 3613 328 3671 nutrix
351 3613 450 3672 minus
474 3629 531 3672 ama
545 3610 657 3690 syllaba
672 3620 796 3692 proptor
810 3613 1004 3691 euphoniam,
1026 3614 1101 3672 item
1115 3613 1220 3673 doctor
1235 3613 1362 3684 doctrix,

144 3815 156 3866 l
177 3814 245 3864 unde
255 3830 301 3868 om.
313 3815 352 3863 P:
372 3815 448 3879 Verp.
463 3815 553 3867 Aenl
572 3816 624 3866 2¹24
678 3814 817 3881 narrlragus
831 3814 873 3864 nel
890 3816 1070 3882 nauilrogoss
1087 3815 1228 3884 naufragus
1245 3818 1286 3868 nel
1302 3833 1362 3870 nao-

70 3883 172 3950 ·l·ugius
185 3884 211 3933 P
225 3885 364 3950 naufragus
383 3886 421 3934 rael
441 3883 580 3950 naufragus
592 3887 616 3935 B
629 3884 778 3950 nouilragus
793 3886 811 3948 s
820 3885 959 3952 narrlrogus
971 3903 1023 3936 curn
1033 3889 1120 3953 glossa
1133 3888 1172 3936 uel
1190 3888 1341 3955 narrilragus
1355 3899 1364 3940 t

143 3956 160 4004 2
182 3954 222 4002 vel
241 3955 265 4002 io
287 3967 341 4002 rum
361 3969 407 4004 om.
425 3954 461 4018 P,
479 3954 540 4007 add.
557 3957 638 4006 tsine
657 3956 681 4004 in
700 3971 755 4004 rum
774 3958 809 4009 cl.
827 3971 859 4006 m.
877 3957 939 4005 cdd.
958 3957 984 4006 B
1054 3957 1120 4005 uallo
1140 3960 1280 4020 (aspersos.
1303 3959 1364 4024 boc)

78 4023 210 4074 uadrrmB
280 4022 501 4090 diungotiugo
520 4040 588 4078 corr.
609 4024 962 4092 iungoBiugoPrct.p.
982 4025 1051 4077 albo
1109 4027 1365 4095 blucil'ercorniger

77 4092 1233 4231 ltinllllttlttltttl*lt,tlll‘lnlltnll‘llicit‘indilata
1251 4099 1364 4218 :litt

78 4233 146 4280 rrerlri
166 4233 191 4282 P
244 4231 303 4283 Set
320 4234 345 4282 in
364 4248 442 4283 es—
460 4241 486 4284 et
504 4234 529 4282 in
550 4251 592 4284 ses
611 4251 656 4287 oiri.
672 4234 695 4282 B
748 4233 898 4300 lbapono
915 4250 1019 4302 compos
1036 4182 1159 4301 irrigasti
1218 4185 1363 4302 salapiae

79 4303 137 4356 Bis
151 4302 182 4350 ab
201 4303 315 4366 auspicio
328 4304 375 4358 Ρς
392 4318 407 4352 a
427 4305 514 4368 specio
529 4306 633 4355 coniecit
644 4303 829 4354 Lindemannus
885 4306 915 4356 ll
934 4307 1025 4356 obiicio
1039 4307 1064 4355 P
1118 4305 1149 4355 la
1168 4307 1193 4355 in
1210 4322 1266 4356 men
1281 4308 1305 4356 in
1324 4309 1363 4358 sio

78 4371 101 4418 iu
119 4372 155 4421 tio
169 4372 194 4420 ln
213 4381 252 4421 tor
267 4371 307 4421 nel
326 4374 351 4422 in
368 4373 418 4423 trix
438 4376 463 4422 ln
480 4388 523 4423 sor
539 4375 564 4422 in
584 4376 652 4424 liuns
672 4374 696 4422 in
716 4374 775 4424 bilis
791 4376 818 4424 ln
836 4375 893 4424 silis
911 4376 937 4424 in
956 4376 996 4424 llis
1015 4377 1040 4425 in
1058 4376 1123 4424 icius
1142 4385 1167 4424 et
1183 4377 1278 4426 anteB
1331 4379 1364 4429 18

78 4441 404 4506 mutationetunisyllsbae
422 4443 448 4492 in
464 4459 507 4493 eas
524 4441 809 4495 lactaorooraculumt
862 4444 1187 4509 amueltumsyllabseB
1239 4446 1362 4498 lactaom.

78 4511 131 4560 BP
199 4509 233 4560 20
247 4512 393 4562 alimentum
411 4513 578 4563 solomonium
596 4514 776 4564 incrementum
792 4515 942 4565 loramenP
958 4515 1105 4565 alimentum
1124 4523 1278 4566 momentum
1297 4519 1362 4567 sola-

79 4579 260 4635 menl'oramen
273 4582 299 4632 B
316 4581 356 4632 alo
370 4583 516 4633 alimentum
536 4583 621 4634 increo
636 4583 676 4632 uel
690 4584 803 4634 incresco
819 4585 1002 4635 incrementum
1015 4585 1084 4635 solor
1095 4585 1211 4635 solamen
1226 4586 1281 4636 l'oro
1297 4586 1363 4637 lora·

79 4659 156 4700 ment
208 4651 241 4702 al
260 4659 387 4702 certamen
405 4669 497 4703 numen
519 4653 610 4704 buaren
624 4653 650 4704 B
667 4663 791 4704 terramen
809 4653 881 4720 lrago
901 4655 1030 4721 lmgamen
1045 4671 1151 4705 acumen
1170 4657 1262 4706 dumea
1281 4659 1362 4707 mnni-

78 4735 132 4768 meu
151 4721 258 4770 lenimen
274 4730 284 4771 t
334 4725 367 4774 22
386 4724 423 4772 ire
440 4739 487 4774 on.
506 4723 530 4771 P
579 4725 613 4774 24
630 4733 655 4774 et
672 4725 696 4773 ln
710 4725 747 4774 sio
767 4733 791 4773 et
810 4726 835 4774 iu
852 4741 896 4775 sor
908 4727 933 4775 iu
951 4724 1018 4776 ibllis
1034 4726 1059 4774 in
1078 4726 1136 4776 silis
1153 4735 1178 4775 et
1196 4727 1221 4775 in
1236 4727 1276 4776 llis
1295 4739 1319 4777 et
1338 4729 1362 4775 iu

79 4789 140 4838 icius
159 4789 183 4838 B
247 4792 281 4842 27
299 4793 324 4842 iu
343 4794 484 4858 praedictas
497 4793 610 4858 syllabas
623 4793 690 4844 lacta
702 4795 878 4844 terminatione
889 4797 914 4844 P
980 4797 1014 4845 28
1029 4794 1167 4862 clarigatio]
1185 4797 1327 4864 obiurgatio
1346 4813 1363 4856 ς

78 4859 223 4926 irrigatio!⁸
276 4861 416 4930 usurpatio]
436 4865 563 4914 susuratio
582 4862 608 4912 B
677 4863 711 4914 30
727 4865 828 4916 auditor
849 4866 960 4915 auditrix
978 4881 1024 4921 om.
1043 4867 1067 4916 P
