3350 5442
315 352 378 419 160
828 361 833 374 “
886 356 1039 419 POMPEI!

339 476 361 517 p.
375 465 465 505 lat-46
478 463 501 503 L.

315 544 413 605 ethic
435 542 509 605 silex
532 551 562 605 et
583 543 656 605 haec
678 543 762 604 silex.
801 544 873 622 quid
895 546 949 605 luit
970 562 1091 605 necesse
1113 551 1146 605 ut
1168 551 1217 604 aut
1239 542 1287 603 hic
1310 542 1423 605 diceret
1444 551 1495 605 aut
1516 542 1602 604 haec?

314 664 406 723 quare
435 654 593 725 utrumque
620 646 734 724 posuit,
763 643 811 706 hic
840 644 913 707 silex
943 645 1066 707 ethaeo
1089 644 1181 707 silex?
1209 647 1347 725 quoniam
1370 648 1425 706 ista
1447 648 1602 707 nominaa

313 755 418 808 natura
445 764 541 825 genus
569 766 628 808 non
657 746 781 817 habent,
813 755 843 808 et
871 766 903 808 ea
932 758 1007 829 quae
1036 768 1052 809 a
1080 758 1185 809 natura
1213 765 1272 809 non
1305 746 1416 809 habent
1447 764 1544 825 genus
1569 746 1602 807 ab

314 850 488 910 auctoritate
516 851 676 929 accipiunt.
721 848 795 911 haec
821 868 909 911 causa
936 858 980 911 εει
1009 857 1041 910 ut
1061 852 1246 911 inveniamus
1268 850 1484 917 diversitatem,
1509 856 1538 909 et
1558 848 1603 909 hic

313 950 386 1011 silex
409 950 533 1012 ethaeo
555 950 637 1012 silex.
676 952 863 1012 econtrario
885 970 978 1032 quare
999 970 1060 1013 non
1080 951 1154 1014 haec
1177 970 1270 1034 equus
1292 951 1429 1021 dicimus,
1454 949 1501 1011 vel
1517 964 1625 1028 quares

300 1064 373 1114 {non
400 1054 527 1115 dicimus
553 1052 602 1113 hic
630 1050 726 1114 mulal
755 1054 941 1133 apertissime
967 1056 1077 1117 scimus
1104 1073 1158 1134 per
1185 1053 1348 1115 naturalem
1375 1044 1525 1115 rationem
1548 1070 1604 1113 non

313 1173 402 1234 posse
423 1155 480 1216 hoc
502 1172 597 1233 genus
617 1155 690 1215 dari.
736 1172 808 1235 ergo
838 1152 842 1235 Ι
871 1157 947 1217 scire
976 1155 1118 1217 debemus
1141 1158 1280 1236 quoniam
1302 1174 1458 1235 possumus
1480 1174 1538 1217 nos
1560 1154 1605 1215 de·

313 1257 436 1319 tendere
457 1259 489 1317 in
511 1256 570 1317 illis
591 1255 765 1335 generibus,
791 1274 867 1335 quae
889 1274 1000 1334 genera
1016 1276 1071 1319 nec
1092 1266 1273 1336 generantur
1294 1277 1350 1321 nec
1371 1274 1517 1337 generare
1540 1275 1606 1337 pos-

313 1370 390 1421 sunt.
434 1358 508 1419 illud
540 1360 618 1419 scire
651 1357 756 1427 debes,
792 1359 870 1437 quod
904 1359 996 1421 multa
1025 1368 1093 1421 sunt
1120 1379 1231 1439 genera
1259 1380 1275 1421 a
1303 1366 1421 1430 natura,
1451 1358 1543 1421 multa
1571 1358 1605 1419 ab

314 1463 496 1523 auctoritate.
540 1460 589 1522 illa
618 1479 693 1541 quae
720 1480 736 1521 a
764 1468 871 1523 natura
900 1470 969 1522 sunt
997 1466 1145 1524 communi
1174 1482 1264 1524 sensu
1292 1463 1502 1531 discernimus;
1533 1479 1606 1539 quae
1618 1474 1637 1512 1⁰

313 1572 382 1625 sunt
404 1563 441 1624 ab
463 1566 636 1625 auctoritate
659 1564 832 1624 auctoritate
855 1562 1059 1625 discernimus.
1102 1566 1133 1626 in
1155 1563 1213 1627 illis
1235 1563 1395 1643 generibus
1417 1581 1494 1642 quae
1516 1583 1533 1625 a
1556 1583 1605 1625 na·

313 1674 380 1726 tura
402 1673 472 1726 sunt
493 1684 549 1727 nec
564 1664 711 1744 Vergilius
732 1653 788 1725 nec
804 1666 907 1727 Cicero
930 1684 986 1726 nec
1008 1666 1100 1744 aliqui
1122 1676 1259 1729 auctores
1281 1686 1354 1747 opus
1376 1675 1446 1727 sunt
1468 1665 1531 1734 tibi,
1556 1664 1607 1727 sed

314 1768 487 1829 naturaliter
515 1769 661 1829 rationem
692 1768 855 1845 sequimur.
901 1767 1011 1829 scimus
1038 1770 1177 1849 quoniam
1207 1767 1302 1829 debeo
1325 1769 1424 1829 dicere
1447 1768 1521 1829 hacc
1544 1786 1606 1828 mu·

315 1869 385 1939 lior,
414 1870 462 1931 hic
490 1871 543 1930 vir.
589 1881 622 1931 ut
649 1878 749 1931 autem
775 1869 872 1930 dicam
900 1868 949 1929 hio
976 1872 1147 1951 pampinus,
1176 1889 1236 1932 non
1263 1870 1427 1933 naturalem
1461 1872 1606 1932 rationem

314 1990 437 2051 sequor,
456 1972 516 2034 -sed
546 1990 582 2033 ex
609 1973 783 2033 auctoritate
810 1970 867 2031 hoc
889 1970 970 2041 dico,
1000 1958 1140 2050 quoniam
1162 1974 1223 2034 scio
1244 1975 1285 2035 ita
1308 1973 1417 2035 lectum
1440 1991 1507 2035 csse
1530 1972 1607 2051 apud
1620 1982 1642 2023 1⁵

315 2074 486 2152 Vergilium.
531 2076 573 2135 ita
600 2073 667 2134 dico
696 2072 853 2152 aliquando
880 2071 1059 2143 masculino,
1092 2072 1247 2153 aliquando
1277 2075 1431 2137 feminino.
1476 2076 1502 2135 si
1535 2074 1608 2135 haec

314 2178 427 2246 cronia,
451 2178 512 2237 sive
533 2176 690 2256 pampinus
711 2176 773 2235 sive
794 2174 868 2235 silex
890 2177 951 2237 sive
974 2174 1044 2245 alia,
1067 2176 1244 2255 interrogati
1266 2178 1423 2247 luerimus,
1449 2193 1526 2255 quae
1549 2194 1608 2237 non

314 2297 331 2339 a
362 2277 490 2339 naturali
523 2280 639 2339 ratione
671 2278 805 2346 veniunt,
841 2296 902 2339 non
929 2286 997 2339 ante
1026 2278 1170 2340 debemus
1198 2278 1394 2359 respondere,
1429 2280 1486 2340 nisi
1519 2280 1608 2340 eliam

315 2378 448 2459 exempla
471 2379 557 2441 nobis
579 2381 775 2441 occurrerint.
805 2388 874 2459 puta
896 2380 972 2459 siqui
995 2388 1024 2440 tc
1046 2381 1211 2459 interroget
1233 2379 1319 2441 ‘silex
1341 2381 1495 2443 cuius-est
1516 2396 1606 2458 gene·

313 2483 403 2553 risl’‚
431 2483 458 2543 si
484 2484 650 2545 occurrerit
675 2481 729 2542 tibi
762 2480 909 2543 ‘stabat
937 2487 1045 2542 acuta
1073 2480 1197 2551 silex',
1222 2481 1302 2542 dices
1330 2482 1480 2552 leminini;
1510 2484 1537 2543 si
1558 2492 1642 2543 oc-2v

314 2586 441 2647 currerit
463 2584 516 2645 tilvi

456 2679 459 2683 “
610 2701 612 2705 v
668 2676 808 2750 quanto
830 2687 1051 2749 percussum
1074 2668 1238 2749 pondere
1260 2671 1412 2747 signent

466 2780 503 2833 et
524 2770 680 2832 laedant
702 2770 860 2841 silicem,

313 2876 394 2937 dices
416 2876 535 2953 generis
557 2866 724 2934 masculini.
754 2892 826 2951 ergo
848 2891 908 2933 non
931 2880 999 2934 ante
1022 2872 1183 2955 dehemusl
1208 2873 1308 2935 dicere
1331 2876 1388 2935 nisi
1411 2874 1554 2954 exemplis
1579 2898 1609 2937 v.

312 2996 423 3056 genera
451 2994 523 3055 ergo
549 2974 736 3055 principalia,
766 2992 841 3053 quae
864 2983 933 3036 sunt
955 2982 984 3036 et
1006 2976 1140 3054 propria,
1170 2975 1333 3045 duosam,
1358 2975 1553 3039 masculinum
1579 2986 1643 3041 elva

313 3080 499 3140 femininum.
529 3077 600 3157 quid
623 3078 649 3137 si
670 3095 726 3137 nec
749 3076 945 3138 masculinum
968 3078 1006 3136 sit
1027 3094 1083 3137 nec
1105 3076 1297 3139 femininum?
1321 3080 1379 3140 iam
1395 3087 1534 3141 neutrum
1551 3088 1608 3141 est.

313 3180 383 3258 quid
411 3181 436 3241 si
465 3187 494 3240 et
522 3179 715 3240 masculinum
744 3187 774 3240 et
801 3179 995 3239 femininum?
1031 3181 1090 3240 iam
1124 3197 1282 3241 commuue
1316 3188 1368 3241 εει.
1412 3180 1544 3260 quidsi
1579 3190 1609 3243 ει

312 3281 509 3343 masculinum
537 3289 566 3341 et
593 3282 768 3342 femininum
797 3290 827 3341 et
854 3288 993 3343 neutrum
1021 3282 1076 3341 siti
1112 3299 1200 3342 omne
1227 3282 1347 3342 dicitur.
1391 3290 1424 3343 ut
1452 3291 1523 3363 puta
1557 3284 1608 3344 hic

311 3385 453 3463 magister
480 3381 675 3444 masculinum
698 3389 758 3452 est,
787 3382 861 3443 haec
883 3383 966 3443 llusa
994 3382 1170 3445 lemininum
1193 3392 1250 3453 est,
1275 3384 1332 3445 hoc
1354 3402 1508 3447 scamnum
1530 3404 1605 3449 neu-

313 3496 392 3546 trum
414 3493 473 3554 est,
498 3484 546 3545 nic
569 3493 599 3545 et
619 3485 693 3546 haec
715 3484 856 3547 sacerdos
879 3503 1035 3545 commuue
1058 3492 1112 3545 cst.
1157 3503 1315 3547 commune
1338 3493 1382 3546 est
1403 3504 1507 3564 genus,
1531 3507 1606 3567 quo-
1621 3508 1645 3548 aa

312 3590 390 3649 tiens
411 3588 588 3648 femininum
611 3606 705 3665 genus
727 3595 757 3647 et
779 3586 975 3648 masculinum
990 3603 1083 3665 genus
1098 3586 1225 3649 similem
1248 3589 1460 3649 nominativum
1482 3588 1605 3659 habent,

313 3689 343 3751 id
371 3697 416 3751 est
442 3688 578 3751 similiter
605 3690 777 3751 efferuntur.
824 3708 912 3751 omne
942 3695 999 3758 est,
1034 3690 1172 3766 quotiens
1200 3698 1229 3750 ct
1256 3690 1431 3751 femininum
1459 3709 1553 3770 genus
1578 3702 1609 3753 ει

313 3790 508 3854 masculinum
537 3797 567 3851 et
593 3798 732 3851 neutrum
761 3791 898 3852 similiter
927 3791 1090 3852 ellerontur
1115 3793 1147 3851 in
1175 3793 1354 3853 nominativo
1382 3793 1540 3871 singulari,
1575 3808 1609 3855 ut

312 3893 392 3955 lelix.
429 3911 499 3955 ecce
521 3891 656 3955 similiter
680 3894 740 3953 exit
760 3894 792 3953 in
813 3894 994 3955 nominativo
1017 3912 1088 3955 casu
1110 3893 1250 3972 singulari
1273 3896 1303 3955 in
1326 3893 1465 3956 omnibus
1486 3899 1606 3975 generi·

313 3995 378 4057 bus.
423 4014 515 4076 qnare
542 3995 637 4055 adieci
664 3996 695 4055 io
725 3994 904 4056 nominativo
933 3994 1095 4073 singulari?
1128 4004 1249 4076 propter
1279 3995 1439 4075 pluralem,
1469 4000 1537 4077 quia
1563 3999 1607 4059 ibi
1621 4017 1646 4055 aa

312 4098 521 4159 discretionem
543 4095 646 4166 habet,
675 4098 706 4156 in
729 4095 836 4175 plurali
859 4096 890 4156 hi
913 4104 943 4157 et
963 4095 1019 4159 hae
1041 4096 1143 4158 leliccs
1165 4106 1194 4159 et
1216 4099 1290 4159 haec
1312 4099 1426 4169 lelicia;
1456 4102 1487 4161 in
1510 4104 1603 4162 nomi-

381 4286 397 4336 7
416 4286 471 4335 dori
492 4285 677 4335 Lindemanoue
694 4284 754 4333 dare
769 4282 853 4333 ΑΒΘ
921 4283 953 4335 10
973 4294 1112 4347 quaesunt
1130 4286 1161 4336 ab
1180 4287 1326 4337 auctoritate
1343 4289 1493 4339 auctoritate
1508 4289 1607 4341 discer-

313 4357 396 4406 nimus
414 4355 512 4419 At?)C
534 4370 600 4418 quae
624 4363 683 4404 sunt
701 4354 733 4403 ab
752 4366 855 4403 auctore
871 4356 1019 4404 auctoritate
1037 4355 1206 4406 discernimus
1225 4356 1262 4406 ob
1285 4374 1351 4420 qnae
1370 4362 1477 4409 suntab
1495 4362 1606 4409 auctori-

312 4436 363 4476 tate
381 4427 551 4477 discernimus
568 4425 594 4475 B
664 4426 695 4475 15
715 4425 832 4489 quoniam
855 4426 908 4473 solo
926 4424 961 4473 ito
980 4425 1070 4474 lectum
1090 4426 1186 4477 esseC
1209 4428 1329 4489 quoniam
1350 4430 1404 4479 i.ta
1428 4430 1483 4478 scio
1510 4430 1607 4481 lectum

312 4511 368 4547 esse
388 4498 412 4545 A
428 4497 547 4559 quioniam
563 4496 599 4545 iva
611 4496 663 4545 scio
683 4496 773 4544 lectum
794 4493 842 4543 hoc
860 4493 942 4557 (corr.
959 4493 1006 4545 lroc
1025 4494 1130 4560 lectum)
1149 4510 1206 4547 esse
1220 4496 1253 4547 B.
1271 4499 1409 4564 pampinus
1427 4508 1496 4549 certo
1510 4516 1608 4566 genere

312 4567 401 4616 dictum
420 4569 489 4631 opud
509 4568 645 4630 Vergilium
667 4582 716 4617 non
738 4566 841 4631 legitur,
862 4566 909 4615 sed
925 4567 982 4615 aliia
1000 4570 1121 4629 coemptis
1143 4568 1287 4631 confirmari
1308 4571 1374 4620 colet
1394 4584 1410 4617 a
1426 4572 1605 4635 prarrmrctlcis,

312 4638 347 4698 cf.
368 4636 465 4687 Clroric.
487 4654 516 4700 p.
535 4636 598 4700 105,
622 4636 663 4687 10.
683 4651 763 4701 qrrare
780 4636 879 4685 uidetur
896 4635 1051 4685 scribendum
1067 4652 1137 4697 esre,
1160 4637 1279 4700 quoniam
1301 4640 1355 4689 scio
1373 4640 1409 4689 ita
1426 4638 1519 4691 lectum
1539 4656 1606 4691 esse.

312 4707 381 4772 apud
400 4707 540 4772 Vergilium
559 4705 608 4755 isto
621 4708 738 4756 dicuntur
756 4704 892 4769 aliquando
907 4714 952 4757 etc.
1007 4708 1040 4759 16
1060 4704 1093 4773 si]
1113 4722 1162 4757 noo
1179 4706 1204 4755 Α
1267 4708 1302 4758 2¹0
1321 4706 1413 4773 stabat]
1436 4710 1516 4777 Verp.
1537 4711 1607 4763 Aen.

313 4775 371 4826 Vlll
389 4776 440 4827 233
489 4776 523 4827 22
540 4774 644 4841 quanto]
665 4776 751 4825 quen.
772 4775 797 4835 3,
812 4777 864 4827 272
934 4778 968 4829 3²
986 4779 1102 4839 quotiens
1120 4788 1144 4825 ev
1161 4778 1197 4839 (et
1212 4790 1258 4827 om.
1276 4777 1311 4838 B,
1330 4778 1390 4829 odd.
1408 4778 1437 4844 b)
1452 4780 1607 4833 lemininum

312 4860 395 4912 genus
409 4854 434 4894 et
451 4847 620 4895 masculinum
639 4846 714 4897 aaa
733 4846 850 4909 quotiens
869 4854 893 4897 et
911 4847 1060 4896 femininum
1078 4856 1102 4897 et
1120 4846 1286 4898 masculinum
1302 4862 1383 4915 genus
1398 4848 1422 4898 Α
