3350 5442
509 353 558 416 DE
581 354 704 418 nvnns
727 355 934 416 NOllllVlBVS
1300 351 1362 415 577

1185 473 1206 514 p.
1221 464 1296 502 ac-ae
1309 460 1336 501 n.

160 545 287 607 Carmen
303 545 423 622 generis
445 545 560 613 neutri,
580 550 613 604 ut
626 542 800 604 Valentinus
815 562 834 598 a
870 541 987 603 ‘nullus
1003 561 1068 602 mea
1087 545 1219 602 carmina
1234 541 1361 602 landat’.

159 647 326 708 Canubium
360 648 481 724 generis
515 647 631 716 neutri,
668 653 701 707 ut
736 646 880 708 Iuvencus
917 646 945 724 (l
971 641 1050 724 534)
1087 645 1200 723 ‘siquis
1235 643 1363 704 conubia

70 751 216 829 rumpit'.

160 852 256 931 Caput
276 853 397 929 generis
420 851 533 920 neutri,
558 857 590 910 ut
606 849 747 911 Sidonius
772 847 831 927 (13,
848 845 899 929 20)
924 850 975 910 ‘ct
997 849 1081 918 mihi,
1098 856 1131 908 ut
1145 849 1249 918 vivam,
1266 850 1362 928 capita

42 953 145 1013 stelle
168 955 253 1014 tria'.

161 1056 285 1117 Culmcn
307 1057 426 1132 generis
448 1056 561 1122 neutri,
586 1063 616 1114 ut
640 1053 779 1115 Sidonius
803 1049 864 1131 (18,
879 1051 909 1131 3)
934 1052 1093 1113 ‘tolluntur
1115 1052 1243 1112 culmina
1265 1055 1364 1112 cone',

161 1158 327 1218 Concilium
342 1158 462 1235 generis
477 1158 591 1225 neutri,
615 1163 649 1217 ut
662 1155 805 1232 Virgilius
822 1153 869 1232 (Α.
886 1151 1012 1233 111234)
1030 1154 1206 1214 ‘concilium
1221 1159 1362 1215 sacrnm'.

161 1260 328 1321 Convitium
355 1260 476 1336 generis
505 1261 618 1328 neutri,
648 1264 680 1318 ut
702 1256 829 1317 Severus
854 1253 944 1334 (dial.
966 1254 1001 1326 3,
1026 1250 1081 1337 15)
1112 1258 1260 1317 ‘evomuit
1283 1256 1363 1317 mille

73 1363 233 1423 convitia'.
585 1357 586 1360 ’

31 1482 57 1520 ιο
160 1465 274 1543 Corpus
306 1465 425 1541 generis
457 1464 571 1532 neutri,
606 1469 639 1522 ut
670 1461 812 1538 Virgilius
847 1464 989 1540 ‘corpora
1022 1469 1159 1522 natorum
1191 1468 1364 1521 sternuntur

72 1567 177 1627 limine
199 1567 326 1645 prImc‘.

162 1664 165 1748 )
190 1667 280 1729 Callis
305 1669 425 1745 generis
452 1666 623 1734 masculini,
653 1673 684 1725 ut
711 1665 894 1725 Prudentius
923 1661 1014 1744 (cutm
1036 1661 1064 1734 7,
1087 1661 1140 1745 50)
1164 1665 1265 1724 ‘recto
1288 1663 1364 1725 calle

70 1773 211 1832 lineam’.

161 1872 247 1934 Calor
269 1873 389 1949 generis
411 1870 579 1939 masculini,
603 1878 636 1930 ut
658 1870 827 1930 Lactantius
851 1866 972 1947 (placen.
989 1865 1040 1947 96)
1058 1869 1222 1929 ‘dammam
1237 1869 1366 1949 parturit

34 1993 57 2029 1⁵
71 1978 138 2055 ipsc
161 1975 271 2036 calcr'.

161 2077 277 2138 Candor
299 2078 417 2154 generis
439 2075 611 2145 masculini,
636 2081 669 2134 ut
690 2075 871 2134 Prudentius
895 2070 985 2151 (cath,
1009 2070 1038 2144 2,
1063 2070 1113 2154 70)
1138 2073 1283 2134 ‘candore
1306 2074 1364 2133 tin-

71 2183 143 2257 guis
165 2179 289 2240 lactcc’.

161 2281 269 2342 Clamis
291 2282 410 2358 generis
433 2281 585 2349 leminini,
610 2288 641 2339 ut
664 2279 792 2339 Severus
814 2279 925 2339 ‘divisa
948 2279 1079 2339 clanris'.

161 2381 262 2460 Caligo
295 2385 415 2460 generis
446 2383 599 2450 feminini,
629 2388 662 2442 ut
689 2381 869 2442 Pnulentius
897 2377 987 2459 (cuth.
1010 2377 1045 2449 2,
1068 2375 1099 2460 5)
1121 2379 1238 2456 ‘caligo
1266 2389 1365 2438 terrae

33 2507 59 2542 m
75 2485 227 2545 scinditur
249 2502 391 2564 percussa
413 2484 483 2545 solis
506 2483 649 2564 spicula'.

162 2587 287 2647 Dorsum
319 2589 438 2665 generis
473 2587 586 2656 neutri,
621 2592 654 2645 ut
682 2583 824 2662 Virgilius
858 2582 904 2663 (A.
933 2583 946 2643 Ι
977 2580 1046 2661 110)
1075 2583 1216 2644 ‘dorsum
1248 2584 1365 2642 inmane

72 2690 169 2750 mari'
194 2697 223 2749 ct
245 2688 316 2750 alibi
339 2689 445 2748 ‘dorsa
468 2688 631 2750 caerulca’.

161 2790 232 2851 Dies
265 2790 342 2872 apud
370 2790 497 2852 Graecos
524 2793 644 2868 generis
671 2790 823 2858 seminini,
858 2808 874 2849 a
907 2786 993 2848 nabis
1022 2796 1122 2847 autem
1149 2786 1310 2850 masculino
1337 2793 1367 2845 et

70 2893 225 2964 feminino
244 2895 413 2972 promiscue
437 2893 556 2953 dicitur.
594 2911 662 2952 nam
686 2891 762 2973 apud
785 2892 991 2969 grammaticos
1013 2891 1065 2950 alii
1086 2896 1191 2970 putant
1211 2888 1367 2950 masculini

37 3015 60 3052 aa
74 2995 197 3072 generis
226 3013 306 3064 esse,
337 3014 372 3054 eo
400 2995 478 3074 qrrcd
507 2995 634 3054 dicimus
662 2993 765 3063 hodic,
795 2992 873 3073 quod
902 3001 948 3052 cst
975 2992 1030 3053 hoc
1058 2993 1122 3062 dic,
1151 2991 1202 3051 alii
1230 2991 1367 3051 seminini

74 3098 214 3174 generis,
243 3098 381 3175 quomam
409 3114 484 3175 quae
512 3095 640 3156 ablativo
668 3115 738 3157 casu
766 3115 782 3155 c
811 3095 911 3156 littcra
933 3095 1076 3174 producta
1100 3095 1245 3154 liniuntur
1266 3093 1367 3162 latina,

75 3200 177 3258 orantia
200 3199 342 3258 len‘rinina
365 3205 448 3267 sunt,
472 3205 505 3258 ut
526 3217 594 3277 spes
616 3198 689 3259 fides
714 3195 852 3277 [caritas]
877 3197 979 3257 iacies

165 3301 274 3360 nomas
295 3301 416 3377 generis
437 3301 590 3368 leminini,
615 3305 649 3358 ut
669 3298 812 3377 Virgilius
837 3295 884 3375 (A.
907 3294 1013 3377 1637)
1045 3301 1092 3357 ‘at
1114 3297 1219 3358 demtis
1242 3297 1369 3356 interior

75 3403 172 3481 regali
194 3401 349 3480 splendida
370 3401 469 3462 luxu'.

38 3525 63 3562 :u
165 3503 306 3563 Diaderna
329 3505 448 3581 generis
471 3505 585 3572 neutri,
610 3509 642 3561 ut
665 3502 815 3562 Gracchus
839 3505 988 3580 ‘purpura
1012 3509 1040 3560 ct
1063 3501 1227 3560 diadema'.

167 3601 170 3686 )
190 3603 279 3665 liclns
296 3607 415 3683 generis
431 3603 597 3672 masculini,
614 3609 646 3663 ut
661 3601 806 3663 iuvencus
823 3601 858 3681 (ll
874 3598 945 3681 815)
963 3601 1024 3662 ‘hic
1040 3601 1125 3661 dolus
1140 3601 1261 3660 inimice
1277 3602 1368 3660 tuus’.

78 3746 139 3751 —-
613 3722 625 3758 ι

152 3827 183 3876 14
202 3825 270 3874 calor
286 3825 350 3874 Noa.
366 3823 418 3873 200
487 3825 519 3874 21
541 3825 645 3872 dorsum
661 3823 744 3873 Prisc.
763 3823 859 3887 170,2
878 3824 940 3886 Cap.
961 3823 1029 3871 2248
1049 3823 1115 3872 Non.
1134 3821 1185 3871 203
1263 3819 1297 3870 23
1317 3821 1371 3870 dies

77 3895 157 3946 rna-r.
179 3893 234 3957 110,
251 3895 268 3944 8
287 3894 367 3948 Proh.
386 3893 446 3958 210,
466 3897 483 3945 0
554 3893 588 3945 30
607 3893 726 3944 diadema
740 3893 816 3946 Clitar.
836 3894 884 3956 42,
901 3894 935 3944 20
952 3909 1011 3946 exc.
1031 3891 1108 3945 Cdar.
1126 3893 1188 3954 544,
1207 3889 1241 3940 30

152 4084 164 4131 l
188 4083 331 4133 ualeatinus
345 4084 377 4136 L.
397 4087 535 4146 eaeemptum
549 4090 587 4133 est
597 4081 723 4148 Sympoeii
739 4085 842 4146 aenmm.
857 4081 900 4144 10,
919 4081 944 4132 3:
963 4082 998 4144 cf.
1021 4081 1086 4130 Paul
1102 4082 1134 4131 de
1147 4079 1272 4145 Sprnposit
1286 4083 1372 4144 aenig-

76 4154 153 4202 matis
172 4151 300 4215 (Berolini
317 4170 342 4204 a.
364 4151 444 4209 1854)
462 4169 489 4214 p.
508 4155 556 4214 l'l,
576 4154 658 4204 Hertz
676 4156 700 4204 in
716 4153 844 4206 Priscian.
864 4155 881 4205 l.
900 4154 934 4202 Vl
952 4168 978 4214 p.
996 4151 1056 4210 200,
1076 4151 1089 4201 l
1153 4153 1169 4198 2
1188 4149 1328 4200 Canubium
1348 4151 1372 4199 t

131 4220 252 4289 conubia]
273 4221 383 4272 crrnubia
404 4222 467 4272 MV
518 4220 585 4288 let]
607 4222 677 4272 ιιιΜ
733 4224 1040 4286 7c0ncilinmmagnnm
1064 4223 1190 4285 Vergilium
1242 4219 1373 4270 8scueris

84 4293 117 4342 M
134 4307 239 4340 renerus
257 4293 281 4340 J,
354 4294 491 4342 ciromitum
510 4292 551 4341 ille
572 4293 603 4340 M
610 4293 663 4343 Vn
738 4295 768 4344 10
790 4291 927 4356 Virgilius]
946 4292 1009 4341 Aen.
1029 4292 1050 4340 ll
1068 4293 1119 4341 214
1133 4304 1239 4354 corpora
1258 4297 1373 4338 natorum

78 4377 191 4426 serpens
211 4361 346 4426 amplexus
365 4373 479 4424 uterune,
494 4361 527 4412 tt.
547 4361 597 4412 304
617 4361 724 4426 plurima
744 4377 838 4429 perque
856 4363 910 4410 vias
929 4369 1074 4411 sternuntur
1092 4362 1182 4410 inertia
1201 4361 1298 4424 passim
1318 4374 1373 4408 cur-

79 4447 145 4498 pora
163 4447 259 4496 perque
274 4432 363 4482 demus
379 4442 404 4482 et
424 4432 546 4498 religiosa
563 4432 669 4502 deorum
687 4432 781 4492 limina,
800 4433 835 4481 Vl
848 4433 899 4480 427
919 4431 1095 4493 infantumque
1113 4431 1212 4479 animae
1229 4429 1329 4492 flentes,
1347 4430 1373 4476 in

78 4504 168 4552 limine
188 4504 269 4566 primo
288 4517 352 4563 quos
372 4502 522 4552 -abstulit
582 4504 784 4552 asternuntmL
838 4503 872 4553 14
889 4501 1004 4550 lactantis
1023 4500 1082 4550 ML
1142 4499 1175 4548 10
1193 4496 1297 4564 candor]
1320 4514 1375 4547 car-

78 4574 127 4622 dor
146 4572 179 4620 M
237 4571 269 4623 18
284 4573 395 4622 calamus
418 4572 446 4621 V
493 4585 552 4636 gen.
569 4585 647 4624 masc,
669 4573 699 4620 dl
708 4573 734 4622 V
741 4573 763 4621 L
811 4571 901 4624 Seueri
917 4575 1054 4634 exenmlmn
1071 4585 1119 4620 non
1135 4576 1262 4631 repertam
1276 4577 1315 4618 est

78 4642 187 4691 calamis
210 4643 235 4691 V
299 4644 333 4693 22
353 4643 430 4692 dorsu
447 4640 564 4690 caerulea
581 4643 646 4691 unde
664 4643 746 4704 petita
764 4643 813 4692 sint
834 4657 882 4690 non
904 4649 1002 4691 constat
1070 4639 1103 4690 23
1119 4637 1178 4688 maii
1192 4648 1218 4688 ct
1231 4639 1375 4703 promiscue

82 4713 150 4762 MV
154 4712 179 4760 L
243 4711 276 4761 25
296 4727 397 4762 esseeo
416 4709 495 4778 quod]
515 4726 561 4776 pro
583 4725 612 4760 eo
631 4711 738 4774 quodL
807 4711 856 4761 hoc
874 4707 926 4775 die]
947 4711 995 4760 hoc
1013 4710 1089 4760 bodie
1106 4711 1173 4760 MV
1241 4708 1276 4758 23
1294 4725 1308 4758 e
1326 4707 1373 4758 litt.

79 4800 94 4831 e
112 4782 239 4847 preducta
257 4781 290 4830 M
297 4781 322 4830 V
327 4783 350 4830 h
412 4779 445 4832 28
465 4793 490 4831 at
507 4797 554 4835 om.
572 4781 604 4832 Μ
654 4781 761 4832 interius
780 4781 880 4847 regales
898 4781 931 4829 M
939 4780 967 4828 V
973 4781 995 4829 L
1047 4779 1083 4831 30
1099 4793 1192 4846 gracns
1212 4778 1245 4828 M
1251 4779 1278 4827 V
1281 4779 1306 4828 L

79 4866 221 4918 purpuram
243 4852 347 4904 cuniam!
363 4851 491 4914 Hauptiuc
548 4851 580 4901 31
600 4859 657 4901 tuas
677 4851 700 4901 t
