3350 5442
285 314 327 377 88
850 313 1003 379 llOlll'Ell

286 502 326 565 cf.
351 498 467 564 Ianelli
488 498 584 565 catal.
606 498 687 564 bibl.
710 498 767 563 lat.
789 519 873 584 quae
893 496 930 561 in
951 519 1018 582 reg.
1035 501 1137 583 Neap.
1160 520 1243 561 mus.
1265 496 1367 563 Borb.
1391 506 1573 561 asservatur
1664 516 1665 587 J

285 627 317 691 p.
340 602 399 684 26,
427 602 579 667 Osannus
606 602 733 687 ephem.
763 599 828 666 litt.
856 599 933 665 Hal.
956 622 986 663 a.
1012 600 1092 666 1837
1121 598 1279 686 supplem.
1309 622 1341 686 p.
1364 598 1415 663 99.
1452 621 1495 663 ex
1515 598 1573 663 boc

286 726 391 792 pauca
405 703 508 769 edidit
522 704 565 768 A.
580 703 688 769 Maius
704 702 800 767 class.
817 712 905 769 auct.
921 726 953 766 v.
970 702 1001 767 V
1016 726 1047 789 p.
1067 702 1137 767 151.
1169 702 1309 788 denique
1330 722 1436 789 pauca
1457 703 1574 766 veteris

286 806 407 871 codicis
434 806 619 891 fragmenta
646 814 778 871 servata
806 814 883 870 sunt
909 804 944 868 in
972 804 1084 869 codice
1110 804 1269 891 rescripto
1292 801 1575 890 Montepessulano

288 908 363 972 141:
395 908 436 971 cf.
460 904 557 971 catal.
585 928 661 990 gen.
690 909 747 972 des
773 908 971 972 manuscrits
998 906 1055 971 des
1081 905 1322 993 bibliotheques
1350 906 1407 971 des
1431 905 1575 992 de'parto

286 1032 378 1075 mens
402 1008 419 1073 I
441 1032 474 1095 p.
489 1008 562 1074 338.
586 1008 621 1071 in
642 1030 680 1073 eo
703 1008 789 1073 enim
811 1008 985 1074 duodecim
1007 1020 1083 1075 sunt
1104 1008 1311 1073 membranae
1333 1031 1375 1073 cx
1397 1007 1577 1094 antiquiore

287 1102 400 1176 codice
429 1120 546 1199 octavo
573 1109 626 1175 vel
655 1132 757 1192 nono,
790 1119 828 1175 ut
850 1109 998 1193 videtur,
1033 1109 1162 1175 saeculo
1189 1108 1306 1174 litteris
1338 1109 1578 1194 longobardicis

288 1212 410 1299 scripto
439 1221 604 1299 sumptae,
631 1212 666 1276 in
693 1211 811 1300 quibus
840 1212 960 1277 veteris
989 1213 1176 1299 scripturae
1193 1211 1336 1297 vestigia
1357 1213 1438 1277 satis
1467 1221 1579 1298 aperte

288 1314 459 1400 adparent.
504 1324 537 1379 et
558 1313 665 1380 maior
686 1314 817 1402 quidem
838 1336 915 1400 pars
939 1336 1051 1379 earum
1072 1314 1334 1381 membranarum
1355 1312 1398 1378 ad
1420 1312 1581 1379 Prisciani
1664 1360 1665 1365 ι

287 1416 409 1481 librum
436 1425 589 1482 octavum
615 1418 767 1501 pertinet.
809 1416 845 1480 in
872 1427 1025 1501 quattuor
1053 1426 1161 1481 autem
1189 1416 1387 1481 membranis
1420 1415 1581 1502 quaedam

288 1541 330 1582 cx
353 1526 495 1582 tractatu
510 1517 659 1604 Pompeii
673 1518 715 1583 de
736 1517 854 1584 litteris
877 1528 910 1583 ct
933 1518 973 1583 de
996 1520 1185 1585 accentibus
1209 1519 1331 1604 scripta
1352 1527 1445 1601 sunt3
1467 1520 1501 1581 in
1516 1540 1582 1581 una
1664 1524 1665 1531 ’

289 1640 367 1684 vero
396 1619 495 1684 etiam
515 1618 686 1708 inscriptio
709 1618 785 1687 libri
807 1619 888 1685 satis
911 1628 999 1685 certo
1022 1620 1170 1707 adparet,
1192 1624 1316 1684 INCIP.
1341 1622 1585 1684 TBACTATVS

288 1724 467 1786 POMPEI!
487 1726 611 1786 GRAM.
635 1723 693 1786 vix
714 1732 823 1786 autem
845 1744 926 1809 opus
949 1732 1018 1787 erat
1039 1735 1076 1788 ut
1097 1721 1193 1786 buius
1216 1721 1293 1787 libri
1315 1722 1513 1787 mentionem
1534 1722 1582 1785 fa-

290 1845 411 1905 cerem,
438 1824 504 1888 8181
532 1822 617 1892 falsa
639 1822 680 1888 de
701 1846 739 1890 eo
761 1823 866 1890 relata
887 1846 960 1889 esse
982 1823 1129 1889 viderem
1150 1822 1186 1888 in
1207 1822 1355 1908 catalogo
1379 1844 1479 1908 supra
1498 1822 1582 1887 indi·
1664 1888 1665 1895 χ

290 1935 375 1990 cato.
404 1947 480 1989 nam
500 1948 574 1990 cum
595 1925 643 1990 illi
665 1926 723 2013 qui
737 1925 924 2011 catalogum
947 1926 1157 1991 confecerunt
1177 1948 1237 2013 pro
1258 1925 1471 2011 inscriptione
1485 1946 1583 2011 quam

289 2026 385 2112 posui
419 2026 500 2091 baec
531 2026 595 2112 legi
629 2027 845 2110 indicassent,
879 2030 1038 2093 POMPEI
1072 2034 1131 2092 FE
1152 2078 1159 2091 .
1177 2076 1208 2097 ..
1231 2032 1288 2093 DE
1317 2032 1376 2093 RE
1396 2076 1404 2091 .
1422 2076 1431 2090 .
1447 2074 1477 2109 .,
1508 2026 1584 2090 inde

174 2178 182 2193 .
290 2128 432 2193 excitata
464 2137 514 2193 est
545 2129 673 2216 opinio,
705 2140 742 2195 ut
769 2129 916 2217 Pompeii
944 2130 1035 2195 Festi
1064 2128 1104 2194 de
1138 2130 1312 2195 verborum
1344 2128 1586 2213 significatione

290 2230 476 2315 fragmenta
502 2231 537 2294 in
563 2232 762 2297 membranis
789 2232 956 2320 rescriptis
984 2231 1087 2297 latere
1115 2232 1337 2297 crederentur.
1380 2231 1441 2295 hoc
1474 2252 1585 2294 errore

291 2328 421 2397 sublato
443 2354 507 2396 non
529 2343 581 2399 est
603 2355 660 2398 cur
682 2336 716 2398 in
729 2334 802 2399 istis
817 2334 1012 2419 fragmentis
1028 2334 1232 2419 excutiendis
1248 2354 1349 2420 opera
1363 2344 1585 2415 consumatur,

291 2455 355 2520 qua
377 2456 457 2499 sane
479 2434 690 2520 dignissimus
712 2436 843 2501 futurus
867 2445 937 2502 erat
958 2435 1087 2500 Festus.

376 2588 460 2652 Sunt
488 2588 587 2653 etiam
614 2588 676 2653 alii
695 2587 822 2655 codices
851 2588 1040 2675 conplures,
1070 2590 1105 2655 in
1127 2589 1245 2676 quibus
1267 2586 1320 2653 vel
1342 2597 1453 2674 partes
1476 2588 1586 2674 operis

290 2688 437 2776 Pompeii
466 2691 608 2777 scriptae
636 2690 689 2755 vel
712 2700 869 2777 excerpta
891 2693 960 2778 eius
983 2712 1056 2755 cum
1080 2691 1242 2777 excerptis
1266 2688 1403 2755 aliorum
1425 2712 1588 2775 gramma-

291 2792 430 2856 ticorum
458 2792 628 2879 conposita
653 2803 740 2857 sunt.
784 2816 861 2857 nam
887 2794 922 2857 in
949 2794 1052 2859 libros
1080 2793 1120 2859 dc
1142 2793 1358 2879 grammatica
1380 2804 1449 2858 arte
1471 2792 1588 2857 infima

292 2902 400 2957 aetate
429 2916 472 2957 cx
498 2894 600 2957 variis
630 2896 819 2960 auctoribus
842 2880 1013 2977 collectos,
1037 2918 1175 2981 quorum
1197 2918 1335 2979 magnus
1359 2906 1409 2959 est
1430 2916 1588 2959 numerus

293 2995 327 3057 in
349 2994 533 3076 codicibus,
556 2994 660 3059 multa
682 3018 724 3061 cx
744 2996 892 3082 Pompeii
914 2996 999 3062 libro
1022 3007 1154 3083 recepta
1176 3006 1266 3078 sunt,
1295 2995 1376 3060 adeo
1397 3004 1434 3059 ut
1455 3004 1590 3111 praeter

291 3094 497 3160 Priscianum
527 3098 695 3162 Donatum
727 3098 879 3163 Servium
911 3096 1032 3163 nullius
1065 3098 1271 3184 grammatici
1303 3119 1422 3162 nomen
1453 3098 1487 3162 in
1519 3095 1588 3163 illis

293 3198 496 3283 frequentius
525 3200 585 3282 sit,
613 3222 710 3287 quam
738 3199 896 3323 Pompeii.
941 3200 1036 3265 sed
1027 3223 1060 3263 m
1086 3199 1138 3264 bis
1166 3199 1317 3264 omnibus
1349 3198 1470 3263 nibil
1461 3200 1588 3281 inveni,

293 3299 380 3464 qch
402 3298 591 3384 diligentius
614 3273 834 3388 quaerendtim
850 3302 902 3368 vel
917 3301 961 3367 ad
977 3302 1154 3369 editionem
1176 3302 1251 3367 libri
1273 3301 1493 3368 adhibendum
1514 3324 1589 3367 csse

293 3423 327 3464 vr
354 3410 471 3465 eremr.

378 3554 571 3621 Recentiore
598 3551 708 3622 aetate
733 3557 881 3645 Pompeii
908 3558 1049 3645 primum
1078 3560 1274 3626 mentionem
1302 3558 1424 3623 factam
1446 3579 1517 3621 esse
1540 3558 1592 3620 in-

294 3655 391 3721 venio
420 3679 440 3719 a
460 3657 625 3724 Ludovico
648 3658 820 3743 (lamone,
850 3662 905 3747 qui
927 3661 962 3725 in
984 3660 1131 3727 Sallustii
1153 3661 1307 3748 operibus
1330 3658 1535 3745 Antverpiae
1559 3682 1591 3721 a.

296 3758 378 3823 1579
399 3757 497 3824 editis
519 3760 704 3846 fragmenta
724 3760 937 3828 historiarum
953 3762 1097 3829 Sallust‘
1063 3775 1100 3829 ιιι
1115 3764 1157 3829 ab
1179 3764 1240 3827 hoc
1253 3760 1464 3848 grammatico
1486 3759 1595 3824 citata

295 3883 337 3925 ex
359 3857 444 3925 libro
465 3884 565 3926 manu
587 3865 711 3948 scripto
733 3862 919 3931 Coloniensi
941 3865 1064 3951 primus
1086 3863 1233 3952 protulit.
1278 3863 1320 3929 de
1342 3862 1455 3928 codice
1478 3872 1594 3927 autem

295 3985 358 4049 quo
380 3985 459 4027 usus
482 3973 536 4034 est
553 3965 634 4029 baec
656 3964 772 4030 scribit
794 3964 926 4031 schol.
917 3988 952 4029 m
970 3965 1046 4031 Sall.
1062 3964 1138 4031 hist.
1154 3966 1273 4050 fragm.
1295 3990 1328 4053 p.
1343 3965 1451 4046 233,
1459 3972 1511 4027 cst
1534 3986 1594 4027 au-

294 4076 360 4128 tem
388 4063 439 4148 (ut
465 4063 500 4129 id
528 4067 675 4152 peruiam
704 4066 868 4151 moneam)
896 4066 1069 4153 Pompeius
1099 4067 1355 4149 Grammaticus3
1383 4066 1476 4131 cuius
1505 4064 1596 4130 liber

296 4165 356 4230 sub
379 4166 508 4232 nominc
531 4168 637 4254 Sergii
660 4169 897 4255 antiquissimis
919 4167 1038 4234 litteris
1068 4169 1208 4255 scriptus
1231 4192 1249 4233 e
1270 4166 1472 4235 bibliotheca
1491 4165 1595 4232 Colo·

294 4267 402 4332 niensi
422 4269 517 4334 nobis
540 4271 582 4336 ab
606 4270 727 4356 optimo
751 4281 782 4335 et
804 4270 1015 4355 integerrimo
1039 4271 1109 4337 viro
1125 4270 1303 4336 Melchiore
1320 4268 1488 4355 Hittorpio
1513 4292 1595 4355 sup-

296 4368 463 4455 peditatus
491 4379 557 4454 est,
585 4394 745 4458 quemque
772 4373 928 4458 Pompeio
957 4372 1173 4456 asseruimus,
1201 4372 1289 4461 quod
1309 4373 1344 4436 in
1367 4394 1405 4463 co
1428 4372 1597 4458 quaedam

296 4481 422 4552 essent,
456 4494 539 4558 quae
572 4495 592 4536 a
613 4473 705 4538 Beda
737 4470 848 4538 libello
882 4472 924 4539 de
956 4476 1084 4556 metris,
1113 4476 1267 4562 Pompeio
1295 4473 1394 4539 tribui
1415 4472 1594 4558 videbam3

297 4572 483 4658 opinionem
505 4595 610 4638 meam
632 4576 794 4661 posterius
817 4574 883 4640 alio
905 4585 1015 4641 vetere
1038 4575 1171 4643 doctiss.
1201 4576 1342 4643 Puteani
1363 4573 1447 4641 libro
1471 4597 1597 4661 appro-

296 4671 424 4737 bante'.
467 4684 582 4761 postea
608 4675 749 4742 Iacobus
777 4675 964 4741 Fridericus
998 4678 1222 4763 Heusingerus
1249 4677 1597 4745 Wolfenbuttelanum

298 4773 441 4839 codicem
467 4788 600 4858 nactus,
629 4800 703 4842 cum
728 4776 834 4844 Mallii
863 4778 1027 4846 Theodori
1056 4779 1178 4845 librum
1206 4774 1239 4847 et
1260 4779 1342 4847 alios
1365 4780 1407 4846 de
1429 4790 1500 4846 arte
1525 4802 1596 4845 me-
