3350 5442
330 346 390 409 112
896 350 1048 413 POMPEll

351 468 373 509 p.
387 451 464 497 as-aa
477 456 500 496 1,

326 536 435 614 syllaba
459 555 531 614 ergo
553 539 675 617 proprie
698 536 806 598 dicitur
827 555 902 616 quae
925 536 962 598 de
985 536 1084 599 multis
1105 536 1213 599 litteris
1236 539 1381 607 13313331,
1407 537 1527 599 abusive
1540 559 1604 619 quae

325 637 363 697 de
386 657 442 699 una
466 637 557 699 rocali
580 640 656 699 lacta
679 649 734 699 est.
1101 698 1108 714 ,

207 747 312 810 43314
408 739 517 801 Omnes
539 739 667 821 syllabae
690 748 741 801 aut
763 742 868 803 breves
889 751 966 811 suut,
990 750 1039 803 aut
1055 740 1160 820 longae
1175 750 1251 812 sunt,
1276 752 1328 804 aut
1346 761 1521 805 communes
1535 752 1604 805 sunt.

326 841 431 901 breves
454 842 594 904 dicuntur
624 862 699 922 quae
722 862 840 923 semper
863 843 967 904 breves
990 852 1074 913 suut;
1103 843 1210 923 longae
1239 846 1378 907 dicuutur
1400 864 1478 925 quae
1500 864 1605 925 semper

324 941 431 1021 longae
459 953 543 1013 sunt;
573 964 746 1006 communes
773 944 912 1007 dicuntur
935 964 1010 1024 quae
1038 945 1126 1007 modo
1154 946 1259 1008 breves
1288 947 1376 1007 modo
1404 946 1512 1024 longae
1532 956 1623 1007 sonim

325 1064 393 1105 nam
415 1044 509 1107 idciro
532 1047 695 1126 appellatae
718 1056 787 1109 suut
809 1066 989 1109 communes.
1035 1048 1186 1109 videamus
1209 1048 1297 1109 modo
1321 1048 1434 1110 breves.
1481 1051 1511 1109 in
1535 1052 1605 1127 prin·
1652 1108 1653 1111 ,

325 1149 417 1226 cipio.
442 1154 599 1226 antequam
628 1149 724 1211 dicam
752 1149 954 1211 definitionem
982 1151 1089 1229 ipsam,
1114 1159 1145 1212 tu
1168 1132 1225 1211 boc
1247 1152 1324 1212 scire
1347 1150 1454 1219 debes,
1478 1154 1605 1231 quoniam
1652 1164 1653 1167 ’

324 1248 465 1329 syllabam
490 1269 548 1335 upa
571 1261 766 1331 conputamus
788 1251 826 1311 ab
849 1254 947 1321 initio,
976 1252 1027 1312 sed
1052 1271 1067 1312 a
1091 1250 1192 1313 vocali.
1238 1254 1371 1333 quisquis
1395 1251 1456 1313 vult
1476 1251 1606 1332 syllabam

324 1352 574 1422 animadvertere,
614 1354 708 1433 qualis
747 1357 798 1424 sit,
838 1372 899 1415 non
937 1354 974 1415 ab
1011 1356 1096 1414 initia
1138 1354 1225 1415 debet
1268 1363 1446 1434 conputare,
1484 1354 1534 1415 sed
1569 1375 1605 1434 a⁴
1652 1356 1653 1359 ’

326 1454 426 1513 vocali.
490 1462 560 1534 puta
602 1464 684 1533 post:
730 1455 850 1536 quando
888 1456 960 1517 dicis
999 1455 1071 1516 mihi
1115 1458 1242 1534 ‘quaere
1286 1456 1380 1534 qualis
1422 1464 1467 1517 est
1508 1455 1607 1536 syllaba
1618 1477 1653 1539 ny

229 1544 232 1549 ¹
324 1562 417 1633 post',
456 1575 516 1616 non
552 1558 662 1636 incipio
690 1565 852 1635 conputare
882 1577 896 1617 3
927 1578 960 1637 p,
989 1558 1040 1617 sed
1070 1560 1180 1637 incipio
1209 1566 1372 1637 conputare
1400 1559 1437 1619 ab
1468 1578 1500 1625 o:
1530 1578 1607 1619 aro·
1652 1564 1653 1641 ]

324 1656 379 1717 eali
408 1659 517 1736 incipio
547 1667 709 1738 conputare
732 1668 761 1719 et
782 1661 875 1739 ipsam
900 1660 1134 1722 animadvertere
1164 1668 1193 1720 et
1226 1668 1385 1737 sequentes
1412 1670 1609 1721 consonantes.
1652 1672 1653 1675 ’

324 1768 423 1818 utrum
448 1758 546 1819 brevis
566 1744 606 1820 ¹sit
627 1779 664 1821 an
687 1760 788 1839 longa,
819 1770 851 1822 ut
873 1763 985 1841 possim
1008 1762 1260 1832 animadvertere,
1290 1782 1348 1823 nou
1372 1764 1484 1841 incipio
1507 1782 1608 1841 conpu-

323 1869 387 1922 tare
409 1880 425 1921 a
448 1879 482 1939 p,
511 1860 564 1923 sed
592 1861 629 1923 ab
652 1882 685 1931 o;
715 1873 745 1923 el
770 1865 963 1925 inveniuntur
990 1863 1065 1925 duae
1094 1872 1289 1925 consonantes
1316 1873 1384 1943 post
1409 1866 1514 1944 ipsam.
1556 1883 1608 1925 uon
1652 1852 1653 1895 ³

324 1970 454 2043 conputo
477 1963 556 2024 illam
585 1965 724 2043 priorem.
769 1983 897 2043 namque
924 1968 953 2026 in
984 1985 1041 2027 una
1069 1983 1185 2043 quaque
1214 1964 1323 2045 syllaba
1353 1966 1469 2027 litterae
1497 1986 1608 2045 praere·
1621 1940 1653 2020 u1

326 2064 430 2126 dentes
453 2084 511 2125 uon
535 2070 670 2143 sequenti
693 2066 821 2147 syllabae
844 2075 979 2147 prosunt,
1003 2068 1055 2128 sed
1073 2071 1222 2129 'anteriori
1244 2067 1382 2149 syllabae,
1406 2068 1436 2128 id
1454 2077 1499 2129 est
1514 2070 1608 2149 priori,
1652 2068 1653 2079 ¹

326 2169 465 2244 quoniam
488 2171 585 2228 omnis
611 2167 720 2247 syllaba
744 2171 849 2247 incipit
876 2169 987 2231 babere
1016 2172 1163 2231 rationem
1192 2190 1207 2231 a
1231 2170 1332 2231 vocali.
1378 2189 1500 2249 semper
1522 2170 1549 2230 id
1572 2180 1612 2229 est

325 2288 468 2349 quaerere
491 2268 527 2329 de
548 2271 611 2348 ipsa
635 2270 739 2338 vocali,
764 2280 863 2331 utrum
885 2259 973 2349 longa'
995 2275 1033 2332 sit
1054 2279 1100 2333 an'
1115 2272 1227 2341 brevis;
1251 2271 1358 2333 deinde
1381 2272 1570 2333 considerare
1585 2280 1611 2331 et

326 2371 363 2431 de
385 2373 617 2432 consonantibus
638 2372 846 2451 sequentibus,
872 2392 931 2433 uon
954 2374 990 2433 de
1006 2373 1262 2452 praecedentibus.
1308 2374 1522 2454 praecedentes
1538 2376 1609 2434 enim
1652 2412 1653 2439 r

326 2483 521 2534 consonantes
548 2493 608 2534 uou
636 2476 693 2553 ipsi
720 2484 859 2554 prosunt,
887 2473 939 2535 sed
968 2473 1057 2535 alicui
1085 2475 1200 2536 litterae
1229 2477 1381 2536 auteriori.
1426 2476 1499 2537 illud
1528 2479 1653 2537 etiamn,

325 2577 402 2635 scire
425 2575 531 2646 debes,
555 2576 632 2654 quod
655 2576 766 2655 syllaba
790 2576 887 2637 brevis
903 2596 994 2638 unum
1010 2585 1126 2657 ternpus
1142 2577 1239 2645 habet,
1263 2578 1349 2655 longa
1372 2576 1431 2639 duo
1452 2586 1583 2657 tempora
1652 2606 1653 2609 ¹

242 2685 252 2701 ⁶
324 2677 430 2746 babet,
455 2678 615 2758 pleraeque
638 2677 697 2738 drro
720 2680 823 2747 semis,
854 2677 1014 2757 pleraeque
1042 2681 1108 2741 tria.
1152 2679 1203 2740 sed
1232 2681 1290 2739 iam
1318 2678 1407 2741 modo
1436 2681 1522 2743 nobis
1545 2679 1611 2740 nibil

325 2788 515 2859 quaeruntur.
562 2780 672 2859 syllaba
695 2799 767 2859 ergo
790 2782 941 2859 quaeritur
964 2802 979 2841 a
1002 2779 1095 2841 vocali
1112 2789 1142 2842 et
1163 2780 1355 2860 sequentibus
1378 2782 1610 2848 consonantibus,
1652 2828 1653 2835 ,

325 2900 400 2961 quae
424 2881 595 2942 tractandae
618 2880 704 2943 nobis
726 2890 803 2942 sunt.
849 2882 956 2943 deinde
983 2882 1053 2943 illud
1083 2886 1159 2944 scire
1188 2884 1291 2953 debas,
1322 2884 1400 2963 quod
1423 2902 1611 2963 unaquaeque

325 2983 449 3063 syllaba,
474 2982 571 3043 brevis
594 2986 619 3043 si
642 2985 696 3052 sit,
718 3002 808 3043 unum
832 2991 948 3064 tempus
971 2984 1076 3053 lrabet;
1105 2985 1130 3045 si
1153 2984 1239 3063 longa
1262 2988 1315 3055 sit,
1346 2986 1404 3047 duo
1429 2986 1518 3047 habet
1539 2996 1653 3073 tem-ug

325 3104 405 3163 pora,
451 3094 550 3145 cetera
574 3094 722 3163 tempora,
747 3102 822 3162 quae
846 3087 1004 3155 accedunt,
1029 3086 1177 3165 superflua
1206 3097 1283 3149 sunt.
1329 3096 1361 3148 ut
1390 3098 1460 3167 puta
1488 3091 1511 3149 si
1535 3089 1613 3149 dicas

326 3196 367 3257 et,
392 3170 483 3246 unum
506 3189 596 3248 semis
618 3186 717 3247 babet.
763 3207 779 3247 e
802 3190 909 3250 roralis
933 3196 978 3249 est
1002 3187 1112 3257 brevis,
1138 3208 1228 3249 arnum
1251 3189 1340 3251 habet
1363 3199 1488 3269 tempus.
1518 3199 1613 3251 tcon-

245 3332 247 3338 ·
325 3308 432 3349 sonans
455 3296 513 3355 est,
538 3297 567 3349 et
590 3291 685 3349 omnis
713 3308 880 3351 consonans
909 3290 1060 3351 dimidium
1089 3291 1178 3351 habet
1204 3299 1337 3381 tempus:
1369 3310 1438 3353 ecce
1467 3299 1497 3353 et
1524 3311 1612 3353 unum

324 3394 414 3451 semis
437 3391 524 3451 babet
546 3400 672 3470 tempus.
717 3392 812 3452 adlmc
841 3412 899 3453 non
929 3402 973 3453 est
1001 3412 1057 3453 nec
1088 3391 1174 3471 longa
1197 3412 1258 3454 nec
1285 3393 1400 3461 brevis:
1429 3393 1496 3473 plus
1519 3402 1612 3454 tamen

324 3494 414 3553 babet
435 3512 452 3552 a
474 3492 571 3561 brevi,
600 3495 698 3553 minus
726 3494 844 3571 quidem
875 3494 964 3555 babet
990 3514 1007 3555 a
1035 3494 1131 3573 leuga.
1177 3494 1252 3555 adde
1282 3495 1318 3555 ad
1347 3503 1375 3555 et
1404 3515 1427 3566 3,
1452 3504 1482 3556 et
1503 3498 1560 3556 iarn
1583 3498 1647 3555 ritae

325 3595 420 3671 longa.
467 3596 576 3672 quare?
607 3594 744 3655 ebrevis
764 3615 857 3657 uuum
881 3603 997 3676 tempus
1020 3596 1124 3667 babet,
1153 3596 1341 3657 tdimidium
1370 3604 1488 3675 lerppus
1515 3596 1612 3663 habet,
1652 3602 1653 3619 ³

325 3718 340 3759 s
363 3698 517 3757 dimidium
540 3707 657 3776 tempus
680 3696 783 3757 habet:
808 3716 877 3758 ecce
901 3698 958 3758 duo
981 3707 1115 3787 tempora
1140 3707 1223 3767 sunt,
1248 3698 1383 3759 lecerunt
1406 3699 1465 3761 duo
1480 3708 1614 3779 tempora

324 3800 441 3879 longam
465 3799 616 3881 syllabam.

409 3902 489 3963 llaec
517 3905 592 3963 ratio
622 3910 680 3973 est,
710 3910 743 3963 ut
770 3909 885 3962 tautum
914 3901 1008 3963 valeat
1037 3901 1147 3983 syllaba
1166 3905 1170 3981 Ι
1190 3904 1363 3966 naturaliter
1393 3903 1494 3982 longa,
1523 3922 1614 3983 quan·

325 4015 386 4068 tum
420 4005 496 4065 valet
528 4006 676 4083 positione
709 4004 807 4082 longa.
854 4006 964 4084 quare?
1002 4023 1069 4065 nam
1094 4023 1182 4084 quem
1211 4004 1246 4065 ad
1275 4005 1396 4066 modum
1428 4006 1496 4067 illae
1528 4024 1653 4065 varra-aa

324 4109 369 4169 les
406 4107 580 4169 naturaliter
619 4105 723 4183 longao
764 4108 821 4167 duo
861 4104 1139 4186 habent·tempora
1180 4107 1227 4185 (ut
1258 4110 1291 4167 ‘a
1324 4117 1358 4167 te
1391 4126 1434 4169 ne
1467 4108 1614 4186 frigora

323 4211 509 4279 laedaut';
548 4228 565 4269 a
604 4208 691 4287 longo
731 4217 775 4270 est
813 4208 999 4278 naturaliter,
1038 4209 1095 4269 duo
1130 4208 1220 4269 babet
1253 4210 1418 4289 tempora),
1453 4211 1496 4270 sic
1525 4211 1615 4269 etiam

324 4312 450 4392 syllaba,
474 4330 551 4393 quae
572 4313 718 4391 positione
740 4310 894 4389 diiunge,
925 4311 983 4371 duo
1006 4310 1095 4371 lrabet
1118 4319 1261 4391 tempora.
1305 4331 1364 4392 quo
1387 4312 1494 4372 modol
1522 4329 1616 4372 unum

395 4481 738 4534 7trrl1aecBOclraeeA
811 4482 844 4533 10
862 4492 922 4548 puta
941 4492 998 4547 post
1014 4482 1103 4533 Bca:
1128 4492 1186 4547 post
1207 4498 1253 4535 oar.
1273 4483 1297 4531 Α
1368 4479 1472 4549 quaere]
1494 4498 1572 4546 qnare
1592 4482 1618 4531 A

385 4554 483 4620 syllaba
501 4566 557 4618 post
575 4553 668 4603 Bca:
690 4562 747 4618 past
761 4568 807 4602 om.
826 4552 851 4601 Α
906 4554 938 4602 12
957 4563 1124 4602 cernennentes
1145 4592 1232 4607 .....
1253 4567 1310 4601 esse
1326 4552 1399 4601 istam
1415 4552 1532 4601 silluhanr
1555 4566 1618 4616 pura

325 4632 407 4672 utrum
425 4626 449 4674 A
521 4625 553 4674 ll
573 4637 620 4673 uon
641 4635 748 4687 eonpmo
775 4625 843 4672 illum
866 4623 973 4688 priorem
993 4622 1040 4671 Bo
1065 4638 1112 4671 nou
1137 4636 1247 4687 conputo
1272 4625 1354 4687 ipsam
1374 4623 1442 4670 illurn
1462 4624 1570 4687 prinrern
1591 4620 1618 4670 A

325 4708 374 4741 non
393 4694 486 4758 inerpio
505 4695 572 4743 illam
589 4693 732 4757 pioremC
800 4693 833 4742 ‘25
852 4693 937 4741 breuis
955 4694 976 4741 si
994 4694 1025 4741 sit
1041 4694 1106 4742 Boc
1125 4692 1250 4742 13333331
1268 4693 1300 4741 sit
1318 4694 1406 4752 C,om.
1427 4694 1450 4741 Α
1507 4693 1620 4743 33133-

326 4779 385 4829 gam
409 4766 532 4828 syllabam
558 4764 730 4827 Herminperna
749 4765 775 4812 ia
799 4762 875 4813 Mall.
901 4762 993 4811 Tbeod.
1017 4780 1044 4827 p.
1062 4764 1096 4813 bn
1121 4764 1223 4827 longam
1244 4762 1310 4810 illam
1330 4760 1386 4811 AB
1395 4762 1434 4815 C,
1484 4762 1517 4813 34
1536 4760 1617 4831 valet]

325 4834 409 4890 ualeat
427 4836 450 4884 A
522 4833 556 4885 36
574 4849 589 4883 a
609 4832 644 4901 ae]
668 4835 747 4899 Verp.
766 4834 848 4888 bucol.
869 4833 910 4898 10,
928 4832 961 4883 48
1029 4832 1063 4884 38
1082 4832 1108 4885 llt
1126 4833 1204 4899 longa
1222 4831 1280 4883 AB
1299 4832 1326 4882 su
1343 4831 1440 4899 syllaba
1458 4833 1499 4885 Ga
