3350 5442
348 334 353 339 i
424 382 623 444 exornem
646 384 846 445 eoernnsn
870 381 1006 445 35-38
1299 365 1376 446 ote

1170 492 1337 544 ater-ror.

64 584 138 628 eum
160 576 325 631 nee-nator
345 588 401 630 nee
423 569 558 631 ambulor
581 571 640 631 diei
663 558 768 651 possit.
805 574 878 632 item
901 573 954 633 ‘ad
978 571 1164 633 salutandum
1190 574 1243 632 eo’
1266 575 1362 651 parti-

64 671 181 750 cipium
208 690 274 732 esse
301 675 360 733 iam
392 672 516 743 desinit,
545 675 603 734 uisi
633 673 781 735 adieceris
808 672 853 733 vel
882 674 1031 735 bonrinem
1054 674 1101 733 vel
1123 676 1261 735 amicum.
1307 675 1361 735 hae

63 775 159 833 enim
171 773 338 835 adiectione
361 777 552 853 participium
575 774 736 846 obtinebit,
761 776 812 836 sed
828 783 900 837 tune
916 796 982 837 oum
999 795 1034 837 ex
1050 776 1142 836 verbo
1165 784 1210 837 est
1232 775 1362 837 habente

63 881 98 933 et
127 878 276 954 passivam
298 876 544 945 declinationem,
573 884 607 937 ut
628 878 664 937 ad
686 878 864 948 videndum,
895 880 930 939 ad
954 878 1155 949 salutandum;
1185 878 1240 939 ‘ad
1263 879 1362 939 decla·

34 978 225 1038 5mandum'
254 996 325 1039 vero
347 997 414 1039 eum
437 978 519 1049 dieo,
550 998 608 1040 non
638 996 758 1058 possum
780 980 881 1040 dicere
905 981 1004 1051 illum,
1032 983 1102 1060 quia
1125 980 1274 1042 declamor
1296 981 1362 1041 lati·

62 1096 138 1139 num
162 1098 221 1139 non
244 1087 298 1140 est.
343 1080 472 1159 denique
495 1099 562 1141 enm
586 1080 660 1140 dicit
681 1084 750 1161 quis
772 1082 819 1142 ‘eo
843 1082 879 1143 ad
903 1083 1088 1143 salutandum
1112 1082 1157 1142 vel
1180 1082 1216 1142 ad
1239 1082 1361 1143 audien·

63 1180 139 1240 dum
161 1181 206 1241 rel
230 1181 266 1242 ad
288 1181 448 1242 ridendum
470 1182 517 1242 rel
541 1180 545 1260 Ι
570 1184 607 1243 ad
629 1184 822 1243 osculandum
832 1189 851 1272 ζ,
874 1186 943 1264 quia
964 1191 1062 1264 potest
1085 1183 1152 1243 addi
1176 1191 1206 1243 et
1227 1183 1310 1266 illum
1333 1191 1362 1243 et

64 1282 106 1343 ab
129 1283 196 1354 illo,
221 1286 245 1345 si
270 1283 345 1344 nibil
373 1283 514 1352 addatur,
543 1285 691 1347 incertum
720 1285 917 1365 relinquitur,
947 1294 1047 1347 utrum
1070 1288 1163 1346 activa
1187 1277 1222 1345 a'n
1246 1288 1361 1364 passiva

63 1386 285 1462 signilieatione
308 1385 457 1464 prolatum
479 1389 534 1457 sit}
558 1388 583 1447 si
607 1406 677 1447 vero
699 1388 803 1448 dixero
827 1388 881 1449 ‘ad
903 1378 1083 1467 loquendum
1093 1392 1112 1457 ',
1136 1387 1192 1447 boe
1214 1388 1360 1465 significo,

24 1497 50 1534 ¹0
65 1493 101 1545 ut
124 1487 160 1547 de
184 1487 241 1549 alio
263 1485 380 1568 loquar,
403 1506 463 1548 non
485 1490 575 1549 etiam
599 1499 630 1551 ot
652 1490 728 1550 alius
751 1490 787 1550 de
810 1507 857 1549 me
880 1486 1026 1568 loquatur,
1050 1492 1119 1570 quia
1142 1489 1249 1568 loquor
1272 1489 1361 1569 depo·

62 1606 143 1649 nens
174 1596 232 1659 est,
267 1608 326 1649 non
359 1594 525 1650 commune.
571 1593 640 1652 inde
674 1601 719 1652 est
752 1593 925 1671 ‘uritque
953 1592 1111 1652 videndo
1145 1592 1302 1651 lemina'
1332 1599 1363 1651 et

63 1692 185 1770 ‘picis
207 1694 244 1752 in
266 1710 400 1752 morem
417 1692 460 1753 ad
480 1692 622 1770 digitos
644 1694 826 1754 lenteseit
848 1693 1035 1755 babendo’
1057 1701 1087 1753 et
1109 1691 1363 1753 ‘verberando

61 1795 220 1863 necati',
244 1797 314 1873 quia
335 1800 366 1853 et
387 1792 491 1858 videor
513 1802 544 1853 et
565 1794 677 1856 habeor
700 1803 731 1855 et
752 1795 896 1855 verberor
918 1814 976 1855 non
1002 1795 1195 1875 deponentia,
1219 1794 1270 1854 sed
1294 1814 1360 1873 pas·

63 1896 128 1955 sira
153 1904 231 1956 sunt.
275 1900 347 1957 item
370 1898 664 1978 interloquendum,
693 1900 772 1958 inter
800 1897 947 1976 agendum
976 1897 1020 1956 vel
1050 1897 1086 1957 de
1116 1896 1295 1975 inperando‚
1326 1896 1361 1955 de

24 1996 182 2057 laedendo
205 1997 293 2058 verba
316 2002 498 2094 usurpativa
510 2000 659 2061 dixerunt.
695 2000 800 2060 sed-et
822 1998 888 2069 illa,

215 2118 281 2159 nee
305 2102 386 2161 visu
408 2102 548 2171 facille,
573 2119 638 2161 nee
661 2101 767 2162 dietu
789 2100 966 2161 eliabilis
988 2100 1072 2171 ulli,

62 2199 157 2260 rerba
186 2208 255 2261 sunt
283 2201 319 2262 ad
347 2203 471 2263 eandem
504 2204 629 2265 lormam
664 2204 861 2283 pertinentia,
896 2220 972 2282 quae
1006 2202 1144 2263 latinitati
1173 2221 1231 2263 non
1267 2203 1361 2264 solum

62 2309 199 2380 praestat
226 2312 378 2375 ornatum,
408 2305 459 2365 sed
483 2312 513 2365 et
534 2305 607 2366 illud
633 2323 765 2384 quoque,
789 2311 822 2364 ut
844 2303 956 2385 aliquid
979 2303 1090 2365 babere
1114 2303 1258 2374 rideatur,
1282 2305 1361 2383 quod

66 2404 177 2464 Graeei
200 2407 266 2466 inre
290 2406 476 2476 desiderent,
501 2409 635 2487 quamvis
657 2414 688 2465 et
709 2408 765 2485 ipsi
790 2414 906 2485 partem
928 2425 1031 2466 eornm
1055 2407 1199 2485 aliquam,
1222 2407 1291 2467 lieet
1314 2409 1360 2467 in·

24 2516 114 2565 nter
148 2506 301 2590 adverbia
321 2510 466 2588 positam,
507 2507 620 2569 babere
654 2515 751 2568 tamen
792 2510 1015 2578 existimentur,
1056 2517 1088 2569 ut
1121 2515 1166 2569 est
1204 2492 1362 2588 ποιητέον

62 2603 238 2687 γραπτέον
260 2589 414 2671 lentior:
437 2609 510 2670 haee
533 2612 612 2670 enim
637 2609 696 2670 illis
718 2610 825 2673 similia
849 2618 934 2679 sunt,
959 2614 1038 2671 ‘aut
1060 2628 1184 2689 pacem
1200 2610 1361 2671 Troiano

63 2729 80 2768 a
106 2729 196 2789 rege
218 2711 448 2792 petendum’.
479 2720 549 2773 sunt
571 2721 669 2773 autem
692 2715 831 2773 universa
854 2714 891 2782 V,
916 2712 1032 2773 amandi
1056 2712 1181 2773 amando
1204 2714 1360 2774 amandum

63 2820 197 2873 amatum
219 2821 337 2883 amatu,
367 2814 506 2874 monendi
529 2815 676 2874 monendo
697 2814 877 2874 monendum
900 2816 1045 2875 monitum
1069 2818 1196 2883 monitu,
1220 2814 1359 2875 audiendi

63 2914 216 2976 audiendo
245 2916 425 2976 audiendum
453 2915 584 2976 auditum
612 2916 730 2985 auditu,
761 2916 880 2993 legendi
908 2915 1035 2993 legendo
1063 2916 1220 2993 legendnm
1250 2917 1358 2977 lectum

24 3016 155 3077 eleeto.
181 3011 185 3091 l

506 3186 554 3231 DE
576 3185 705 3235 Fennis
727 3185 918 3233 VBRBORVM

151 3290 276 3351 Formae
299 3290 459 3351 verborum
482 3293 543 3351 sive
566 3294 682 3371 speeies
704 3264 773 3351 snut
794 3291 846 3361 lV,
869 3290 977 3370 quibus
1000 3309 1035 3350 ex
1058 3290 1148 3352 rebus
1171 3310 1243 3372 quas
1265 3294 1355 3369 signi·
1370 3305 1430 3369 625,
1444 3308 1477 3355 24

63 3392 156 3451 beant
177 3392 270 3454 indita
292 3392 435 3453 voeabula
457 3400 544 3454 sunt..
566 3412 635 3453 nam
657 3395 754 3472 prima
775 3394 887 3454 dieitur
902 3392 1088 3463 meditativa,
1112 3411 1188 3472 quae
1211 3395 1359 3470 signifieat

61 3492 289 3554 meditationem
312 3497 377 3555 eius
399 3496 444 3554 rei
466 3513 541 3574 quae
563 3497 699 3555 imminet
721 3503 751 3554 et
771 3497 857 3555 euius
880 3502 1016 3572 speratur
1034 3494 1178 3563 effeetus,
1202 3502 1235 3555 ut
1257 3504 1357 3575 partu-

24 3598 128 3665 torio,
152 3596 229 3675 quod
253 3605 299 3657 est
320 3614 427 3676 parere
450 3598 591 3668 meditor,
615 3598 716 3657 esurio
738 3615 804 3657 esse
826 3597 970 3668 meditor;
994 3600 1038 3657 sie
1061 3598 1207 3657 amatorio
1230 3598 1357 3657 lecturio

63 3704 94 3757 et
117 3697 233 3757 similia.
279 3699 406 3759 secunda
435 3699 617 3767 inchoativa,
646 3716 721 3777 quae
751 3698 862 3778 aliquid
895 3699 960 3758 lteri
983 3700 1041 3759 iam
1065 3700 1198 3775 eoepisse
1221 3704 1355 3768 testatur,

63 3835 98 3840 -
257 3836 366 3857 ῐ--.ῌ

132 3917 149 3967 8
161 3918 268 3967 addatur
279 3919 303 3968 in
317 3920 439 3969 ineertuin
450 3920 475 3969 B
521 3921 549 3968 11
565 3920 661 3980 utrique
671 3918 710 3968 B:
727 3920 805 3983 Verq.
814 3934 902 3983 peorp.
916 3919 1010 3968 111215
1056 3920 1086 3967 12
1099 3915 1173 3982 piris]
1184 3918 1355 3983 Verqqeorp.

62 3987 150 4036 tiano
185 3988 216 4035 16
229 3984 285 4053 nee]
298 3988 555 4052 Ver9.Aen.lllt321
592 3986 799 4052 18praestantB
833 3986 1048 4052 20uotqottovB
1083 3988 1114 4035 21
1128 3984 1181 4051 aut]
1198 3986 1276 4049 Verp.
1288 3990 1355 4039 Aen.

61 4054 163 4103 xlnao
208 4054 730 4120 22agete(corr.erege)pedendumB
775 4056 808 4104 25
820 4055 895 4108 lecto.
915 4055 1050 4104 declinatio
1061 4054 1269 4119 inpersonaliunt.
1289 4070 1355 4119 qnae

61 4123 88 4170 in
107 4132 148 4171 tur
164 4133 259 4171 exeunt
275 4138 320 4187 per
336 4124 451 4187 singulas
467 4124 658 4188 coniugationes
675 4122 709 4172 ad
725 4123 913 4173 similitudinem
932 4123 1096 4187 paesiuerum'
1111 4138 1141 4171 ex
1160 4123 1233 4171 tertia
1245 4137 1354 4187 persona

62 4191 205 4253 ligurantur
221 4199 377 4253 curruntque
394 4207 440 4257 per
457 4206 546 4241 omnes
564 4192 654 4241 modos
671 4201 835 4256 temporaque
852 4192 1027 4254 unrtsquieque
1046 4206 1131 4241 eorum
1153 4191 1254 4256 recepit.
1279 4192 1354 4240 modo

2 4264 14 4278 ⁸
62 4257 206 4307 indicatiuo
225 4269 324 4308 amatur
340 4285 382 4308 —.
398 4260 476 4310 medo
493 4258 590 4309 infinito
608 4259 695 4308 eadent
718 4269 791 4308 erunt
807 4260 978 4324 inpersonalia
995 4275 1039 4324 per
1056 4274 1143 4309 omnes
1164 4260 1355 4322 coniugationes

64 4339 132 4387 quae
143 4325 242 4375 inlinita
254 4329 368 4391 passius.
392 4327 436 4377 sed
451 4328 512 4377 haee
525 4329 571 4376 erit
583 4327 711 4377 diseretio.
736 4328 757 4377 ei
770 4328 858 4377 dixero
871 4327 921 4392 legi
933 4328 1084 4392 ciceronem,
1099 4327 1146 4390 legi
1160 4326 1302 4391 salustium,
1316 4328 1354 4375 in·

62 4394 129 4441 nnio
142 4402 193 4450 est;
211 4395 232 4443 si
246 4408 307 4444 nero
326 4394 375 4459 legi
392 4404 489 4444 tantum
501 4396 586 4456 modo,
600 4395 760 4459 inpersonele
773 4405 820 4447 est.
832 4410 881 4445 non
897 4396 963 4444 enim
976 4395 1043 4443 hune
1055 4404 1098 4443 atrt
1110 4396 1178 4442 illum
1193 4394 1353 4459 intellegitur,

64 4462 111 4511 sed
126 4462 183 4526 ipsa
195 4463 389 4526 qualiscumque
401 4464 475 4512 lectio
488 4464 684 4513 demonstratur.
697 4465 775 4512 amari
785 4491 817 4500 -
827 4464 917 4513 lectum
927 4464 965 4515 iri.
979 4478 1042 4525 qnae
1054 4464 1078 4510 in
1093 4472 1119 4511 et
1129 4472 1223 4511 exeunt
1234 4463 1352 4526 quoniam

64 4545 97 4577 ex
115 4544 143 4578 se
160 4544 210 4578 non
227 4546 364 4594 numquam
383 4532 497 4582 oriamur
515 4546 564 4580 non
582 4531 723 4580 referentur
739 4532 771 4580 ed
787 4532 992 4596 coniugationee,
1011 4540 1037 4579 ut
1049 4541 1087 4579 eet
1099 4531 1182 4579 taedet
1194 4530 1272 4595 pudet
1284 4532 1352 4595 piget

63 4598 178 4662 poenitet
190 4599 293 4648 miseret
305 4608 414 4665 oportet,
428 4600 476 4647 nisi
490 4600 556 4663 quod
569 4608 653 4665 potest
665 4599 803 4649 similitudo
817 4599 941 4662 quaedam
957 4600 981 4648 in
994 4598 1034 4648 his
1047 4613 1103 4647 esse
1116 4599 1298 4661 coniugationis
1311 4614 1353 4647 at·-

64 4666 175 4730 eundae‚
189 4678 312 4728 quantum
324 4668 358 4717 ad
371 4668 469 4715 tertiam
481 4682 615 4731 personam
628 4669 717 4715 attinet
728 4668 893 4733 singularem.
905 4668 983 4717 modo
993 4666 1129 4716 indication
1141 4666 1293 4729 poenitet-
1303 4676 1353 4714 tne-

64 4734 143 4786 debit.
169 4735 202 4784 ed
216 4736 406 4785 similitudinem
419 4736 578 4801 superiorum
592 4744 615 4784 et
625 4736 723 4796 reliqua
736 4736 929 4786 declinabantur
938 4750 984 4801 per
993 4750 1082 4784 omnes
1091 4734 1181 4783 modos
1194 4743 1219 4782 et
1231 4743 1352 4800 tempora.

66 4802 103 4851 De
120 4801 210 4852 lormis
228 4803 261 4853 B.
285 4805 467 4855 declinationes
488 4804 619 4854 verborum
640 4805 836 4867 inperaoaallnm
859 4814 956 4853 amatur
973 4804 1076 4852 doeetur
1098 4801 1198 4851 auditur
1216 4801 1306 4864 legitur
1328 4810 1353 4853 et

61 4872 173 4935 poenitet
191 4872 270 4935 pudet
288 4873 358 4937 piget
374 4872 431 4921 licet
448 4875 521 4923 omisi
579 4876 612 4922 30
625 4874 707 4937 parire
719 4872 745 4920 B

113 4960 291 5007 castruino
305 4960 396 5004 ternu
411 4961 439 5008 v.
1107 4952 1148 5016 42
