3350 5442
719 363 791 425 ARS
1338 357 1398 423 347

981 515 985 531 .
1206 469 1374 523 emme

110 548 291 609 femininum
318 567 403 618 vero,
434 553 458 609 si
487 550 671 620 translative,
702 551 787 611 ‘lieu
817 552 974 629 stirpem
998 551 1185 609 invisam'.
1230 568 1288 609 raon
1312 550 1399 611 dissi·

110 650 178 711 mili
200 653 316 713 ratione
339 658 384 710 est
406 653 496 713 otiam
517 653 673 731 productio
696 660 746 712 aut
769 655 933 712 contractio
949 650 1077 731 syllabae
1093 654 1123 711 in
1140 652 1241 711 eadem
1259 653 1399 722 dictione,

110 770 188 832 quae
211 752 266 813 sub
290 771 348 812 uno
377 771 486 831 genere
515 754 632 814 diversa
659 756 820 831 significat,
852 762 883 813 ut
906 759 1077 833 ‘pressos
1099 756 1320 831 propaginis
1343 774 1399 815 ar-

111 859 211 915 cus':
235 857 261 916 si
282 857 403 934 proprie
425 855 570 934 loquaris,
594 856 741 934 producas
762 874 884 915 necesse
908 862 968 925 est;
992 858 1017 915 si
1041 855 1220 924 translative,
1244 859 1399 936 corripias

82 965 146 1015 out
174 964 220 1017 est
241 956 351 1016 ‘Itala
380 959 523 1032 virtute
553 958 744 1035 prbpago'.
776 958 841 1017 -sed
869 964 899 1017 el
927 964 1067 1017 accentus
1095 957 1223 1016 ostendit
1253 959 1400 1019 diversam

109 1060 361 1135 significationem
389 1061 478 1119 unius
507 1059 661 1119 dictionis:
692 1078 768 1137 pone
795 1061 821 1118 si
844 1058 967 1119 verbum
991 1066 1051 1128 est,
1083 1060 1182 1136 gravis
1210 1066 1255 1119 est
1281 1061 1400 1131 ultima;

110 1159 348 1231 siadverbium,
372 1158 587 1239 circumflexa]

197 1262 284 1323 Nunc
305 1264 445 1341 quoniam
472 1264 651 1322 nominativo
674 1263 817 1340 singulari
847 1263 1002 1323 duodecim
1024 1262 1134 1323 litteris
1156 1268 1275 1325 nomina
1299 1267 1517 1335 terrui-379,17

111 1372 238 1434 nantur,
262 1365 292 1425 id
315 1370 361 1423 est
382 1364 533 1425 vocalibus
555 1367 700 1444 quinque,
725 1384 741 1425 a
764 1384 779 1423 e
802 1367 812 1424 i
836 1385 854 1424 o
877 1383 908 1433 u,
933 1366 1157 1427 semivocalibus
1172 1384 1237 1436 sex,
1260 1366 1271 1425 l
1293 1386 1322 1427 m
1343 1386 1362 1427 n
1386 1385 1401 1426 r

69 1480 128 1525 res
150 1486 182 1535 x,
206 1473 236 1525 et
258 1473 337 1526 muta
360 1484 432 1535 una,
458 1474 482 1536 t,
507 1473 539 1526 ut
561 1466 660 1527 tabula
676 1466 768 1526 sedile
790 1467 871 1544 frugi
894 1469 970 1526 ratio
992 1484 1070 1544 genu
1093 1467 1151 1527 mel
1173 1487 1324 1529 scamnmrr
1347 1468 1400 1529 llu-

110 1586 181 1628 men
210 1567 300 1628 arbor
328 1567 382 1627 llos
408 1586 468 1627 ntra
498 1577 601 1647 caput,
629 1568 807 1647 longumque
835 1570 923 1628 etiam
952 1571 1071 1648 penitus
1101 1576 1145 1629 cst
1168 1588 1270 1631 omnes
1291 1571 1402 1630 formas

111 1669 371 1749 conprehendere,
410 1671 446 1729 dc
482 1670 530 1730 liis
563 1677 676 1730 tautum
709 1669 882 1730 nominibus
914 1689 988 1749 quae
1022 1669 1173 1731 vocalibus
1204 1674 1402 1760 terminantur

110 1790 207 1850 pauca
229 1771 371 1832 dicemus.
403 1789 461 1851 quo
484 1772 618 1851 exemplo
640 1772 676 1832 dc
699 1774 822 1842 ceteris,
840 1774 890 1851 qui
913 1774 1060 1833 curiosius
1081 1791 1146 1833 rem
1168 1773 1302 1851 agitabit,
1326 1793 1400 1853 quoe

110 1892 224 1951 genera
253 1874 423 1934 efficiuntur
450 1875 600 1943 inveniet;
629 1873 776 1952 simulque
803 1876 834 1933 in
864 1873 1002 1935 omnibus
1030 1892 1084 1953 per
1113 1893 1201 1934 unam
1236 1876 1401 1953 analogiam

72 1989 98 2029 15
111 1975 271 2055 apparebit
298 1974 454 2035 diversitas
480 1975 660 2053 regularum.
704 1994 812 2036 nornen
842 1994 911 2035 casu
939 1978 1119 2037 nominativo
1153 1977 1296 2055 singulari
1326 1980 1358 2038 iu
1386 1987 1520 2051 a3to,10

110 2077 244 2138 vocalem
272 2077 412 2138 desinens
440 2085 470 2138 et
496 2078 692 2137 masculinum
720 2095 785 2136 esse
807 2084 906 2155 potest
927 2087 957 2137 ot
978 2079 1155 2139 femininum
1178 2087 1207 2138 et
1229 2098 1400 2139 commune:

110 2179 325 2248 masculinum,
349 2187 383 2239 ut
398 2179 492 2240 Pansa
509 2180 653 2258 Agrippa;
678 2180 868 2249 femininum,
892 2186 925 2238 ut
940 2182 1047 2258 pagina
1062 2180 1188 2250 Marcia,
1212 2188 1241 2240 et
1262 2200 1402 2259 graecum

102 2266 333 2351 'Andromaelrm
356 2299 527 2350 commuue,
549 2288 583 2341 ut
604 2281 725 2341 erlvena.
755 2283 907 2341 invenitur
923 2290 953 2340 ct
967 2289 1122 2352 neutrum,
1138 2300 1277 2359 graecum
1292 2292 1400 2352 tamen,

110 2392 147 2442 ut
167 2402 275 2461 poema
297 2382 425 2443 schema.
463 2386 535 2443 item
557 2401 663 2443 nomeu
686 2383 790 2443 codem
812 2402 882 2443 casu
905 2390 934 2442 et
955 2401 1079 2443 numero
1102 2386 1133 2444 in
1155 2404 1171 2443 e
1193 2385 1324 2446 vocalem
1347 2386 1397 2445 de-

73 2486 217 2545 sosinens
239 2487 378 2545 nonnisi
400 2486 726 2554 neutruminvenitur,
755 2492 789 2545 ut
814 2485 924 2545 monile
952 2485 1060 2555 sedile;
1089 2488 1280 2547 inveniuntur
1303 2484 1402 2547 tamen

112 2594 145 2646 et
168 2604 276 2665 graeca
298 2589 417 2647 nomina
439 2588 578 2647 feminini
592 2588 712 2663 generis
727 2587 829 2646 eadem
844 2587 943 2647 littera
958 2588 1057 2657 finita,
1082 2588 1131 2649 sed
1155 2588 1298 2667 producta
1315 2608 1346 2658 e,
1370 2596 1403 2648 ut

110 2688 243 2769 Euterpe
273 2690 379 2767 Agave.
424 2690 496 2748 item
524 2706 631 2748 nomen
661 2688 765 2748 eodem
793 2707 864 2748 casu
886 2695 916 2748 et
937 2707 1061 2749 numero
1085 2692 1116 2749 in
1139 2693 1149 2750 i
1171 2691 1299 2751 vocalem
1323 2691 1401 2751 desi-

113 2810 191 2851 nens
211 2794 302 2851 trium
323 2808 466 2869 generum
488 2797 548 2860 est,
572 2796 692 2870 aptoton
715 2798 837 2859 tantum,
861 2797 895 2850 ut
917 2792 996 2867 lrugi
1018 2792 1120 2852 nihili:
1143 2811 1212 2852 nam
1227 2812 1281 2871 per
1304 2794 1402 2852 omnia

111 2910 223 2970 genera
245 2893 374 2953 dicimus
394 2892 444 2953 hie
466 2892 591 2952 ethaeo
613 2899 644 2951 et
665 2891 721 2951 boc
744 2893 823 2969 irugi
847 2900 878 2952 et
898 2892 1003 2953 nihili:
1036 2894 1228 2954 inveniuntur
1251 2901 1350 2954 tamen
1373 2902 1403 2955 et

73 3002 235 3064 mneutra,
264 2994 315 3054 sed
342 2996 517 3074 peregrina,
546 3001 578 3053 ut
600 2997 711 3071 gummi
734 2996 848 3072 sinapi;
872 3013 1049 3074 quamquam
1072 2998 1161 3055 ctiam
1184 2997 1328 3056 feminino
1351 3014 1401 3073 ge·

113 3116 187 3157 nere
215 3097 289 3157 haee
316 3099 444 3174 gummis
472 3095 596 3156 dicatur.
641 3098 713 3155 item
737 3094 741 3175 l
765 3114 872 3155 nomen
901 3097 1004 3185 eodem
1033 3116 1102 3157 casu
1125 3105 1155 3158 et
1177 3115 1299 3157 numero
1325 3095 1401 3177 [sin-

112 3197 226 3278 gulari]
251 3218 268 3256 o
295 3198 394 3258 littera
422 3200 612 3258 terminatum
641 3205 692 3257 aut
713 3198 908 3259 masculinum
932 3206 990 3269 est,
1016 3207 1047 3257 ut
1069 3200 1187 3271 Cicero,
1213 3206 1263 3260 aut
1284 3201 1401 3260 lernini-

113 3320 201 3370 num,
226 3306 259 3360 ut
280 3299 367 3369 luno,
398 3306 448 3359 aut
475 3318 642 3369 commune,
672 3306 705 3359 ut
731 3318 841 3378 eaupo;
869 3300 981 3361 nullum
1012 3308 1111 3361 autern
1133 3310 1272 3361 neutrum
1295 3320 1403 3361 nomen

113 3402 169 3463 lrac
190 3402 292 3462 littera
314 3403 506 3462 terminatur:
534 3408 604 3461 sunt
630 3408 661 3459 et
686 3419 808 3478 graeca,
837 3409 871 3461 ut
898 3401 929 3463 lo
958 3402 1019 3462 Ino.
1064 3406 1135 3463 item
1164 3422 1271 3463 nomen
1299 3403 1402 3464 eodem

75 3520 185 3565 aoeasu
207 3512 239 3563 et
267 3521 391 3563 numero
420 3500 593 3583 [singulari]
617 3521 637 3561 u
659 3503 751 3563 vocali
775 3504 966 3563 terminatum
989 3512 1128 3564 neutrum
1150 3512 1264 3565 tantum
1287 3512 1347 3575 ost,
1371 3511 1404 3565 ut

114 3626 210 3668 cornu
232 3624 304 3666 veru
326 3624 413 3683 genu.

198 3707 324 3771 Numeri
350 3707 502 3767 nominum
528 3715 597 3767 sunt
624 3707 696 3776 duo,
725 3706 885 3783 singularis
907 3713 936 3765 et
958 3707 1096 3785 pluraliS,
1120 3711 1260 3786 quamvis
1282 3709 1401 3789 quidam
1413 3726 1446 3773 22

114 3814 205 3871 etiam
229 3809 345 3871 dualem
367 3808 511 3878 dixerint,
539 3811 591 3888 qui
613 3809 672 3869 duo
694 3816 724 3868 et
745 3807 831 3869 ambo
857 3806 1029 3889 [uterque],
1060 3811 1198 3888 quoniam
1221 3828 1317 3890 neque
1341 3813 1401 3871 sin-

1436 2838 1448 2883 l

183 4084 198 4134 1
221 4097 272 4133 non
289 4082 394 4132 disimili
417 4081 513 4130 ratione
531 4082 606 4130 etiam
625 4080 658 4129 M
680 4081 757 4130 simili
774 4081 872 4129 ratione
891 4088 929 4131 est
948 4082 1024 4129 etiam
1039 4080 1064 4130 B
1133 4078 1258 4145 3presos
1277 4080 1310 4129 M
1327 4096 1399 4146 prae·

114 4154 181 4205 eisos
200 4152 239 4202 B:
263 4154 341 4215 Verp.
357 4166 443 4217 peorp.
463 4152 483 4200 ll
501 4150 536 4201 26
620 4151 765 4213 lloqooris
783 4159 811 4199 ut
823 4151 950 4214 producas
963 4164 1067 4199 neeesse
1085 4156 1122 4198 est
1139 4165 1184 4214 pro
1202 4150 1228 4200 B
1297 4152 1313 4201 5
1331 4150 1403 4199 italia

116 4222 158 4272 M:
183 4224 265 4287 Verp.
285 4222 351 4274 Aen.
372 4221 422 4270 Xll
443 4221 494 4272 8²7
578 4221 789 4269 terreumuexus
808 4220 848 4270 M.
874 4220 1024 4271 Consentius
1042 4220 1104 4269 dicit
1125 4221 1192 4283 quod
1209 4234 1276 4285 poue
1297 4222 1402 4270 eircum-

117 4294 211 4342 llexum
236 4292 356 4341 hebetia
382 4291 470 4340 ultime
494 4290 529 4339 ita
546 4290 650 4354 dicens,
670 4290 786 4340 occentus
805 4289 916 4339 ostendit
941 4291 1068 4341 diuersam
1090 4290 1303 4355 significationem
1327 4291 1403 4340 unius

117 4362 243 4424 dictionis,
261 4362 321 4425 quis
336 4362 362 4409 iu
380 4371 483 4410 accentu
501 4361 652 4409 discernitur
665 4375 766 4414 sensus.
784 4374 852 4425 pone
867 4360 889 4408 si
907 4360 1024 4424 uerbum,
1039 4360 1125 4425 grauis
1143 4369 1182 4410 est
1194 4359 1281 4409 ultima
1296 4360 1402 4426 syllaba,

118 4433 139 4481 si
165 4431 315 4482 eduerbium
339 4430 502 4481 eireomllexa
529 4432 613 4481 codex
637 4428 861 4495 Soupermaneaaie
884 4428 951 4480 1188
1021 4429 1038 4479 8
1065 4430 1237 4479 nominatiuus
1264 4429 1403 4497 singularis

117 4502 250 4552 duodecim
268 4501 358 4551 litteris
375 4501 523 4550 terminatur
539 4500 565 4549 B
652 4500 684 4551 10
699 4501 778 4550 oratio
797 4500 823 4549 B
910 4500 942 4550 12
958 4496 1067 4563 tantum]
1088 4509 1172 4549 tamen
1193 4499 1217 4548 B
1289 4501 1321 4551 13
1339 4514 1402 4563 quae

118 4568 221 4639 muers]
240 4574 290 4633 que
306 4570 333 4620 B
359 4570 572 4633 quemadmodum
593 4568 725 4621 Patrobios
796 4570 827 4621 17
845 4578 873 4618 ut
890 4584 936 4633 pro
956 4582 1037 4633 panso
1054 4570 1079 4619 B
1148 4569 1182 4619 18
1196 4569 1360 4620 inueniuntur
1379 4577 1403 4617 et

119 4656 210 4705 graeca
226 4648 427 4690 neutrotsntum
442 4640 467 4689 B
537 4641 571 4688 22
588 4648 694 4705 euturpe
712 4640 744 4687 M
800 4654 883 4704 agaue
901 4654 970 4694 corr,
988 4654 1070 4705 agape
1089 4640 1123 4689 M
1137 4653 1220 4704 agape
1237 4638 1306 4690 BL:
1322 4641 1356 4703 ef.
1374 4652 1401 4701 p.

119 4710 187 4761 abab
254 4709 289 4762 23
304 4725 405 4760 nam—
419 4718 444 4759 et
462 4709 534 4759 nihili
546 4726 593 4763 om.
609 4710 635 4759 B
702 4710 736 4758 24
754 4710 882 4759 inuenitur
902 4716 986 4758 tamen
1005 4718 1028 4759 et
1046 4718 1162 4760 neutrum
1181 4708 1225 4758 sed
1246 4717 1270 4759 et
1287 4712 1403 4775 peregri-

120 4782 224 4832 numM
274 4780 308 4831 29
325 4782 350 4829 io
367 4782 410 4830 ino
427 4783 453 4829 in
471 4779 592 4829 litaraM
609 4780 633 4829 io
653 4778 749 4827 iunoB
799 4780 860 4827 item
880 4779 1055 4831 nomino—u
1073 4779 1403 4830 litteratcrminatoneutra

121 4858 214 4901 tantum
232 4859 292 4900 sunt
307 4850 332 4899 B
384 4849 418 4903 33
435 4850 508 4899 etiam
525 4850 624 4898 dualem
643 4849 761 4900 dixerunt
777 4847 802 4897 B
818 4850 892 4897 etiam
909 4850 946 4915 (in
960 4850 1047 4908 liuere)
1066 4850 1176 4899 dixerint
1195 4850 1228 4923 M

123 4934 132 4953 ⁶
1135 4932 1200 4996 23*

961 5028 969 5057 Ι
