3350 5442
329 335 392 401 344
872 337 1077 401 CONSENTll

356 460 377 499 p.
391 448 486 486 eomas
500 444 521 484 P.

329 536 465 587 naturam
495 528 577 585 sexui
609 543 667 584 non
698 526 886 602 adsignatur,
916 533 1055 586 neutrum
1084 525 1188 585 haberi
1217 534 1379 605 oporteret.
1425 527 1475 587 sed
1503 528 1529 588 id
1553 548 1597 591 ars.

329 631 377 689 cui
400 629 493 688 voluit
522 628 625 704 generi
655 645 707 685 seu
738 626 864 687 licenter
893 646 945 688 seu
969 627 1110 687 decenter
1133 627 1308 707 adscripsit,
1332 634 1366 687 ut
1387 628 1437 689 hic
1459 648 1521 698 aer,
1541 630 1597 689 haec

328 739 425 799 terra,
454 729 511 789 hoc
539 729 664 788 caelum.
701 720 948 789 consuetudinem
971 738 1071 791 secuta
1095 736 1154 799 est,
1185 736 1216 789 ut
1238 730 1363 811 militem
1387 730 1542 791 masculino
1559 748 1597 807 ge·
1644 728 1645 739 ¹

329 850 401 891 nere
431 837 584 899 censeret,
614 833 684 909 quia
711 830 768 889 hoc
796 830 926 912 olllcimn
956 832 1083 891 marium
1117 826 1186 900 est;'
1210 827 1281 890 ilem
1313 830 1446 891 Lamiam
1477 832 1598 891 leminino

328 952 453 1011 genere,
483 935 553 1011 quia
580 931 636 991 hoc
665 931 842 991 maleficium
872 932 1051 991 sentinarum
1079 934 1200 1010 proprie
1229 932 1349 993 dicitnr.
1395 934 1533 994 rationem
1557 935 1616 994 ali-s

328 1054 416 1115 quam
445 1040 546 1093 secuta
575 1041 635 1102 est,
666 1041 698 1093 ut
726 1052 840 1092 marem
870 1032 1029 1102 caelibem,
1066 1034 1207 1094 seminam
1235 1033 1354 1094 viduam
1384 1035 1550 1113 appellaret,
1575 1045 1602 1115 ut,

328 1137 472 1196 discretio
500 1136 564 1213 ipsa
593 1137 747 1195 riorninum
775 1134 948 1193 ostenderet
977 1134 1147 1195 solitudinis
1181 1134 1331 1215 disparem
1362 1135 1537 1214 qualitatem.
1574 1158 1598 1195 ar
1645 1137 1646 1165 l

329 1256 399 1298 sane
428 1256 496 1297 cum
523 1237 596 1296 haee
624 1243 739 1296 tantum
766 1237 824 1295 tria
853 1252 963 1311 genera
991 1238 1121 1314 primum
1143 1244 1264 1306 natura,
1287 1244 1351 1297 tum
1373 1238 1546 1297 consuetudo
1565 1238 1598 1296 rel

267 1356 270 1360 ’
329 1343 407 1400 ratio
429 1357 529 1398 rerum
551 1337 665 1397 hahere
681 1337 831 1406 rideatur,
856 1342 906 1396 aut
928 1354 962 1396 ea
989 1337 1104 1397 scilicet
1125 1356 1201 1417 quae
1224 1340 1385 1400 masculina
1409 1347 1488 1409 sunt,
1510 1348 1554 1399 aut
1572 1356 1598 1397 ca

328 1461 405 1520 quae
433 1441 591 1508 leminina,
621 1446 671 1499 aut
698 1457 731 1497 ea
760 1458 835 1517 quae
865 1444 985 1507 neutra,
1020 1438 1182 1523 indulctum
1216 1448 1262 1499 est
1290 1458 1344 1518 per
1372 1442 1494 1501 eandem
1520 1450 1624 1500 artemo

329 1550 467 1623 quartum
490 1558 585 1618 genus
606 1546 728 1620 propter
751 1559 786 1599 ea
808 1542 944 1609 nomina,
968 1538 1077 1618 quibus
1099 1542 1179 1601 iuxta
1195 1542 1442 1603 consuetudinem
1462 1550 1597 1620 uuunrquc

328 1662 424 1722 genus
452 1645 604 1711 convenit,
634 1649 668 1701 nt
693 1641 743 1701 hio
771 1649 801 1700 et
828 1622 901 1700 haec
930 1641 1083 1709 sacerdos,
1118 1644 1187 1721 quia
1220 1643 1275 1702 ime
1304 1644 1435 1703 ollicium
1464 1645 1598 1722 utriusque

268 1754 271 1758 '
329 1765 417 1807 serus
445 1752 500 1805 est.
545 1743 623 1822 quod
651 1744 720 1821 quia
748 1760 807 1802 non
835 1744 868 1802 lit
897 1744 986 1802 unios
1013 1745 1146 1819 generis,
1177 1742 1227 1802 sed
1256 1744 1382 1805 duorum
1412 1753 1462 1805 aut
1487 1748 1598 1805 omnium

329 1850 495 1927 particeps,
518 1863 644 1905 nurnero
666 1844 815 1904 cumulum
846 1843 961 1903 addidit
983 1844 1206 1923 appellaturque
1229 1846 1396 1907 commune.
1441 1847 1511 1907 haec
1531 1856 1598 1925 quat·

330 1958 398 2011 tuor
424 1966 535 2026 genera
563 1950 624 2006 sive
653 1946 799 2006 naturalia
828 1948 889 2005 sive
919 1945 1071 2009 artiliealia
1100 1948 1232 2025 propriis
1257 1948 1445 2010 declinantur
1477 1948 1598 2008 articulis.
1610 1966 1625 2005 a

210 2062 269 2125 375,
285 2062 317 2110 15
330 2058 376 2111 est
398 2053 478 2111 enim
500 2049 696 2110 masculinum
719 2049 766 2107 eui
788 2065 914 2107 numero
930 2047 1073 2124 singulari
1096 2066 1167 2108 casu
1190 2051 1372 2111 nominativo
1396 2050 1533 2111 articulus
1551 2052 1599 2109 sire

328 2171 491 2232 pronomen
520 2152 716 2230 praeponitur
743 2149 807 2217 laic,
836 2155 870 2208 ut
897 2150 948 2209 lrlc
979 2152 1134 2226 magister;
1157 2152 1333 2211 femininum
1357 2160 1403 2212 est
1424 2154 1472 2213 cui
1494 2170 1599 2213 numero

330 2254 474 2332 singulari
502 2271 573 2313 casu
601 2254 781 2312 nominativo
809 2251 953 2311 articulus
981 2251 1025 2311 rel
1054 2270 1217 2330 pronomen
1245 2256 1441 2333 praeponitur
1468 2254 1549 2321 haec,
1574 2260 1600 2311 ut

328 2356 402 2416 haec
424 2356 521 2423 liusa;
550 2360 689 2413 neutrum
718 2361 764 2411 est
791 2354 840 2411 cui
863 2371 990 2413 numero
1012 2354 1156 2431 singulari
1180 2373 1250 2414 casu
1273 2358 1456 2415 nominativo
1478 2354 1600 2416 articulus

328 2458 373 2517 rel
396 2475 560 2537 pronomen
588 2456 783 2534 praeponitur
810 2453 882 2522 hoe,
911 2463 943 2514 ut
965 2456 1021 2515 hoc
1044 2474 1211 2524 scamnum:
1240 2475 1396 2517 commune
1420 2456 1539 2517 duorum
1557 2474 1598 2532 gr·
1609 2477 1626 2513 a·

327 2578 433 2620 nerum
456 2558 601 2637 estquod
625 2556 820 2617 masculinum
843 2556 1079 2636 femininumque
1107 2558 1268 2635 significat,
1299 2567 1332 2618 ut
1352 2559 1403 2619 hic
1426 2566 1456 2619 el
1477 2558 1543 2618 haec
1562 2576 1599 2616 sa-

328 2661 448 2731 cerdos;
471 2677 627 2720 commune
652 2660 743 2718 trium
771 2676 914 2734 geraerum
943 2660 1087 2738 estquod
1110 2662 1167 2719 tria
1190 2678 1300 2737 genera
1324 2662 1485 2737 significat,
1513 2668 1541 2719 ut
1559 2659 1599 2718 lde

328 2772 358 2823 et
386 2764 459 2823 llaec
487 2770 517 2822 ct
544 2761 599 2822 hoe
627 2760 709 2820 felix.
753 2767 873 2839 praeter
906 2759 980 2821 llaec
1013 2769 1081 2822 sunt
1113 2761 1257 2840 quaedam
1290 2764 1410 2822 nomina
1439 2765 1598 2841 promiscua,

327 2883 402 2944 quae
433 2866 539 2925 Graeci
568 2866 711 2942 epicoena
739 2869 859 2931 vocam
888 2880 943 2921 neo
972 2870 1070 2922 tamen
1100 2863 1263 2941 generibus
1290 2863 1358 2924 idco
1388 2863 1536 2925 addendus
1564 2872 1600 2921 cst

328 2985 483 3035 numerus,
514 2947 581 3025 cum
610 2965 836 3025 declinationem
866 2972 917 3023 aut
944 2964 1135 3026 masculinam
1164 2972 1253 3025 totam
1277 2964 1406 3025 habeant
1429 2974 1478 3026 aut
1497 2967 1627 3025 lamini-a

328 3087 405 3128 narn.
450 3068 524 3127 haec
552 3086 568 3126 a
596 3065 805 3127 communibus
831 3065 887 3125 hoc
916 3066 1039 3135 distant,
1069 3067 1147 3145 quod
1175 3084 1331 3127 commune
1354 3086 1461 3127 nomen
1484 3086 1544 3127 coni
1563 3066 1599 3125 di-

328 3188 414 3239 xero,
439 3172 462 3229 si
486 3186 580 3247 genus
603 3187 661 3227 non
683 3166 887 3243 intellegatur,
912 3167 1128 3228 dubitationem
1144 3168 1220 3229 hanc
1237 3167 1364 3228 adiectio
1387 3169 1463 3229 tollit
1484 3169 1599 3234 articuli;

329 3279 446 3349 utputa
462 3273 486 3330 si
503 3268 774 3337 sacerdosdixero,
797 3272 914 3329 nescies
929 3271 1025 3330 virum
1050 3288 1086 3329 an
1110 3272 1250 3331 seminam
1273 3271 1454 3348 significem
1476 3289 1538 3331 cum
1560 3270 1599 3330 ad·

328 3373 433 3433 didero
456 3373 614 3432 articulum
629 3371 692 3439 liic,
717 3371 841 3431 ostendo
856 3389 903 3430 me
919 3388 1031 3431 marom
1047 3373 1275 3448 signiticar'isse3
1299 3390 1366 3432 eum
1382 3372 1471 3442 llaec,
1494 3371 1600 3432 ostendo

329 3463 376 3535 me
398 3476 540 3535 seminam
563 3474 787 3551 significavisse.
823 3476 855 3531 in
879 3475 1056 3550 promiscuis
1078 3474 1134 3533 lroc
1156 3476 1222 3533 lieri
1245 3491 1304 3533 non
1327 3481 1438 3553 potest,
1462 3475 1535 3553 quod
1556 3472 1627 3531 sidtu

329 3595 388 3636 uno
411 3575 536 3636 articulo
559 3584 683 3653 uterque
707 3592 795 3634 sexus
816 3576 1010 3651 significatur.
1055 3593 1123 3634 nam
1146 3593 1213 3634 eum
1234 3574 1301 3635 dico
1323 3576 1486 3637 masculino
1506 3594 1599 3653 genero

329 3696 448 3747 corvus,
478 3694 574 3756 neque
603 3678 724 3736 nomine
752 3693 848 3754 neque
872 3676 998 3737 articulo
1020 3676 1224 3737 confusionem
1247 3680 1367 3755 generis
1389 3696 1524 3757 separare
1545 3696 1599 3756 pos·

328 3798 409 3839 sum:
434 3762 594 3840 tamenim
617 3780 727 3838 lentina
750 3796 839 3856 quam
862 3778 1009 3838 masculus
1036 3796 1142 3837 cortus
1164 3778 1326 3839 masculino
1349 3797 1459 3856 genere
1482 3781 1598 3840 enuntia·

329 3889 387 3941 tur.
418 3884 491 3941 item
513 3899 580 3940 cum
603 3880 670 3939 dico
693 3882 805 3947 cornix,
830 3896 932 3940 sexum
955 3878 1034 3966 nulla
1058 3882 1173 3939 ratione
1196 3880 1368 3941 discernere
1392 3900 1517 3960 possum,
1539 3898 1599 3959 quo·

328 3986 421 4052 niam,
452 3985 514 4042 sive
542 3982 691 4042 masculus
719 3983 780 4040 sive
803 3981 914 4041 lemine
938 3984 988 4049 sit,
1012 3981 1157 4041 lerninino
1184 3999 1294 4059 genere
1317 3985 1468 4044 cornicem
1490 3982 1628 4063 appellor·

327 4105 395 4145 narn
418 4087 449 4145 in
473 4102 560 4143 corvo
581 4084 758 4143 femininum
780 4091 810 4142 et
832 4086 863 4142 in
887 4085 1006 4143 cornice
1023 4083 1217 4143 masculinum
1238 4100 1332 4160 genus
1347 4084 1479 4163 intellegi
1495 4100 1599 4145 necesse

328 4196 385 4255 est,
410 4187 461 4247 sed
485 4188 642 4245 enuntiare
665 4205 724 4245 nou
747 4204 914 4265 possumus
1563 4179 1569 4192 '

414 4341 569 4391 lneutrum
589 4345 716 4403 oporteret
733 4336 820 4388 liaberi
841 4338 885 4388 sed
904 4346 928 4386 et
946 4337 972 4387 id
993 4334 1024 4385 M
1093 4337 1173 4387 isan
1198 4338 1316 4389 decenter
1333 4354 1379 4393 om.
1400 4338 1426 4391 B
1493 4336 1599 4405 age-not

327 4410 483 4460 censerctB
499 4424 594 4475 genere
612 4423 716 4458 censere
735 4408 760 4455 L
830 4407 1028 4459 dlanmrlamL
1097 4408 1226 4473 {agerere
1241 4424 1286 4457 om.
1305 4406 1361 4457 BL
1433 4410 1481 4459 lroc
1497 4425 1538 4460 ori.
1555 4405 1599 4457 Bt

397 4478 542 4549 dicaturM
610 4477 780 4528 licelibeml
796 4478 906 4527 celebem
925 4476 1018 4526 BML
1073 4476 1105 4526 12
1123 4475 1274 4527 lrocom.L
1333 4478 1366 4529 13
1384 4494 1462 4529 sexus
1480 4480 1542 4543 quod
1559 4490 1598 4526 nou

328 4546 404 4598 sitB
475 4548 505 4599 ll
525 4548 588 4596 liaeo
605 4547 653 4597 tria
671 4544 814 4613 generaM
883 4543 916 4595 18
934 4546 1100 4611 praeponitur
1116 4562 1162 4597 om.
1181 4546 1206 4596 B
1275 4547 1311 4598 ‘20
1322 4550 1486 4614 praeponitur
1502 4544 1599 4598 aaut

396 4670 430 4718 24
445 4671 551 4735 epiceuo
569 4668 595 4718 B
615 4630 709 4718 Belem
727 4668 760 4718 M
776 4667 894 4717 herisena
912 4667 937 4716 L
1009 4666 1042 4718 26
1063 4668 1131 4729 quod
1151 4684 1208 4717 cum
1227 4682 1358 4718 commune
1377 4684 1468 4719 nomeu
1486 4664 1598 4719 dixeroL

329 4739 397 4799 qrrod
416 4752 548 4788 commune
567 4752 659 4787 nomen
680 4736 807 4787 dixeroB
861 4738 894 4787 ²7
912 4736 976 4785 tollit
992 4737 1122 4787 Patacdiua
1140 4738 1197 4787 tulit
1215 4738 1278 4787 ΒΜ
1286 4740 1308 4787 L
1379 4738 1414 4791 30
1431 4738 1599 4805 siguificarlsse

326 4816 386 4869 post
403 4808 524 4858 laminam
539 4823 584 4857 om.
605 4808 649 4856 M:
669 4807 858 4872 signiticaolsse
874 4808 981 4857 ostendo
999 4822 1039 4855 me
1059 4806 1178 4857 leminam
1198 4806 1257 4857 BL
