3350 5442
313 342 375 408 408
879 342 1026 406 PHOCAE

312 531 532 618 antiquiorum
570 531 855 613 grammaticorum
892 528 995 612 locos,
1037 528 1229 616 quibuscum
1271 531 1414 596 maxime
1451 544 1592 619 excerpta

312 633 441 697 Phocae
463 632 684 714 consentiunt,
708 632 856 697 subiecta
871 630 1082 697 adnotatione
1102 631 1256 699 indicavi.
1287 656 1485 720 quamquam
1505 633 1592 699 facile

312 737 425 820 augeri
446 735 547 800 index
567 733 711 799 locorum
733 732 850 820 potuit.

396 837 525 902 Primus
547 837 676 904 Phocoe
697 837 897 902 mentionem
919 836 998 901 iecit
1012 836 1201 903 Priscianus
1224 835 1244 900 l.
1262 835 1295 900 X
1318 860 1349 923 p.
1366 836 1440 919 515,
1466 838 1592 902 1661616
1658 878 1659 881 =

311 945 474 1005 seeundum
496 944 659 1005 Diomeden
681 952 710 1003 et
734 944 904 1002 Charisiano
926 950 955 1003 et
982 944 1114 1004 Ptocam
1136 948 1215 1019 cusi,
1239 946 1402 1004 secundum
1425 944 1500 1003 alios
1519 944 1591 1003 cudi.

312 1063 508 1129 quamquam
530 1041 611 1107 haec
633 1064 699 1107 non
721 1042 827 1125 magis
851 1063 924 1105 611111
946 1041 986 1105 116
1002 1062 1085 1129 quae
1106 1042 1139 1105 in
1154 1036 1282 1105 Phocae
1304 1040 1470 1106 codicibus
1492 1037 1593 1125 legun-
1658 1128 1659 1133 η

311 1155 366 1208 tur
388 1166 420 1229 p.
445 1144 526 1207 1115
554 1165 651 1229 quam
674 1166 747 1207 eum
770 1143 920 1208 Charisia
943 1166 975 1230 p.
998 1143 1075 1225 246,
1099 1144 1119 1208 5
1147 1144 1371 1229 consentiunt,
1395 1141 1480 1229 quod
1503 1148 1592 1207 errori

312 1245 472 1310 Prisciani
496 1244 627 1310 videtur
647 1244 860 1309 tribuendum
884 1267 965 1309 esse.
1010 1257 1085 1331 post
1107 1246 1311 1310 Priscianum
1332 1242 1453 1310 librum
1475 1242 1593 1308 Phocae

310 1348 484 1435 usurpavit
513 1346 749 1428 Cassiodorus,
778 1348 833 1433 qui
861 1370 926 1411 non
956 1345 1060 1411 solum
1087 1371 1203 1412 nomen
1234 1349 1303 1411 eius
1330 1350 1441 1433 posuit
1467 1347 1530 1427 bis,
1559 1350 1593 1409 de

312 1462 374 1517 art.
398 1473 534 1536 gramm.
556 1472 589 1535 p.
612 1448 695 1513 2321
719 1450 746 1511 Ρ
772 1454 827 1514 sed
854 1455 987 1527 quartanis
1009 1464 1148 1514 auctores
1170 1464 1334 1529 temporum
1356 1456 1541 1531 superiorum
1563 1456 1595 1511 de

313 1566 379 1617 arte
398 1560 602 1631 arammatica
624 1557 731 1615 ordine
751 1555 871 1615 diuerso
893 1560 1092 1617 tractaverint
1113 1559 1233 1631 suisque
1254 1559 1382 1617 saeculis
1403 1556 1526 1616 honoris
1546 1557 1591 1614 de-

312 1678 365 1719 cus
386 1660 562 1734 habuerint,
591 1665 624 1717 ut
645 1658 810 1717 Palaemon
841 1658 961 1718 Pitacas
989 1659 1104 1719 Probus
1129 1666 1159 1717 et
1182 1660 1374 1732 Censorinus,
1399 1660 1481 1719 nobis
1502 1665 1592 1718 tamen

310 1764 412 1837 placet
435 1764 468 1820 in
489 1761 618 1820 medium
640 1760 792 1819 Donatum
814 1762 978 1836 deducere,
1007 1768 1040 1821 et
1062 1755 1102 1819 de
1125 1756 1228 1821 instit.
1253 1754 1353 1821 divin.
1376 1756 1487 1841 script.
1511 1779 1538 1820 c.
1559 1756 1594 1818 30

312 1883 344 1945 p.
367 1858 430 1922 478
453 1859 503 1921 ed.
528 1857 653 1922 Genev.
676 1857 806 1921 61656
829 1864 1051 1940 ortltoarapleos
1073 1865 1352 1939 66116666166661,
1383 1864 1497 1924 Veliam
1519 1863 1595 1921 Lon-

309 1983 397 2040 gum,
423 1965 558 2024 Curtium
586 1966 798 2037 Valerianum,
830 1966 1045 2042 Papirianum,
1075 1967 1287 2025 adamantium
1316 1965 1499 2042 Martyrium
1526 1967 1562 2025 de
1581 1984 1595 2022 r

312 2076 341 2126 et
363 2068 395 2145 b,
416 2067 548 2126 'eiusdem
571 2067 610 2124 de
634 2068 742 2141 primis
763 2068 870 2126 mediis
891 2075 982 2143 atque
1005 2070 1116 2127 ultimis
1137 2068 1278 2145 syllabis,
1304 2067 1435 2127 eiusdem
1457 2068 1495 2125 de
1516 2068 1533 2125 a
1554 2069 1594 2124 tit-

312 2180 376 2227 tera
399 2168 557 2239 trifariam
580 2170 610 2228 in
634 2186 725 2229 unum
744 2171 846 2245 posita
867 2175 897 2228 et
918 2170 1065 2229 Euticlien
1089 2171 1127 2229 de
1146 2171 1340 2245 aspiratione,
1364 2170 1419 2229 sed
1438 2176 1466 2227 et
1487 2170 1594 2228 Focum

258 2325 260 2328 ,
311 2274 349 2330 de
372 2272 547 2347 differentia
572 2273 709 2347 ueneris,
738 2288 812 2346 quos
833 2271 889 2347 epo
912 2280 1055 2347 quantum
1078 2272 1169 2347 potui
1193 2272 1325 2331 studiosa
1347 2274 1520 2331 curiositate
1540 2274 1595 2330 rol·

309 2377 383 2448 tegi,
414 2368 471 2433 sed
499 2368 597 2431 etiarn
624 2367 795 2454 prologum
818 2370 889 2432 eius
911 2369 946 2432 in
968 2367 1087 2433 librum
1109 2368 1149 2434 de
1172 2368 1403 2455 orthographia
1425 2368 1594 2449 transtulit,

311 2494 342 2557 p.
365 2470 449 2536 2219
471 2470 497 2533 Ρ
524 2477 578 2534 sed
605 2484 764 2550 antequam
787 2493 862 2550 opus
890 2477 1128 2552 ortloarapltiae
1153 2476 1298 2537 inclmare
1319 2478 1489 2550 videamur,
1508 2493 1595 2553 prae-

306 2578 455 2651 fationem
488 2578 611 2637 Paucae
649 2578 826 2653 artigraphi
860 2581 991 2655 exempli
1024 2560 1119 2639 eausa
1152 2580 1351 2639 iudicauimus
1377 2580 1594 2654 6666161666,

311 2682 451 2755 quoniam
473 2689 582 2740 maneta
604 2683 692 2756 aperi
711 2688 822 2754 nostra,
848 2686 935 2755 quasi
956 2699 975 2741 a
997 2682 1080 2741 nobis
1098 2682 1223 2758 prolata
1244 2683 1296 2756 sit,
1321 2683 1364 2740 ita
1387 2683 1594 2741 omnibusne

305 2780 358 2841 'dis
386 2784 504 2843 uidetur
530 2784 741 2855 accommoda,
772 2800 825 2841 ars
852 2800 919 2843 mea
947 2790 1006 2843 616.
1037 2778 1154 2843 deinde
1176 2776 1369 2843 Aldhelmus
1398 2779 1432 2841 in
1452 2777 1538 2845 libro
1560 2778 1594 2841 dc

311 2902 346 2944 re
376 2880 590 2965 grammatica
620 2891 652 2944 et
679 2879 816 2944 metrica
843 2902 864 2943 a
889 2880 977 2945 Maio
1005 2879 1099 2946 class.
1128 2892 1213 2947 auct.
1242 2879 1307 2946 vol.
1329 2880 1361 2945 V
1389 2905 1421 2969 p.
1445 2882 1506 2946 501
1531 2905 1593 2967 sqq.

311 2973 399 3047 edito
422 2994 472 3047 ter
494 2982 675 3047 nominavit
697 2981 841 3045 Phocum
864 3005 896 3069 p.
921 2983 993 3066 520,
1016 2984 1089 3056 533,
1113 2984 1186 3047 583.
1210 2994 1279 3049 111111
1295 2983 1452 3049 Α1611111116
1473 2985 1510 3047 111
1531 3006 1594 3049 ver·

310 3084 400 3149 sibus
429 3084 469 3149 de
498 3082 699 3149 bibliotheca
726 3084 929 3149 Eboracensi
957 3083 1022 3150 vol.
1051 3083 1067 3148 I
1095 3086 1201 3172 praef.
1228 3109 1260 3173 p.
1289 3085 1412 3151 XXIII
1445 3088 1593 3153 exhibitis

310 3209 384 3250 cum
413 3184 485 3248 aliis
512 3188 733 3269 grammaticis
761 3186 857 3250 huius
885 3209 1013 3273 quoque
1047 3209 1164 3252 nomen
1189 3188 1309 3274 posuit.
1353 3166 1466 3275 poslea
1495 3204 1594 3255 autem

310 3311 408 3375 quam
438 3286 610 3373 diligenter
637 3287 769 3353 Phocae
797 3288 882 3353 liber
908 3312 927 3352 a
953 3291 1177 3375 grammaticis
1200 3300 1360 3356 tractatus
1383 3292 1438 3375 sit,
1462 3304 1496 3359 ct
1517 3294 1594 3358 codi-

310 3414 382 3455 cum
404 3390 481 3455 inde
510 3391 553 3456 ab
575 3389 632 3455 illa
653 3400 763 3456 aetate
791 3391 987 3477 scriptorum
1009 3389 1185 3457 multitudo
1208 3395 1444 3497 etscripturae
1465 3394 1594 3461 diversi-

308 3503 359 3558 tas
374 3502 531 3559 testatur.
575 3502 739 3581 postremo
767 3493 1094 3581 praetermittendum
1117 3518 1181 3559 non
1203 3504 1253 3560 est
1274 3496 1419 3562 eiusdem
1441 3520 1593 3583 gramma·

308 3596 367 3660 tici
394 3597 526 3662 nomine
552 3596 744 3682 inscriptam
772 3606 885 3661 extare
912 3598 1015 3662 vitam
1043 3597 1181 3682 Vergilii
1207 3598 1357 3665 versibus
1386 3602 1591 3687 conpositam,

309 3721 406 3784 quam
429 3698 575 3783 Scaliger
597 3698 691 3784 Virg.
714 3721 789 3785 app.
814 3722 846 3786 p.
872 3698 932 3763 135
962 3698 1027 3785 (ed.
1049 3698 1157 3787 Lugd.
1186 3723 1215 3765 6.
1242 3701 1336 3785 1595)
1359 3701 1463 3767 edidit
1484 3704 1531 3768 ita
1551 3705 1591 3767 iu-

308 3803 482 3887 scriptam,
506 3800 561 3865 ³P.
576 3800 707 3886 Virgilii
723 3799 868 3866 Maronis
891 3801 961 3867 vita
983 3801 1107 3867 aFoca
1128 3803 1340 3888 grammatico
1362 3806 1591 3872 urbis-Romae

308 3902 457 3969 versibus
485 3904 604 3969 edita’.
648 3925 723 3966 nam
751 3904 793 3970 ab
821 3902 937 3968 eodem
964 3902 1114 3987 homine,
1142 3906 1198 3993 qui
1225 3916 1329 3971 artem
1351 3910 1590 3993 grammaticam

308 4006 454 4092 scripsit,
478 4006 581 4071 vitam
596 4004 736 4090 Vergilii
751 4006 907 4092 scriptam
922 4028 993 4070 6666
1016 4015 1049 4072 61
1069 4030 1128 4093 per
1150 4029 1185 4071 se
1206 4009 1377 4095 probabile
1399 4020 1449 4075 661
1470 4023 1504 4078 61
1525 4034 1590 4076 6611-

308 4109 458 4173 firmatur
480 4108 521 4172 iis
543 4131 627 4196 quae
650 4118 764 4172 6611116
785 4110 1012 4194 adrogantiam
1029 4110 1229 4175 Graecorum
1252 4110 1421 4199 disputata
1442 4114 1590 4179 66111111,

307 4211 408 4296 Verg.
432 4235 465 4276 1.
488 4212 508 4275 3
531 4232 602 4299 sqq.
626 4221 742 4276 61611.
771 4234 908 4297 gramm.
932 4236 963 4299 p.
989 4214 1081 4277 1122.
1105 4212 1146 4278 de
1168 4222 1274 4279 aetate
1296 4226 1406 4281 autem
1427 4216 1589 4305 scriptoris

306 4336 347 4378 ne
375 4314 456 4379 haec
483 4311 612 4399 quidem
640 4336 724 4400 quae
752 4314 792 4379 dc
821 4315 891 4381 1116
918 4314 1058 4400 Vergilii
1091 4320 1237 4383 narravit
1264 4320 1403 4384 certiora
1430 4320 1589 4385 continent
1658 4354 1659 4365 .

307 4416 446 4499 indicia,
469 4438 566 4501 quam
588 4415 670 4480 illud
692 4415 781 4503 quod
800 4416 1086 4483 Reifferscheidius
1109 4418 1198 4485 Suet.
1221 4419 1279 4485 rel.
1301 4443 1334 4507 p.
1348 4420 1411 4486 403
1434 4422 1588 4509 probarit,

306 4528 383 4603 post
409 4517 577 4582 Donatum
605 4541 644 4582 66
671 4540 743 4583 6666
771 4520 966 4607 conscripta.
1009 4520 1097 4586 unde
1126 4524 1272 4609 sequitur
1299 4524 1385 4588 inter
1411 4524 1537 4589 Donati
1563 4532 1589 4584 61

308 4618 469 4684 Prisciani
491 4631 639 4707 tempora
661 4631 801 4686 aetatem
823 4622 953 4687 Phocae
975 4646 1046 4689 esse
1069 4623 1300 4690 collocandam.

393 4725 468 4787 Arii
496 4722 537 4787 de
566 4719 696 4788 nomine
725 4733 758 4789 et
785 4724 887 4790 verbo
915 4724 1020 4791 adieci
1046 4724 1195 4792 libellum
1223 4729 1262 4793 de
1291 4728 1508 4815 aspiratione,
1540 4724 1588 4813 qui

308 4820 423 4889 eodem
449 4824 582 4890 nomine
609 4821 785 4914 inderiptus
813 4826 934 4910 fertur,
962 4829 1111 4916 quamvis
1140 4828 1226 4894 hunc
1253 4852 1317 4895 non
1345 4853 1416 4895 esse
1444 4853 1464 4893 6
1485 4829 1587 4895 Phoca
