3350 5442
289 288 353 354 262
859 291 1012 354 Ptllll‘llll

314 412 336 453 p.
350 400 438 440 sar-tt
452 397 474 438 ιΛ

290 480 396 548 deficit,
419 497 489 538 osus
511 479 582 539 lacit
601 478 764 557 praeterito
787 485 931 558 tempore.
975 479 1028 541 sed
1050 499 1089 541 ne
1111 480 1244 542 rideatur
1266 488 1367 542 umen
1388 480 1474 561 quasi
1494 479 1594 542 ahso-

288 601 360 644 num
383 599 449 642 esse
471 588 501 641 et
523 580 646 651 durum,
669 597 814 661 conpone,
838 590 868 642 et
889 582 1022 643 invenies
1043 583 1185 660 usitatum
1208 601 1287 652 esse,
1317 601 1426 644 exosus
1446 601 1592 663 perosus.
1665 578 1666 589 ’

290 681 425 764 diluimus
448 685 526 745 enim
550 683 671 745 ‘exosus
694 701 760 744 sum
774 683 859 745 illurn
875 684 1049 755 hominem’,
1073 689 1212 766 ‘perosus
1226 703 1294 746 sum
1308 683 1392 746 illum
1408 684 1590 748 hominem'.
1665 714 1666 763 j

290 805 362 866 ergo
383 785 477 847 habes
498 786 622 860 verbum
644 786 836 876 defectivum,
860 785 974 848 habens
995 794 1095 849 tamm
1123 787 1221 868 aliqua
1248 788 1411 869 participia.
1457 787 1495 848 da
1518 804 1591 848 ver·
1665 810 1666 821 ι

289 891 360 952 bum
387 890 506 969 penitus
533 907 594 950 non
623 888 813 960 defectivum,
846 889 925 969 quod
953 891 1110 951 tamenin
1139 890 1295 970 participio
1324 889 1432 952 delicit
1482 890 1617 953 uudeoa
1665 916 1666 925 ι

290 990 446 1054 studebam
470 990 657 1061 studueram
680 991 711 1050 in
734 991 899 1072 participiis
921 999 1023 1054 tamen
1044 992 1143 1053 delicit
1159 991 1347 1073 [studueram
1365 991 1446 1054 euim
1460 990 1593 1053 dicimus
1665 1020 1666 1025 ι

290 1090 487 1177 praeterito];
510 1110 571 1154 non
594 1091 721 1154 dicimus
744 1093 920 1164 studiturus,
944 1111 1034 1155 nemo
1056 1093 1137 1157 dicit

172 1207 278 1268 41⁷,3t
377 1197 454 1258 Sunt
475 1193 572 1273 eliqua
593 1196 748 1275 partieipia
772 1213 849 1274 quae
869 1194 1007 1258 videntur
1029 1214 1096 1257 esse
1116 1197 1273 1278 participia
1294 1203 1324 1257 et
1344 1214 1405 1257 non
1426 1205 1498 1259 suut
1520 1215 1593 1277 par·

173 1243 404 1407 5ssss'l’22ticipia,
434 1304 505 1360 sunt
533 1295 630 1375 aliqua
653 1315 730 1378 qnae
754 1297 891 1360 videntur
913 1315 973 1360 non
996 1316 1063 1361 esse
1084 1300 1240 1380 participia
1268 1308 1299 1361 et
1326 1306 1397 1360 sunt
1417 1301 1592 1380 participia;

291 1410 411 1464 tenuem
433 1400 643 1461 discretionem
666 1399 779 1461 liabent
791 1401 860 1462 rste
890 1399 1096 1462 discernamus
1119 1419 1200 1480 ergo,
1224 1401 1518 1478 quemadmodum
1540 1401 1640 1474 illam

291 1502 500 1582 intellegamus
523 1499 567 1562 vel
596 1520 685 1581 quem
714 1501 894 1564 admodum
915 1501 976 1564 illa.
1019 1520 1089 1564 ecce
1117 1503 1267 1565 tunicatus
1287 1502 1435 1583 galeatus:
1470 1503 1594 1583 qtmndo

293 1606 419 1668 dicimus
441 1605 591 1666 tunicatus
613 1602 755 1683 galeatus,
778 1604 917 1666 videntur
939 1623 1007 1666 esse
1027 1606 1192 1685 participia.
1235 1613 1266 1666 et
1286 1623 1322 1666 re
1342 1623 1427 1666 vera:
1455 1624 1528 1668 nam
1548 1607 1596 1668 sic

293 1717 339 1770 est
361 1708 508 1770 tunicatus
530 1705 672 1785 galeatus,
696 1723 785 1785 quem
807 1705 845 1767 ad
869 1706 990 1768 modum
1012 1709 1135 1769 vestitus
1155 1705 1307 1778 laudatus:
1341 1707 1468 1770 restitus
1489 1716 1594 1770 autem

295 1819 326 1872 et
346 1808 483 1872 laudatus
505 1809 660 1889 participia
682 1816 759 1870 sunt.
805 1809 859 1870 sed
885 1809 942 1872 ista
963 1819 1064 1870 tamen
1091 1829 1152 1874 non
1178 1817 1306 1890 possunt
1332 1828 1399 1871 esse
1426 1811 1595 1892 partieipia.

294 1911 364 1991 quid
387 1912 479 1990 ergo?
512 1913 632 1972 nomina
656 1919 727 1973 sunt
748 1910 971 1973 similitudinem
999 1912 1223 1992 participiorum
1250 1910 1398 1973 habentia.
1442 1912 1525 1976 unde
1546 1915 1595 1974 in·
1608 1938 1633 1978 ιε»

220 2043 229 2059 1
269 2013 462 2094 ¹tellegimus
489 2014 610 2080 nomina
633 2031 715 2084 esse,
744 2032 804 2075 non
833 2014 1012 2095 participia?
1047 2016 1187 2092 quoniam
1216 2012 1347 2075 averto
1369 2033 1430 2076 non
1454 2017 1596 2085 veniunt;
1665 2034 1666 2085 ι

294 2135 383 2179 nemo
405 2115 477 2178 dicit
500 2117 609 2185 tunice,
631 2133 721 2177 nemo
744 2116 816 2178 dicit
835 2115 931 2196 galeo.
960 2133 1032 2196 ergo
1055 2116 1123 2178 talia
1145 2123 1216 2178 sunt
1237 2124 1267 2177 et
1288 2115 1346 2188 illa,
1369 2117 1479 2197 placita
1500 2126 1597 2198 nupta
1665 2154 1666 2163 ι

295 2217 475 2299 triumphata
497 2225 629 2296 regnata.
663 2235 732 2280 nam
756 2236 826 2279 ecce
848 2219 1001 2299 participia
1023 2227 1133 2281 suntet
1153 2220 1226 2288 ista;
1250 2217 1305 2280 sed
1326 2237 1415 2280 nemo
1437 2219 1511 2281 dicit
1531 2219 1599 2299 pla·

296 2341 382 2393 eeor,
410 2338 499 2382 nemo
530 2319 600 2382 dicit
627 2319 725 2381 nuber
754 2320 927 2401 triuntphor
956 2337 1075 2400 regnor.
1101 2317 1106 2400 1
1132 2338 1204 2406 ergo
1225 2338 1286 2382 non
1308 2339 1326 2381 a
1347 2319 1440 2383 verbo
1462 2323 1598 2384 veniunt
1665 2318 1666 2393 ξ

296 2424 368 2502 quid
391 2424 482 2502 ergo?
512 2421 638 2483 dicimus
659 2424 715 2484 ista
737 2425 858 2485 nomina
881 2441 948 2483 esse
969 2440 1025 2503 pro
1046 2423 1210 2504 participiis
1232 2423 1337 2505 posita,
1359 2422 1411 2484 illa
1436 2425 1598 2504 participia
1611 2452 1636 2492 ω

297 2545 364 2588 esse
389 2544 446 2606 pro
474 2523 645 2586 nominihus
673 2525 778 2605 posita.
825 2542 884 2604 quo
907 2524 1011 2594 modo,
1040 2543 1109 2586 cum
1131 2545 1189 2588 una
1216 2527 1256 2588 sit
1281 2526 1456 2608 significatio
1486 2533 1517 2588 et
1539 2543 1601 2586 nec
1665 2578 1666 2605 ,

295 2627 369 2690 illud
391 2647 408 2689 a
430 2627 520 2689 verbo
541 2628 649 2711 ¹venian,
672 2645 729 2688 nec
750 2626 825 2690 illud
848 2645 865 2687 a
886 2625 978 2687 verbo
1000 2627 1113 2698 veniat,
1136 2626 1209 2689 illud
1231 2628 1422 2709 participium
1445 2636 1499 2699 ost,
1522 2626 1600 2688 illud

297 2730 426 2792 nomen?
459 2737 504 2791 est
525 2727 623 2809 aliqua
645 2729 785 2791 diseretio
807 2748 885 2810 qnae
907 2729 965 2790 hoc
986 2736 1133 2800 secernat,
1157 2743 1190 2791 ut
1205 2747 1348 2809 agnoscas
1363 2738 1451 2810 puta,
1475 2730 1600 2808 quando
1665 2722 1666 2757 ¹

299 2840 345 2894 est
367 2833 486 2913 penitus
508 2850 634 2902 nomen,
669 2831 721 2894 sed
744 2839 843 2895 umen
865 2832 997 2911 speciem
1024 2832 1172 2912 participii
1199 2831 1306 2903 habet,
1346 2831 1468 2910 quando
1494 2841 1598 2895 autem
1665 2900 1666 2915 p

267 2925 271 2938 ’
299 2953 359 2996 non
383 2942 428 2995 est
449 2935 568 3014 penitus
590 2953 709 3007 nomen,
733 2933 785 2995 sed
807 2934 1007 3014 participium.
1045 2940 1197 2995 ettamen
1218 2933 1269 2994 illa
1291 2933 1418 2996 dicimus
1439 2920 1666 3014 participia„

300 3055 381 3106 esse;
414 3036 465 3097 illa
495 3035 620 3098 dicimus
647 3037 803 3116 participia
830 3053 891 3097 nou
914 3054 995 3106 esse,
1029 3053 1105 3114 qrrae
1131 3035 1212 3097 nulla
1234 3038 1350 3098 ratione
1373 3036 1497 3098 verbum
1517 3038 1597 3098 reci·
1665 3070 1666 3119 p

301 3143 395 3221 piunt,
418 3156 475 3200 nec
496 3157 583 3201 suurn
606 3156 662 3200 nee
689 3138 819 3200 alienum
847 3137 980 3200 verbum.
1026 3138 1128 3200 tunico
1155 3141 1287 3201 tunicor
1320 3139 1396 3200 istae
1423 3147 1494 3202 sunt
1519 3139 1597 3202 duae
1665 3154 1666 3195 ὲ

303 3241 524 3311 declinationes,
549 3240 634 3311 dicit;
659 3240 712 3302 sed
735 3241 834 3302 tunice
856 3257 917 3302 non
938 3241 1061 3320 possum
1082 3241 1183 3303 dicere
1205 3260 1261 3302 nec
1283 3241 1410 3311 tunicor,
1434 3259 1491 3304 nec
1511 3241 1597 3321 galee
1665 3232 1666 3297 3

302 3361 358 3405 nec
380 3342 491 3422 galcor.
536 3352 675 3405 neutrum
697 3341 822 3405 verbum
843 3343 965 3424 recipit;
998 3361 1056 3404 nec
1084 3342 1165 3404 illam
1188 3340 1415 3405 declinationem
1436 3363 1595 3424 possumus
1665 3380 1666 3383 =

184 3507 187 3512 ,
302 3446 374 3507 dare
396 3463 452 3506 nec
473 3444 556 3507 illam
578 3445 815 3508 declinationem.
861 3463 933 3524 crgo
955 3444 1060 3520 modo,
1089 3446 1228 3524 quoniam
1256 3464 1313 3508 nec
1339 3445 1415 3508 illud
1443 3463 1501 3507 nec
1520 3444 1635 3516 ntor„

179 3595 181 3600 a
301 3556 503 3635 potestesse,
533 3554 562 3608 et
589 3565 650 3610 non
673 3549 825 3628 recipiunt
846 3567 902 3609 nec
923 3548 1018 3620 aliud,
1046 3549 1166 3609 nomina
1188 3556 1259 3610 sunt
1279 3549 1373 3627 magis
1395 3565 1484 3629 quam
1506 3550 1595 3629 parti-

303 3651 394 3731 cipia,
429 3651 567 3728 quoniam
595 3667 693 3730 neque
722 3650 835 3713 habero
863 3658 989 3731 possunt
1014 3651 1159 3730 originem
1187 3652 1247 3722 sui,
1280 3667 1379 3730 neque
1404 3657 1530 3731 possunt
1549 3650 1594 3711 vel

304 3752 423 3814 aliunde
451 3753 596 3833 originem
624 3752 743 3818 ducere.
789 3770 806 3814 o
833 3755 983 3816 contrario
1011 3751 1063 3814 illa
1091 3770 1168 3831 quac
1190 3760 1347 3823 secuntur,
1375 3751 1485 3833 placita
1498 3760 1594 3832 ’nupta

265 3935 268 3941 Ι
302 3853 498 3935 triumphata,
522 3854 593 3915 licet
614 3873 674 3916 non
697 3853 827 3916 habeant
849 3858 970 3937 propria
992 3853 1098 3925 verloa,
1122 3855 1201 3916 unde
1222 3861 1398 3925 nascantur,
1421 3853 1532 3917 habent
1550 3863 1593 3915 ta·

302 3976 373 4020 men
394 3956 504 4027 vicina,
533 3956 612 4018 unde
640 3959 786 4036 originem
816 3964 944 4018 sumant.
990 3976 1059 4019 nam
1085 3955 1183 4018 nuhor
1211 3955 1376 4027 condico,
1406 3957 1489 4020 nubo
1512 3956 1590 4026 dico;
1603 3986 1632 4026 ³5

303 4059 423 4141 placeor
445 4077 504 4120 non
527 4055 609 4130 dico,
630 4057 634 4140 Ι
654 4057 757 4140 placeo
772 4058 854 4127 dico;
882 4077 992 4138 regnor
1014 4078 1075 4121 non
1096 4059 1178 4129 dico,
1202 4076 1297 4138 reguo
1318 4059 1401 4131 dico;
1430 4060 1593 4140 triumphet

305 4179 365 4224 non
387 4162 462 4231 dico,
488 4159 637 4242 triumpho
659 4168 757 4223 nmen
781 4161 859 4225 dico.
894 4161 962 4224 ideo
985 4180 1057 4241 ergo
1078 4161 1220 4224 dicuntur
1242 4164 1362 4243 penitus
1383 4161 1434 4223 illa
1457 4181 1523 4224 esse
1541 4180 1593 4222 no·

305 4265 399 4335 mina,
434 4265 573 4344 quoniam
603 4281 659 4325 nec
687 4263 777 4327 ullam
807 4265 938 4344 speciem
966 4263 1093 4334 habent;
1129 4263 1204 4328 haec
1231 4273 1338 4350 autem.
1354 4283 1420 4326 esse
1442 4265 1592 4345 participia

304 4368 368 4428 sine
391 4364 506 4437 verbis,
533 4365 564 4426 id
594 4374 639 4428 est
667 4367 730 4428 sine
758 4385 793 4427 ea
815 4369 930 4447 specie,
958 4366 1039 4429 unde
1067 4366 1179 4428 debent
1205 4369 1351 4447 originem
1372 4367 1499 4437 ducere,
1529 4365 1591 4428 ideo

306 4469 444 4545 quoniam
466 4467 513 4530 vel
535 4486 552 4529 a
574 4469 669 4530 vicino
692 4469 837 4547 originem
860 4468 992 4531 trahunt.
1032 4487 1103 4549 ergo
1125 4471 1203 4550 siqui
1223 4469 1278 4532 tibi
1299 4468 1378 4532 dicat
1399 4485 1588 4550 pransus-ce·
1601 4500 1630 4541 40

375 4655 495 4707 cstudeo
508 4673 557 4710 out.
567 4656 641 4708 ΑΒΘ
676 4656 706 4708 ll
720 4656 836 4724 galeatus
850 4658 896 4708 eod
907 4657 1011 4720 quando
1021 4657 1097 4708 ABG
1129 4657 1322 4709 20dicemne0
1355 4654 1489 4722 achabet]
1502 4655 1593 4706 habens

307 4724 380 4776 Auo
412 4725 447 4776 25
461 4726 682 4792 sedpartioipiurn
695 4727 808 4777 habetet
821 4727 989 4780 tamenABO
1022 4726 1223 4781 idrationemtl
1259 4725 1291 4779 31
1307 4726 1594 4793 nonrecipiuntOdnon

308 4795 399 4860 recipit
411 4796 463 4847 AB
498 4795 818 4862 maginem.AB,actd.b
853 4797 889 4850 35
905 4797 1199 4863 nubodicoom.ABO,
1214 4798 1304 4849 adda
1348 4797 1437 4850 40nel
1449 4797 1531 4849 uicino
1542 4797 1594 4849 AB
