<?xml version="1.0" encoding="UTF-8"?>
<!DOCTYPE html PUBLIC "-//W3C//DTD XHTML 1.0 Transitional//EN"
    "http://www.w3.org/TR/xhtml1/DTD/xhtml1-transitional.dtd">
<html xmlns="http://www.w3.org/1999/xhtml" xml:lang="en" lang="en">
 <head>
  <title>
</title>
<meta http-equiv="Content-Type" content="text/html;charset=utf-8" />
  <meta name='ocr-system' content='tesseract 3.04.00' />
  <meta name='ocr-capabilities' content='ocr_page ocr_carea ocr_par ocr_line ocrx_word'/>
</head>
<body>
  <div class='ocr_page' id='page_1' title='image "./grammaticilatin02hagagoog_0394.png"; bbox 0 0 3350 5442; ppageno 0'>
   <div class='ocr_carea' id='block_1_1' title="bbox 662 353 1343 418">
    <p class='ocr_par' dir='ltr' id='par_1_1' title="bbox 662 353 1343 418">
     <span class='ocr_line' id='line_1_1' title="bbox 662 353 1343 418; baseline 0.003 -2"><span class='ocrx_word' id='word_1_1' title='bbox 662 355 733 416; x_wconf 75' lang='lat' dir='ltr'><strong>ins</strong></span> <span class='ocrx_word' id='word_1_2' title='bbox 1279 353 1343 418; x_wconf 84' lang='lat'><strong>385</strong></span> 
     </span>
    </p>
   </div>
   <div class='ocr_carea' id='block_1_2' title="bbox 72 462 1342 738">
    <p class='ocr_par' dir='ltr' id='par_1_2' title="bbox 72 462 1342 738">
     <span class='ocr_line' id='line_1_2' title="bbox 1210 462 1317 506; baseline -0.019 0"><span class='ocrx_word' id='word_1_3' title='bbox 1210 462 1317 506; x_wconf 75' lang='lat' dir='ltr'><strong>‚acran</strong></span> 
     </span>
     <span class='ocr_line' id='line_1_3' title="bbox 72 476 1342 625; baseline 0.001 -19"><span class='ocrx_word' id='word_1_4' title='bbox 72 553 174 624; x_wconf 81' lang='lat' dir='ltr'><strong>regunt.</strong></span> <span class='ocrx_word' id='word_1_5' title='bbox 217 563 253 606; x_wconf 81' lang='lat' dir='ltr'><strong>er</strong></span> <span class='ocrx_word' id='word_1_6' title='bbox 281 545 391 625; x_wconf 89' lang='lat' dir='ltr'><strong>quibus</strong></span> <span class='ocrx_word' id='word_1_7' title='bbox 419 564 472 606; x_wconf 93' lang='lat' dir='ltr'><strong>nos</strong></span> <span class='ocrx_word' id='word_1_8' title='bbox 499 545 628 625; x_wconf 89' lang='lat' dir='ltr'><strong>exempli</strong></span> <span class='ocrx_word' id='word_1_9' title='bbox 656 545 751 623; x_wconf 85' lang='lat' dir='ltr'><strong>gratia</strong></span> <span class='ocrx_word' id='word_1_10' title='bbox 778 563 872 624; x_wconf 91' lang='lat' dir='ltr'><strong>pauca</strong></span> <span class='ocrx_word' id='word_1_11' title='bbox 900 559 1055 625; x_wconf 86' lang='lat' dir='ltr'><strong>ponemus.</strong></span> <span class='ocrx_word' id='word_1_12' title='bbox 1099 476 1223 623; x_wconf 64' lang='lat' dir='ltr'><strong>genitidi</strong></span> <span class='ocrx_word' id='word_1_13' title='bbox 1255 565 1342 608; x_wconf 87' lang='lat' dir='ltr'><strong>casus</strong></span> 
     </span>
     <span class='ocr_line' id='line_1_4' title="bbox 72 645 1341 738; baseline 0.001 -31"><span class='ocrx_word' id='word_1_14' title='bbox 72 648 161 708; x_wconf 83' lang='lat' dir='ltr'><strong>rerba:</strong></span> <span class='ocrx_word' id='word_1_15' title='bbox 183 649 330 709; x_wconf 90' lang='lat' dir='ltr'><strong>misereor</strong></span> <span class='ocrx_word' id='word_1_16' title='bbox 352 648 447 738; x_wconf 84' lang='lat' dir='ltr'><strong>illins,</strong></span> <span class='ocrx_word' id='word_1_17' title='bbox 477 645 575 708; x_wconf 90' lang='lat' dir='ltr'><strong>taedet</strong></span> <span class='ocrx_word' id='word_1_18' title='bbox 603 647 730 716; x_wconf 88' lang='lat' dir='ltr'><strong>laboris,</strong></span> <span class='ocrx_word' id='word_1_19' title='bbox 753 647 847 726; x_wconf 90' lang='lat' dir='ltr'><strong>pudet</strong></span> <span class='ocrx_word' id='word_1_20' title='bbox 868 648 996 726; x_wconf 83' lang='lat' dir='ltr'><strong>incepti,</strong></span> <span class='ocrx_word' id='word_1_21' title='bbox 1014 649 1103 727; x_wconf 83' lang='lat' dir='ltr'><strong>piget</strong></span> <span class='ocrx_word' id='word_1_22' title='bbox 1124 648 1206 707; x_wconf 91' lang='lat' dir='ltr'><strong>lacti.</strong></span> <span class='ocrx_word' id='word_1_23' title='bbox 1250 648 1341 708; x_wconf 89' lang='lat' dir='ltr'><strong>dativi</strong></span> 
     </span>
    </p>
   </div>
   <div class='ocr_carea' id='block_1_3' title="bbox 46 749 1344 2161">
    <p class='ocr_par' dir='ltr' id='par_1_3' title="bbox 54 749 1344 1444">
     <span class='ocr_line' id='line_1_5' title="bbox 72 749 1344 832; baseline -0.001 -22"><span class='ocrx_word' id='word_1_24' title='bbox 72 770 142 812; x_wconf 84' lang='lat' dir='ltr'><strong>casus</strong></span> <span class='ocrx_word' id='word_1_25' title='bbox 162 750 266 812; x_wconf 89' lang='lat' dir='ltr'><strong>verba:</strong></span> <span class='ocrx_word' id='word_1_26' title='bbox 289 751 397 812; x_wconf 92' lang='lat' dir='ltr'><strong>mando</strong></span> <span class='ocrx_word' id='word_1_27' title='bbox 419 751 602 831; x_wconf 91' lang='lat' dir='ltr'><strong>propinquo,</strong></span> <span class='ocrx_word' id='word_1_28' title='bbox 627 749 771 810; x_wconf 90' lang='lat' dir='ltr'><strong>maledico</strong></span> <span class='ocrx_word' id='word_1_29' title='bbox 794 752 933 818; x_wconf 90' lang='lat' dir='ltr'><strong>inimicis,</strong></span> <span class='ocrx_word' id='word_1_30' title='bbox 956 750 1068 811; x_wconf 80' lang='lat' dir='ltr'>suadeo</span> <span class='ocrx_word' id='word_1_31' title='bbox 1090 751 1205 818; x_wconf 88' lang='lat' dir='ltr'><strong>amicis,</strong></span> <span class='ocrx_word' id='word_1_32' title='bbox 1228 750 1344 832; x_wconf 25' lang='lat' dir='ltr'><strong>imputo·</strong></span> 
     </span>
     <span class='ocr_line' id='line_1_6' title="bbox 72 834 1341 932; baseline 0 -20"><span class='ocrx_word' id='word_1_33' title='bbox 72 853 216 923; x_wconf 88' lang='lat' dir='ltr'><strong>iudicibus,</strong></span> <span class='ocrx_word' id='word_1_34' title='bbox 239 871 330 932; x_wconf 92' lang='lat' dir='ltr'><strong>parco</strong></span> <span class='ocrx_word' id='word_1_35' title='bbox 357 855 479 923; x_wconf 75' lang='lat' dir='ltr'><strong>viciniS,</strong></span> <span class='ocrx_word' id='word_1_36' title='bbox 508 871 600 914; x_wconf 92' lang='lat' dir='ltr'><strong>noceo</strong></span> <span class='ocrx_word' id='word_1_37' title='bbox 629 849 817 912; x_wconf 85' lang='lat' dir='ltr'><strong>adversariis</strong></span> <span class='ocrx_word' id='word_1_38' title='bbox 863 854 1023 913; x_wconf 87' lang='lat' dir='ltr'><strong>accusativi</strong></span> <span class='ocrx_word' id='word_1_39' title='bbox 1046 869 1133 913; x_wconf 91' lang='lat' dir='ltr'><strong>casus</strong></span> <span class='ocrx_word' id='word_1_40' title='bbox 1153 851 1259 913; x_wconf 88' lang='lat' dir='ltr'><strong>verba:</strong></span> <span class='ocrx_word' id='word_1_41' title='bbox 1288 834 1341 913; x_wconf 47' lang='lat' dir='ltr'><strong>&#39;ac-</strong></span> 
     </span>
     <span class='ocr_line' id='line_1_7' title="bbox 54 953 1341 1025; baseline 0.003 -14"><span class='ocrx_word' id='word_1_42' title='bbox 54 973 129 1016; x_wconf 74' lang='lat' dir='ltr'><strong>oruso</strong></span> <span class='ocrx_word' id='word_1_43' title='bbox 154 957 307 1025; x_wconf 91' lang='lat' dir='ltr'><strong>inimicos,</strong></span> <span class='ocrx_word' id='word_1_44' title='bbox 337 957 441 1017; x_wconf 90' lang='lat' dir='ltr'><strong>invoco</strong></span> <span class='ocrx_word' id='word_1_45' title='bbox 467 955 596 1024; x_wconf 90' lang='lat' dir='ltr'><strong>iudices,</strong></span> <span class='ocrx_word' id='word_1_46' title='bbox 628 956 755 1015; x_wconf 91' lang='lat' dir='ltr'><strong>miseror</strong></span> <span class='ocrx_word' id='word_1_47' title='bbox 783 953 933 1024; x_wconf 88' lang='lat' dir='ltr'><strong>adllictos,</strong></span> <span class='ocrx_word' id='word_1_48' title='bbox 961 956 1063 1016; x_wconf 91' lang='lat' dir='ltr'><strong>imitor</strong></span> <span class='ocrx_word' id='word_1_49' title='bbox 1095 953 1205 1025; x_wconf 81' lang='lat' dir='ltr'><strong>bonna,</strong></span> <span class='ocrx_word' id='word_1_50' title='bbox 1240 954 1341 1016; x_wconf 89' lang='lat' dir='ltr'><strong>adlevo</strong></span> 
     </span>
     <span class='ocr_line' id='line_1_8' title="bbox 73 1055 1341 1136; baseline -0.001 -19"><span class='ocrx_word' id='word_1_51' title='bbox 73 1059 179 1126; x_wconf 85' lang='lat' dir='ltr'><strong>andros,</strong></span> <span class='ocrx_word' id='word_1_52' title='bbox 201 1058 287 1118; x_wconf 90' lang='lat' dir='ltr'><strong>rideo</strong></span> <span class='ocrx_word' id='word_1_53' title='bbox 309 1058 441 1119; x_wconf 90' lang='lat' dir='ltr'><strong>stultum.</strong></span> <span class='ocrx_word' id='word_1_54' title='bbox 472 1055 591 1119; x_wconf 89' lang='lat' dir='ltr'><strong>ablativi</strong></span> <span class='ocrx_word' id='word_1_55' title='bbox 607 1075 693 1118; x_wconf 91' lang='lat' dir='ltr'><strong>casus</strong></span> <span class='ocrx_word' id='word_1_56' title='bbox 708 1055 813 1117; x_wconf 87' lang='lat' dir='ltr'><strong>verba:</strong></span> <span class='ocrx_word' id='word_1_57' title='bbox 838 1056 959 1117; x_wconf 83' lang='lat' dir='ltr'>discedo</span> <span class='ocrx_word' id='word_1_58' title='bbox 974 1055 1011 1118; x_wconf 90' lang='lat' dir='ltr'><strong>ab</strong></span> <span class='ocrx_word' id='word_1_59' title='bbox 1035 1057 1180 1126; x_wconf 90' lang='lat' dir='ltr'><strong>inimicis,</strong></span> <span class='ocrx_word' id='word_1_60' title='bbox 1203 1057 1341 1136; x_wconf 81' lang='lat' dir='ltr'><strong>discrepo</strong></span> 
     </span>
     <span class='ocr_line' id='line_1_9' title="bbox 73 1156 1340 1239; baseline 0 -21"><span class='ocrx_word' id='word_1_61' title='bbox 73 1159 101 1218; x_wconf 78' lang='lat' dir='ltr'><strong>alr</strong></span> <span class='ocrx_word' id='word_1_62' title='bbox 119 1162 231 1237; x_wconf 82' lang='lat' dir='ltr'><strong>ignaro,</strong></span> <span class='ocrx_word' id='word_1_63' title='bbox 261 1167 379 1221; x_wconf 85' lang='lat' dir='ltr'><strong>avertor</strong></span> <span class='ocrx_word' id='word_1_64' title='bbox 406 1180 422 1222; x_wconf 91' lang='lat' dir='ltr'><strong>a</strong></span> <span class='ocrx_word' id='word_1_65' title='bbox 449 1160 615 1239; x_wconf 76' lang='lat' dir='ltr'>petulante,</span> <span class='ocrx_word' id='word_1_66' title='bbox 648 1158 809 1219; x_wconf 90' lang='lat' dir='ltr'><strong>maledicor</strong></span> <span class='ocrx_word' id='word_1_67' title='bbox 831 1157 868 1220; x_wconf 92' lang='lat' dir='ltr'><strong>ab</strong></span> <span class='ocrx_word' id='word_1_68' title='bbox 890 1160 1035 1229; x_wconf 88' lang='lat' dir='ltr'><strong>inimicis,</strong></span> <span class='ocrx_word' id='word_1_69' title='bbox 1059 1156 1163 1220; x_wconf 89' lang='lat' dir='ltr'><strong>absum</strong></span> <span class='ocrx_word' id='word_1_70' title='bbox 1186 1157 1222 1220; x_wconf 91' lang='lat' dir='ltr'><strong>ab</strong></span> <span class='ocrx_word' id='word_1_71' title='bbox 1241 1158 1340 1229; x_wconf 88' lang='lat' dir='ltr'><strong>stulto,</strong></span> 
     </span>
     <span class='ocr_line' id='line_1_10' title="bbox 73 1260 1341 1342; baseline 0.002 -22"><span class='ocrx_word' id='word_1_72' title='bbox 73 1262 197 1323; x_wconf 86' lang='lat' dir='ltr'><strong>dissentio</strong></span> <span class='ocrx_word' id='word_1_73' title='bbox 220 1261 257 1322; x_wconf 86' lang='lat' dir='ltr'><strong>ab</strong></span> <span class='ocrx_word' id='word_1_74' title='bbox 278 1263 420 1322; x_wconf 90' lang='lat' dir='ltr'><strong>inimicis.</strong></span> <span class='ocrx_word' id='word_1_75' title='bbox 465 1263 583 1342; x_wconf 86' lang='lat' dir='ltr'><strong>septimi</strong></span> <span class='ocrx_word' id='word_1_76' title='bbox 606 1279 693 1322; x_wconf 86' lang='lat' dir='ltr'><strong>casus</strong></span> <span class='ocrx_word' id='word_1_77' title='bbox 714 1279 830 1342; x_wconf 89' lang='lat' dir='ltr'><strong>quoque</strong></span> <span class='ocrx_word' id='word_1_78' title='bbox 855 1261 946 1322; x_wconf 90' lang='lat' dir='ltr'><strong>verba</strong></span> <span class='ocrx_word' id='word_1_79' title='bbox 967 1268 1050 1332; x_wconf 93' lang='lat' dir='ltr'><strong>sunt,</strong></span> <span class='ocrx_word' id='word_1_80' title='bbox 1075 1279 1149 1341; x_wconf 88' lang='lat' dir='ltr'><strong>quae</strong></span> <span class='ocrx_word' id='word_1_81' title='bbox 1172 1261 1228 1321; x_wconf 91' lang='lat' dir='ltr'><strong>hoc</strong></span> <span class='ocrx_word' id='word_1_82' title='bbox 1251 1260 1341 1322; x_wconf 93' lang='lat' dir='ltr'><strong>dista·</strong></span> 
     </span>
     <span class='ocr_line' id='line_1_11' title="bbox 75 1363 1340 1444; baseline 0.003 -23"><span class='ocrx_word' id='word_1_83' title='bbox 75 1363 134 1422; x_wconf 86' lang='lat' dir='ltr'><strong>hunt</strong></span> <span class='ocrx_word' id='word_1_84' title='bbox 153 1364 189 1424; x_wconf 87' lang='lat' dir='ltr'><strong>ab</strong></span> <span class='ocrx_word' id='word_1_85' title='bbox 212 1363 354 1434; x_wconf 88' lang='lat' dir='ltr'><strong>ablativo,</strong></span> <span class='ocrx_word' id='word_1_86' title='bbox 382 1363 460 1444; x_wconf 85' lang='lat' dir='ltr'><strong>quod</strong></span> <span class='ocrx_word' id='word_1_87' title='bbox 489 1365 727 1444; x_wconf 74' lang='lat' dir='ltr'><strong>praepositiones</strong></span> <span class='ocrx_word' id='word_1_88' title='bbox 754 1382 813 1424; x_wconf 94' lang='lat' dir='ltr'><strong>non</strong></span> <span class='ocrx_word' id='word_1_89' title='bbox 842 1364 1005 1433; x_wconf 90' lang='lat' dir='ltr'><strong>adduntur,</strong></span> <span class='ocrx_word' id='word_1_90' title='bbox 1029 1370 1063 1424; x_wconf 91' lang='lat' dir='ltr'><strong>nt</strong></span> <span class='ocrx_word' id='word_1_91' title='bbox 1084 1364 1168 1423; x_wconf 85' lang='lat' dir='ltr'><strong>fruor</strong></span> <span class='ocrx_word' id='word_1_92' title='bbox 1191 1365 1340 1432; x_wconf 77' lang='lat' dir='ltr'><strong>amicitiis,</strong></span> 
     </span>
    </p>

    <p class='ocr_par' dir='ltr' id='par_1_4' title="bbox 46 1466 1344 1956">
     <span class='ocr_line' id='line_1_12' title="bbox 46 1466 1343 1546; baseline 0 -20"><span class='ocrx_word' id='word_1_93' title='bbox 46 1481 64 1519; x_wconf 74' lang='lat' dir='ltr'><strong>a·</strong></span> <span class='ocrx_word' id='word_1_94' title='bbox 75 1467 154 1544; x_wconf 89' lang='lat' dir='ltr'><strong>potior</strong></span> <span class='ocrx_word' id='word_1_95' title='bbox 174 1469 315 1546; x_wconf 90' lang='lat' dir='ltr'><strong>pecunia,</strong></span> <span class='ocrx_word' id='word_1_96' title='bbox 343 1468 445 1546; x_wconf 90' lang='lat' dir='ltr'><strong>privor</strong></span> <span class='ocrx_word' id='word_1_97' title='bbox 473 1472 635 1546; x_wconf 83' lang='lat' dir='ltr'><strong>potestate,</strong></span> <span class='ocrx_word' id='word_1_98' title='bbox 665 1483 751 1526; x_wconf 88' lang='lat' dir='ltr'><strong>careo</strong></span> <span class='ocrx_word' id='word_1_99' title='bbox 773 1467 924 1534; x_wconf 90' lang='lat' dir='ltr'><strong>molestia,</strong></span> <span class='ocrx_word' id='word_1_100' title='bbox 953 1466 1026 1526; x_wconf 89' lang='lat' dir='ltr'><strong>cedo</strong></span> <span class='ocrx_word' id='word_1_101' title='bbox 1047 1467 1252 1545; x_wconf 87' lang='lat' dir='ltr'><strong>possessione,</strong></span> <span class='ocrx_word' id='word_1_102' title='bbox 1275 1473 1343 1527; x_wconf 93' lang='lat' dir='ltr'><strong>utor</strong></span> 
     </span>
     <span class='ocr_line' id='line_1_13' title="bbox 75 1567 1344 1646; baseline 0.001 -18"><span class='ocrx_word' id='word_1_103' title='bbox 75 1577 139 1646; x_wconf 76' lang='lat' dir='ltr'><strong>toga,</strong></span> <span class='ocrx_word' id='word_1_104' title='bbox 165 1569 312 1630; x_wconf 85' lang='lat' dir='ltr'><strong>interdico</strong></span> <span class='ocrx_word' id='word_1_105' title='bbox 339 1569 493 1638; x_wconf 85' lang='lat' dir='ltr'><strong>amicitiis,</strong></span> <span class='ocrx_word' id='word_1_106' title='bbox 530 1570 664 1629; x_wconf 88' lang='lat' dir='ltr'><strong>sacritico</strong></span> <span class='ocrx_word' id='word_1_107' title='bbox 691 1570 825 1638; x_wconf 89' lang='lat' dir='ltr'><strong>victima,</strong></span> <span class='ocrx_word' id='word_1_108' title='bbox 857 1568 969 1646; x_wconf 78' lang='lat' dir='ltr'><strong>glorior</strong></span> <span class='ocrx_word' id='word_1_109' title='bbox 1001 1567 1125 1630; x_wconf 85' lang='lat' dir='ltr'><strong>viribus.</strong></span> <span class='ocrx_word' id='word_1_110' title='bbox 1169 1569 1241 1629; x_wconf 90' lang='lat' dir='ltr'><strong>item</strong></span> <span class='ocrx_word' id='word_1_111' title='bbox 1273 1575 1344 1629; x_wconf 90' lang='lat' dir='ltr'><strong>sunt</strong></span> 
     </span>
     <span class='ocr_line' id='line_1_14' title="bbox 76 1669 1341 1750; baseline 0.002 -21"><span class='ocrx_word' id='word_1_112' title='bbox 76 1671 147 1730; x_wconf 84' lang='lat' dir='ltr'><strong>rerba</strong></span> <span class='ocrx_word' id='word_1_113' title='bbox 167 1689 243 1750; x_wconf 88' lang='lat' dir='ltr'><strong>quae</strong></span> <span class='ocrx_word' id='word_1_114' title='bbox 266 1669 354 1731; x_wconf 92' lang='lat' dir='ltr'><strong>binos</strong></span> <span class='ocrx_word' id='word_1_115' title='bbox 375 1689 476 1746; x_wconf 83' lang='lat' dir='ltr'><strong>casus,</strong></span> <span class='ocrx_word' id='word_1_116' title='bbox 500 1688 559 1731; x_wconf 93' lang='lat' dir='ltr'><strong>non</strong></span> <span class='ocrx_word' id='word_1_117' title='bbox 582 1670 713 1749; x_wconf 80' lang='lat' dir='ltr'><strong>singulos</strong></span> <span class='ocrx_word' id='word_1_118' title='bbox 736 1677 858 1748; x_wconf 84' lang='lat' dir='ltr'><strong>regunt:</strong></span> <span class='ocrx_word' id='word_1_119' title='bbox 886 1672 1051 1748; x_wconf 81' lang='lat' dir='ltr'><strong>genitivum</strong></span> <span class='ocrx_word' id='word_1_120' title='bbox 1078 1676 1108 1730; x_wconf 90' lang='lat' dir='ltr'><strong>et</strong></span> <span class='ocrx_word' id='word_1_121' title='bbox 1131 1672 1341 1740; x_wconf 84' lang='lat' dir='ltr'><strong>accusativum,</strong></span> 
     </span>
     <span class='ocr_line' id='line_1_15' title="bbox 76 1771 1342 1844; baseline 0.002 -14"><span class='ocrx_word' id='word_1_122' title='bbox 76 1771 213 1834; x_wconf 72' lang='lat' dir='ltr'><strong>obliviscor</strong></span> <span class='ocrx_word' id='word_1_123' title='bbox 239 1775 433 1842; x_wconf 88' lang='lat' dir='ltr'><strong>iniuriarum,</strong></span> <span class='ocrx_word' id='word_1_124' title='bbox 463 1771 624 1834; x_wconf 89' lang='lat' dir='ltr'><strong>obliviscor</strong></span> <span class='ocrx_word' id='word_1_125' title='bbox 652 1774 793 1842; x_wconf 88' lang='lat' dir='ltr'><strong>iniurias,</strong></span> <span class='ocrx_word' id='word_1_126' title='bbox 823 1773 947 1834; x_wconf 89' lang='lat' dir='ltr'><strong>memini</strong></span> <span class='ocrx_word' id='word_1_127' title='bbox 981 1789 1190 1844; x_wconf 91' lang='lat' dir='ltr'><strong>numerorum,</strong></span> <span class='ocrx_word' id='word_1_128' title='bbox 1218 1775 1342 1833; x_wconf 89' lang='lat' dir='ltr'><strong>memini</strong></span> 
     </span>
     <span class='ocr_line' id='line_1_16' title="bbox 76 1875 1342 1956; baseline 0.002 -23"><span class='ocrx_word' id='word_1_129' title='bbox 76 1893 209 1946; x_wconf 89' lang='lat' dir='ltr'><strong>numeros;</strong></span> <span class='ocrx_word' id='word_1_130' title='bbox 232 1877 397 1954; x_wconf 81' lang='lat' dir='ltr'><strong>genitivum</strong></span> <span class='ocrx_word' id='word_1_131' title='bbox 420 1882 450 1935; x_wconf 90' lang='lat' dir='ltr'><strong>et</strong></span> <span class='ocrx_word' id='word_1_132' title='bbox 464 1877 624 1956; x_wconf 91' lang='lat' dir='ltr'><strong>septimum</strong></span> <span class='ocrx_word' id='word_1_133' title='bbox 640 1894 755 1945; x_wconf 89' lang='lat' dir='ltr'><strong>casnm,</strong></span> <span class='ocrx_word' id='word_1_134' title='bbox 779 1892 854 1953; x_wconf 82' lang='lat' dir='ltr'><strong>egeo</strong></span> <span class='ocrx_word' id='word_1_135' title='bbox 876 1875 977 1954; x_wconf 88' lang='lat' dir='ltr'><strong>panis,</strong></span> <span class='ocrx_word' id='word_1_136' title='bbox 1001 1891 1074 1952; x_wconf 76' lang='lat' dir='ltr'><strong>egeo</strong></span> <span class='ocrx_word' id='word_1_137' title='bbox 1096 1893 1187 1954; x_wconf 89' lang='lat' dir='ltr'><strong>pane;</strong></span> <span class='ocrx_word' id='word_1_138' title='bbox 1212 1875 1342 1936; x_wconf 90' lang='lat' dir='ltr'><strong>dativum</strong></span> 
     </span>
    </p>

    <p class='ocr_par' dir='ltr' id='par_1_5' title="bbox 51 1976 1341 2161">
     <span class='ocr_line' id='line_1_17' title="bbox 51 1976 1341 2058; baseline 0.005 -26"><span class='ocrx_word' id='word_1_139' title='bbox 51 1985 100 2036; x_wconf 82' lang='lat' dir='ltr'><strong>nrt</strong></span> <span class='ocrx_word' id='word_1_140' title='bbox 116 1981 322 2048; x_wconf 85' lang='lat' dir='ltr'><strong>accusativum,</strong></span> <span class='ocrx_word' id='word_1_141' title='bbox 350 1977 453 2039; x_wconf 92' lang='lat' dir='ltr'><strong>inludo</strong></span> <span class='ocrx_word' id='word_1_142' title='bbox 481 1984 580 2058; x_wconf 91' lang='lat' dir='ltr'><strong>capto,</strong></span> <span class='ocrx_word' id='word_1_143' title='bbox 609 1977 711 2038; x_wconf 93' lang='lat' dir='ltr'><strong>inludo</strong></span> <span class='ocrx_word' id='word_1_144' title='bbox 740 1985 873 2057; x_wconf 91' lang='lat' dir='ltr'><strong>captum;</strong></span> <span class='ocrx_word' id='word_1_145' title='bbox 896 1978 1097 2038; x_wconf 87' lang='lat' dir='ltr'><strong>accusativum</strong></span> <span class='ocrx_word' id='word_1_146' title='bbox 1119 1983 1149 2037; x_wconf 90' lang='lat' dir='ltr'><strong>et</strong></span> <span class='ocrx_word' id='word_1_147' title='bbox 1171 1976 1341 2047; x_wconf 88' lang='lat' dir='ltr'><strong>ablativum,</strong></span> 
     </span>
     <span class='ocr_line' id='line_1_18' title="bbox 78 2081 679 2161; baseline 0.003 -23"><span class='ocrx_word' id='word_1_148' title='bbox 78 2098 177 2140; x_wconf 87' lang='lat' dir='ltr'><strong>aversor</strong></span> <span class='ocrx_word' id='word_1_149' title='bbox 197 2099 213 2140; x_wconf 94' lang='lat' dir='ltr'><strong>a</strong></span> <span class='ocrx_word' id='word_1_150' title='bbox 236 2081 405 2161; x_wconf 90' lang='lat' dir='ltr'><strong>petulante,</strong></span> <span class='ocrx_word' id='word_1_151' title='bbox 429 2099 550 2142; x_wconf 88' lang='lat' dir='ltr'><strong>aversor</strong></span> <span class='ocrx_word' id='word_1_152' title='bbox 571 2081 679 2140; x_wconf 81' lang='lat' dir='ltr'><strong>lontcs</strong></span> 
     </span>
    </p>
   </div>
   <div class='ocr_carea' id='block_1_4' title="bbox 79 2318 1346 2876">
    <p class='ocr_par' dir='ltr' id='par_1_6' title="bbox 79 2318 1346 2876">
     <span class='ocr_line' id='line_1_19' title="bbox 131 2318 1343 2386; baseline 0.001 -18"><span class='ocrx_word' id='word_1_153' title='bbox 131 2321 238 2370; x_wconf 86' lang='lat' dir='ltr'><strong>lnoceo</strong></span> <span class='ocrx_word' id='word_1_154' title='bbox 257 2319 372 2370; x_wconf 83' lang='lat' dir='ltr'><strong>aduersis</strong></span> <span class='ocrx_word' id='word_1_155' title='bbox 390 2333 466 2386; x_wconf 87' lang='lat' dir='ltr'><strong>parco</strong></span> <span class='ocrx_word' id='word_1_156' title='bbox 480 2321 571 2370; x_wconf 89' lang='lat' dir='ltr'><strong>uicinia</strong></span> <span class='ocrx_word' id='word_1_157' title='bbox 587 2319 620 2368; x_wconf 89' lang='lat' dir='ltr'><em>M</em></span> <span class='ocrx_word' id='word_1_158' title='bbox 687 2318 789 2371; x_wconf 77' lang='lat' dir='ltr'><strong>erineo</strong></span> <span class='ocrx_word' id='word_1_159' title='bbox 809 2319 913 2369; x_wconf 86' lang='lat' dir='ltr'><strong>stultum</strong></span> <span class='ocrx_word' id='word_1_160' title='bbox 931 2318 1046 2382; x_wconf 87' lang='lat' dir='ltr'><strong>(ablatiui</strong></span> <span class='ocrx_word' id='word_1_161' title='bbox 1066 2345 1099 2354; x_wconf 93' lang='lat'>-</span> <span class='ocrx_word' id='word_1_162' title='bbox 1117 2318 1226 2367; x_wconf 79' lang='lat' dir='ltr'><strong>inimicis</strong></span> <span class='ocrx_word' id='word_1_163' title='bbox 1244 2319 1305 2371; x_wconf 81' lang='lat' dir='ltr'><strong>add.</strong></span> <span class='ocrx_word' id='word_1_164' title='bbox 1321 2336 1343 2369; x_wconf 79' lang='lat' dir='ltr'><strong>oc</strong></span> 
     </span>
     <span class='ocr_line' id='line_1_20' title="bbox 79 2387 1274 2454; baseline 0 -18"><span class='ocrx_word' id='word_1_165' title='bbox 79 2390 190 2454; x_wconf 75' lang='lat' dir='ltr'><strong>ianarp.)</strong></span> <span class='ocrx_word' id='word_1_166' title='bbox 212 2391 364 2440; x_wconf 76' lang='lat' dir='ltr'><strong>accusemini</strong></span> <span class='ocrx_word' id='word_1_167' title='bbox 382 2401 405 2438; x_wconf 84' lang='lat' dir='ltr'><strong>et</strong></span> <span class='ocrx_word' id='word_1_168' title='bbox 424 2391 503 2440; x_wconf 85' lang='lat' dir='ltr'><strong>datlui</strong></span> <span class='ocrx_word' id='word_1_169' title='bbox 527 2405 601 2439; x_wconf 84' lang='lat' dir='ltr'><strong>casua</strong></span> <span class='ocrx_word' id='word_1_170' title='bbox 624 2388 738 2439; x_wconf 87' lang='lat' dir='ltr'><strong>inludere</strong></span> <span class='ocrx_word' id='word_1_171' title='bbox 760 2397 834 2454; x_wconf 85' lang='lat' dir='ltr'><strong>copto</strong></span> <span class='ocrx_word' id='word_1_172' title='bbox 855 2388 969 2438; x_wconf 85' lang='lat' dir='ltr'><strong>inludere</strong></span> <span class='ocrx_word' id='word_1_173' title='bbox 988 2398 1098 2454; x_wconf 86' lang='lat' dir='ltr'><strong>captum.</strong></span> <span class='ocrx_word' id='word_1_174' title='bbox 1118 2388 1226 2454; x_wconf 85' lang='lat' dir='ltr'><strong>Septimi</strong></span> <span class='ocrx_word' id='word_1_175' title='bbox 1244 2387 1274 2436; x_wconf 91' lang='lat' dir='ltr'><em>M</em></span> 
     </span>
     <span class='ocr_line' id='line_1_21' title="bbox 80 2457 1346 2524; baseline 0 -18"><span class='ocrx_word' id='word_1_176' title='bbox 80 2459 173 2524; x_wconf 84' lang='lat' dir='ltr'><strong>discrepo</strong></span> <span class='ocrx_word' id='word_1_177' title='bbox 188 2487 221 2497; x_wconf 96' lang='lat'>—</span> <span class='ocrx_word' id='word_1_178' title='bbox 234 2463 249 2510; x_wconf 75' lang='lat'><strong>‘1</strong></span> <span class='ocrx_word' id='word_1_179' title='bbox 262 2460 372 2508; x_wconf 83' lang='lat' dir='ltr'><strong>inimicis</strong></span> <span class='ocrx_word' id='word_1_180' title='bbox 387 2473 432 2509; x_wconf 85' lang='lat' dir='ltr'><strong>om.</strong></span> <span class='ocrx_word' id='word_1_181' title='bbox 447 2461 468 2509; x_wconf 89' lang='lat' dir='ltr'>B</span> <span class='ocrx_word' id='word_1_182' title='bbox 534 2459 549 2508; x_wconf 85' lang='grc'><strong>7</strong></span> <span class='ocrx_word' id='word_1_183' title='bbox 569 2466 669 2508; x_wconf 83' lang='lat' dir='ltr'><strong>ouertor</strong></span> <span class='ocrx_word' id='word_1_184' title='bbox 684 2460 827 2524; x_wconf 82' lang='lat' dir='ltr'><strong>epetulante</strong></span> <span class='ocrx_word' id='word_1_185' title='bbox 846 2459 876 2510; x_wconf 90' lang='lat' dir='ltr'><em>M</em></span> <span class='ocrx_word' id='word_1_186' title='bbox 884 2460 907 2509; x_wconf 83' lang='lat' dir='ltr'><em>L</em></span> <span class='ocrx_word' id='word_1_187' title='bbox 920 2474 1025 2509; x_wconf 80' lang='lat' dir='ltr'><strong>auemor</strong></span> <span class='ocrx_word' id='word_1_188' title='bbox 1040 2473 1056 2507; x_wconf 92' lang='lat' dir='ltr'><strong>a</strong></span> <span class='ocrx_word' id='word_1_189' title='bbox 1071 2457 1199 2522; x_wconf 86' lang='lat' dir='ltr'><strong>petulante</strong></span> <span class='ocrx_word' id='word_1_190' title='bbox 1207 2457 1346 2508; x_wconf 59' lang='lat' dir='ltr'><strong>Sudardm</strong></span> 
     </span>
     <span class='ocr_line' id='line_1_22' title="bbox 80 2527 1344 2593; baseline 0 -17"><span class='ocrx_word' id='word_1_191' title='bbox 80 2529 261 2580; x_wconf 74' lang='lat' dir='ltr'><strong>ddisscntioalr</strong></span> <span class='ocrx_word' id='word_1_192' title='bbox 278 2530 417 2592; x_wconf 84' lang='lat' dir='ltr'><strong>iniqnisL</strong></span> <span class='ocrx_word' id='word_1_193' title='bbox 503 2545 602 2593; x_wconf 85' lang='lat' dir='ltr'><strong>qunque</strong></span> <span class='ocrx_word' id='word_1_194' title='bbox 620 2544 666 2581; x_wconf 87' lang='lat' dir='ltr'><strong>om.</strong></span> <span class='ocrx_word' id='word_1_195' title='bbox 686 2529 746 2579; x_wconf 88' lang='lat' dir='ltr'><strong>ML</strong></span> <span class='ocrx_word' id='word_1_196' title='bbox 832 2528 1041 2581; x_wconf 80' lang='lat' dir='ltr'><strong>liimornrnicia</strong></span> <span class='ocrx_word' id='word_1_197' title='bbox 1058 2527 1084 2577; x_wconf 88' lang='lat' dir='ltr'><em>B</em></span> <span class='ocrx_word' id='word_1_198' title='bbox 1171 2529 1202 2580; x_wconf 94' lang='lat' dir='ltr'><strong>ll</strong></span> <span class='ocrx_word' id='word_1_199' title='bbox 1220 2527 1344 2578; x_wconf 88' lang='lat' dir='ltr'><strong>interdico</strong></span> 
     </span>
     <span class='ocr_line' id='line_1_23' title="bbox 81 2597 1344 2666; baseline -0.001 -21"><span class='ocrx_word' id='word_1_200' title='bbox 81 2597 151 2648; x_wconf 80' lang='lat' dir='ltr'><strong>amicis</strong></span> <span class='ocrx_word' id='word_1_201' title='bbox 169 2599 198 2649; x_wconf 91' lang='lat' dir='ltr'><em>M</em></span> <span class='ocrx_word' id='word_1_202' title='bbox 283 2599 317 2650; x_wconf 82' lang='lat'><strong>14</strong></span> <span class='ocrx_word' id='word_1_203' title='bbox 331 2599 445 2648; x_wconf 86' lang='lat' dir='ltr'><strong>datiuum</strong></span> <span class='ocrx_word' id='word_1_204' title='bbox 462 2607 612 2666; x_wconf 88' lang='lat' dir='ltr'><strong>-captum</strong></span> <span class='ocrx_word' id='word_1_205' title='bbox 631 2601 677 2650; x_wconf 82' lang='lat' dir='ltr'><strong>doe</strong></span> <span class='ocrx_word' id='word_1_206' title='bbox 696 2601 750 2649; x_wconf 87' lang='lat' dir='ltr'><strong>loco</strong></span> <span class='ocrx_word' id='word_1_207' title='bbox 768 2613 814 2650; x_wconf 83' lang='lat' dir='ltr'><strong>om.</strong></span> <span class='ocrx_word' id='word_1_208' title='bbox 834 2598 868 2647; x_wconf 94' lang='lat' dir='ltr'><em>M</em></span> <span class='ocrx_word' id='word_1_209' title='bbox 953 2599 986 2649; x_wconf 77' lang='grc'><strong>15</strong></span> <span class='ocrx_word' id='word_1_210' title='bbox 1003 2597 1120 2648; x_wconf 86' lang='lat' dir='ltr'><strong>inludere</strong></span> <span class='ocrx_word' id='word_1_211' title='bbox 1137 2609 1211 2664; x_wconf 79' lang='lat' dir='ltr'><strong>rapto</strong></span> <span class='ocrx_word' id='word_1_212' title='bbox 1231 2597 1344 2648; x_wconf 83' lang='lat' dir='ltr'><strong>inludere</strong></span> 
     </span>
     <span class='ocr_line' id='line_1_24' title="bbox 81 2668 1345 2732; baseline 0 -18"><span class='ocrx_word' id='word_1_213' title='bbox 81 2677 161 2732; x_wconf 80' lang='lat' dir='ltr'><strong>mptum</strong></span> <span class='ocrx_word' id='word_1_214' title='bbox 178 2668 230 2719; x_wconf 80' lang='lat' dir='ltr'><strong>Bc</strong></span> <span class='ocrx_word' id='word_1_215' title='bbox 292 2669 444 2719; x_wconf 86' lang='lat' dir='ltr'><strong>accussatiui</strong></span> <span class='ocrx_word' id='word_1_216' title='bbox 459 2677 483 2718; x_wconf 89' lang='lat' dir='ltr'><strong>et</strong></span> <span class='ocrx_word' id='word_1_217' title='bbox 501 2669 607 2719; x_wconf 87' lang='lat' dir='ltr'><strong>ablatiui</strong></span> <span class='ocrx_word' id='word_1_218' title='bbox 626 2683 701 2720; x_wconf 82' lang='lat' dir='ltr'><strong>casus</strong></span> <span class='ocrx_word' id='word_1_219' title='bbox 720 2670 797 2718; x_wconf 88' lang='lat' dir='ltr'><strong>uerba</strong></span> <span class='ocrx_word' id='word_1_220' title='bbox 816 2669 878 2719; x_wconf 83' lang='lat' dir='ltr'><strong>haec</strong></span> <span class='ocrx_word' id='word_1_221' title='bbox 895 2678 953 2718; x_wconf 85' lang='lat' dir='ltr'><strong>aunt</strong></span> <span class='ocrx_word' id='word_1_222' title='bbox 968 2676 1069 2719; x_wconf 86' lang='lat' dir='ltr'><strong>auertor</strong></span> <span class='ocrx_word' id='word_1_223' title='bbox 1084 2669 1227 2732; x_wconf 84' lang='lat' dir='ltr'><strong>epetulante</strong></span> <span class='ocrx_word' id='word_1_224' title='bbox 1244 2675 1345 2719; x_wconf 74' lang='lat' dir='ltr'><strong>euenor</strong></span> 
     </span>
     <span class='ocr_line' id='line_1_25' title="bbox 82 2735 1345 2804; baseline 0.002 -21"><span class='ocrx_word' id='word_1_225' title='bbox 82 2735 155 2790; x_wconf 84' lang='lat' dir='ltr'><strong>tontes.</strong></span> <span class='ocrx_word' id='word_1_226' title='bbox 168 2739 270 2804; x_wconf 79' lang='lat' dir='ltr'><strong>explicit</strong></span> <span class='ocrx_word' id='word_1_227' title='bbox 282 2739 315 2788; x_wconf 91' lang='lat' dir='ltr'><em>M</em></span> <span class='ocrx_word' id='word_1_228' title='bbox 330 2740 469 2790; x_wconf 77' lang='lat' dir='ltr'><strong>accusarint</strong></span> <span class='ocrx_word' id='word_1_229' title='bbox 483 2751 507 2788; x_wconf 85' lang='lat' dir='ltr'><strong>et</strong></span> <span class='ocrx_word' id='word_1_230' title='bbox 525 2739 629 2790; x_wconf 84' lang='lat' dir='ltr'><strong>ablatiui</strong></span> <span class='ocrx_word' id='word_1_231' title='bbox 650 2748 761 2790; x_wconf 84' lang='lat' dir='ltr'><strong>auertor.</strong></span> <span class='ocrx_word' id='word_1_232' title='bbox 782 2755 812 2788; x_wconf 87' lang='lat' dir='ltr'><strong>aa</strong></span> <span class='ocrx_word' id='word_1_233' title='bbox 830 2739 960 2804; x_wconf 84' lang='lat' dir='ltr'><strong>petulante</strong></span> <span class='ocrx_word' id='word_1_234' title='bbox 977 2747 1079 2789; x_wconf 88' lang='lat' dir='ltr'><strong>auertor</strong></span> <span class='ocrx_word' id='word_1_235' title='bbox 1096 2737 1188 2791; x_wconf 85' lang='lat' dir='ltr'><strong>lentes.</strong></span> <span class='ocrx_word' id='word_1_236' title='bbox 1209 2737 1299 2804; x_wconf 74' lang='lat' dir='ltr'><strong>explic</strong></span> <span class='ocrx_word' id='word_1_237' title='bbox 1313 2738 1345 2786; x_wconf 88' lang='lat' dir='ltr'><strong>de</strong></span> 
     </span>
     <span class='ocr_line' id='line_1_26' title="bbox 82 2807 1138 2876; baseline 0.003 -22"><span class='ocrx_word' id='word_1_238' title='bbox 82 2809 151 2860; x_wconf 82' lang='lat' dir='ltr'><strong>nerto.</strong></span> <span class='ocrx_word' id='word_1_239' title='bbox 167 2809 200 2859; x_wconf 82' lang='lat' dir='ltr'><strong>lie</strong></span> <span class='ocrx_word' id='word_1_240' title='bbox 217 2809 404 2875; x_wconf 81' lang='lat' dir='ltr'><strong>pronomineh</strong></span> <span class='ocrx_word' id='word_1_241' title='bbox 475 2809 507 2860; x_wconf 82' lang='lat'><strong>16</strong></span> <span class='ocrx_word' id='word_1_242' title='bbox 525 2823 630 2860; x_wconf 83' lang='lat' dir='ltr'><strong>euersor</strong></span> <span class='ocrx_word' id='word_1_243' title='bbox 647 2817 755 2876; x_wconf 81' lang='lat' dir='ltr'><strong>atroque</strong></span> <span class='ocrx_word' id='word_1_244' title='bbox 770 2813 825 2862; x_wconf 90' lang='lat' dir='ltr'><strong>loco</strong></span> <span class='ocrx_word' id='word_1_245' title='bbox 837 2807 977 2860; x_wconf 82' lang='lat' dir='ltr'><strong>Siclordur</strong></span> <span class='ocrx_word' id='word_1_246' title='bbox 996 2817 1096 2857; x_wconf 83' lang='lat' dir='ltr'><strong>anertor</strong></span> <span class='ocrx_word' id='word_1_247' title='bbox 1112 2807 1138 2857; x_wconf 88' lang='lat' dir='ltr'><em>B</em></span> 
     </span>
    </p>
   </div>
   <div class='ocr_carea' id='block_1_5' title="bbox 0 0 1689 5442">
    <p class='ocr_par' dir='ltr' id='par_1_7' title="bbox 0 0 1689 5442">
     <span class='ocr_line' id='line_1_27' title="bbox 0 0 1689 5442; baseline 0 0"><span class='ocrx_word' id='word_1_248' title='bbox 0 0 1689 5442; x_wconf 95' lang='lat' dir='ltr'><strong> </strong></span> 
     </span>
    </p>
   </div>
  </div>
 </body>
</html>
