3350 5442
286 313 350 380 250
860 316 1013 380 rotund

312 439 334 480 p.
348 428 436 468 uxr-ra
449 425 471 466 x.

287 505 381 576 multi,
404 506 527 568 manius.
572 505 641 582 quid
666 523 738 584 ergo
763 505 889 567 dicimus
910 507 941 565 iu
964 507 1028 566 istis
1050 506 1237 568 nominibus?
1259 505 1340 568 unde
1361 512 1485 586 apparet
1506 522 1580 584 quo·

287 610 365 670 niam
388 607 582 670 soloecismus
613 609 674 668 esti
711 609 809 686 primo
840 609 978 687 quoniam
1006 627 1094 668 mane
1120 627 1180 668 non
1207 603 1315 685 recipit
1338 609 1580 687 conparationem

286 713 410 772 manius.
457 728 543 771 mane
564 710 672 771 dicitur
695 712 874 772 matutinum
897 717 1023 791 tempus.
1068 729 1154 772 mane
1178 717 1303 771 tractum
1327 718 1372 771 est
1394 709 1431 770 ab
1453 707 1511 770 illis
1532 728 1580 770 re·

286 813 354 882 bus,
386 830 488 874 manes
515 811 654 874 dicuutur
683 811 712 873 di
741 814 827 874 etlusi
856 831 910 894 per
938 820 1033 873 totum
1063 811 1146 894 [nam
1175 814 1219 874 sic
1245 812 1442 874 definiverunt
1463 813 1581 890 penitus

287 918 338 994 qui
360 923 560 976 tractaverunt
582 915 619 976 de
641 917 704 976 istis
726 915 827 986 rebus
852 933 955 976 manes
978 914 1117 976 dicuntur
1131 915 1172 976 dii
1187 916 1274 976 eliusi
1294 933 1350 996 per
1364 911 1486 995 totum].
1510 924 1606 993 putas

286 1019 392 1098 quiin
416 1027 496 1080 terra
520 1037 585 1080 esse
607 1027 748 1098 possunt,
773 1019 823 1095 qui
851 1019 881 1078 in
904 1023 975 1078 aere
1001 1035 1066 1078 esse
1088 1026 1227 1097 possunt,
1250 1020 1353 1097 quiin
1375 1017 1467 1078 caelo.
1512 1035 1581 1076 nam

286 1118 398 1181 idcirco
420 1137 541 1180 manare
564 1120 703 1190 dicimus,
727 1119 870 1200 quicquid
892 1118 988 1180 ellluit
1008 1138 1063 1199 per
1085 1127 1196 1190 totum,
1219 1128 1288 1200 puta
1312 1125 1430 1180 ‘manat
1451 1123 1580 1186 sermo’,

286 1226 404 1282 ‘manat
426 1221 562 1283 tluvius'.
609 1230 791 1300 usurpantur
813 1224 878 1283 ista.
925 1237 996 1298 ergo
1026 1225 1166 1302 quoniam
1194 1222 1258 1283 dies
1280 1229 1353 1283 tunc
1374 1223 1504 1300 primunr
1527 1237 1583 1298 per

285 1333 381 1386 totum
410 1325 518 1393 effluit,
553 1322 671 1403 quaudo
701 1325 849 1393 nascitur,
881 1321 1046 1403 appellatur
1069 1342 1171 1396 mane,
1194 1327 1279 1405 quasi
1308 1321 1386 1402 quod
1411 1329 1530 1384 emanet
1550 1327 1583 1380 et

286 1427 395 1488 elssuat.
441 1429 466 1488 si
493 1425 563 1487 inde
585 1424 675 1486 habet
697 1424 920 1505 etymologiam,
951 1443 1012 1486 non
1041 1434 1140 1506 potest
1167 1429 1302 1506 recipere
1323 1427 1580 1505 conparationem.
1596 1440 1620 1478 ro

286 1529 414 1591 diximus
437 1530 515 1589 euim
539 1547 573 1588 ea
595 1526 734 1589 adverbia
755 1529 893 1607 recipere
915 1531 1172 1608 conparationem,
1197 1545 1272 1605 quae
1299 1527 1444 1605 originem
1468 1525 1585 1587 ducunt

286 1649 301 1691 a
326 1631 495 1692 nominibus
517 1629 730 1709 recipientibus
752 1632 1003 1708 conparationem.
1034 1633 1094 1691 sive
1117 1649 1133 1691 a
1155 1629 1303 1691 manando
1324 1630 1385 1690 sire
1406 1647 1424 1689 a
1445 1627 1584 1690 manibus

285 1731 396 1794 dictum
427 1731 553 1794 volueris
581 1751 683 1801 mane,
718 1732 778 1792 sire
808 1731 880 1794 illud
908 1735 969 1793 sive
996 1731 1084 1799 illud,
1119 1736 1179 1793 non
1201 1733 1307 1810 recipit
1328 1731 1584 1810 conparationem.

287 1854 359 1914 ergo
382 1837 498 1897 manius
526 1853 613 1896 nemo
636 1834 716 1896 dicit.
761 1833 832 1913 quid
856 1836 948 1913 ergo?
971 1853 1040 1895 cum
1068 1851 1144 1912 opus
1165 1835 1257 1894 luerit
1278 1833 1334 1893 hac
1356 1833 1584 1912 significatione,

286 1938 356 2016 qrrid
378 1938 541 1999 iaciemus?
572 1937 608 1997 ad
631 1935 796 2015 augendam
819 1937 1063 2014 significationem
1092 1938 1241 2011 iungimus
1269 1935 1362 2013 magis
1391 1944 1421 1997 et
1443 1936 1582 2001 maxime,
1597 1947 1622 1990 n

286 2040 321 2102 ad
345 2039 534 2101 minuendam
558 2041 656 2100 minus
679 2047 709 2098 et
731 2039 863 2099 minime.
909 2047 978 2119 puta
1001 2038 1121 2108 Cicero,
1144 2039 1190 2099 lac
1211 2035 1215 2120 Ι
1234 2037 1305 2099 inde
1327 2036 1510 2105 adverbium,
1533 2037 1582 2098 Ci-

285 2145 457 2212 ceruniane;
481 2141 595 2202 Tullius
616 2139 760 2201 Tulliano.
805 2157 878 2217 ergo
899 2148 969 2201 sunt
991 2139 1131 2202 adverbia
1153 2159 1230 2221 quae
1251 2142 1496 2220 conparationem
1520 2156 1585 2198 non

285 2248 443 2324 recipiunt,
467 2243 519 2304 sed
542 2250 630 2321 egent
651 2243 869 2320 significatione
891 2243 1123 2322 conparationis.
1168 2244 1239 2320 quid
1263 2260 1335 2322 ergo
1356 2242 1520 2303 iaciemus?
1543 2241 1585 2300 ita

286 2345 430 2408 dehemus
452 2344 549 2423 loqui,
572 2351 644 2423 puta
667 2345 742 2404 ‘iste
759 2342 894 2404 Tulliano
915 2341 1081 2424 loquitur’;
1105 2353 1150 2406 est
1171 2343 1247 2406 alter
1268 2346 1319 2424 qui
1342 2343 1424 2405 valde
1446 2341 1587 2405 Tulliane

285 2449 432 2527 loquatur,
457 2447 523 2508 dico
546 2447 658 2522 ‘magis
673 2445 810 2507 Tulliana
832 2445 993 2525 loquitur';
1016 2449 1057 2508 ite
1071 2447 1178 2509 malter
1191 2448 1242 2526 qui
1261 2446 1343 2527 plus,
1367 2443 1464 2506 debeo
1480 2445 1585 2506 dicere
1599 2459 1625 2498 ²⁰

286 2553 429 2612 ‘maxime
452 2549 587 2610 Tulliano
608 2549 769 2628 loquitur’,
794 2558 827 2610 ut
849 2547 906 2610 hoc
929 2547 1037 2612 iaciant
1058 2550 1113 2610 ista
1136 2551 1291 2610 coniuncta
1314 2547 1471 2619 adverbia,
1502 2547 1587 2626 quod

285 2654 361 2716 solet
386 2653 484 2714 lacere
512 2653 717 2732 conparativus
747 2659 776 2712 et
811 2650 1019 2730 superlativus.
1063 2661 1135 2730 puta
1162 2650 1213 2713 ille
1240 2669 1327 2714 mane
1353 2651 1447 2720 veuit;
1480 2651 1587 2711 nescio

285 2757 335 2835 qui
357 2757 502 2817 maturius
524 2756 611 2824 venit,
637 2752 781 2815 debemus
803 2753 905 2814 dicere
928 2755 1032 2832 ‘magis
1052 2756 1166 2824 mane’;
1190 2756 1260 2816 item
1283 2754 1359 2816 alter
1380 2753 1588 2813 maturissime

285 2859 380 2928 venit,
416 2855 557 2917 debemus
586 2855 688 2916 dicere
716 2857 861 2916 ‘maxime
889 2873 977 2916 mane
1005 2858 1113 2918 venit'.
1158 2865 1208 2918 aut
1235 2863 1317 2916 certe
1339 2859 1444 2918 ‘mane
1467 2855 1587 2922 veuit’;

287 2959 402 3020 tardius
423 2959 524 3020 nescio
548 2959 599 3036 qui
622 2958 708 3027 venit,
734 2945 877 3019 debemus
899 2957 999 3020 dicere
1022 2960 1139 3020 ‘minus
1160 2974 1248 3019 mane
1270 2957 1385 3025 venit’;
1412 2956 1484 3017 item
1507 2954 1588 3016 alter
1601 2970 1627 3009 ²⁵

286 3060 455 3122 tardissime
478 3061 570 3120 venit:
610 3059 681 3138 quid
705 3059 849 3120 dehemus
872 3059 990 3122 dicere?
1027 3063 1168 3122 ‘minime
1189 3078 1277 3121 mane
1298 3060 1408 3120 venit'.
1452 3051 1525 3136 ergo
1551 3075 1588 3118 ea

287 3161 434 3231 adverbia.
457 3162 486 3221 in
509 3160 619 3242 quibus
643 3180 702 3222 non
726 3179 886 3240 possumus
907 3163 1041 3224 invenire
1064 3163 1315 3243 conparationem,
1338 3167 1370 3221 ut
1392 3161 1510 3240 possint
1531 3159 1589 3220 ha·

287 3265 359 3326 bere
388 3263 432 3324 vel
459 3265 706 3342 significationem
737 3267 971 3344 cooperationis,
1006 3265 1116 3326 debent
1141 3266 1196 3325 ista
1224 3262 1337 3324 hahere
1364 3261 1518 3331 adverbia,
1555 3261 1587 3321 id

288 3376 333 3429 est
355 3368 448 3444 magis
472 3374 501 3426 et
516 3367 643 3427 maxime
673 3365 708 3426 ad
732 3367 911 3444 augendum,
935 3365 980 3428 vel
1002 3368 1046 3427 od
1065 3365 1258 3428 minuendum
1277 3364 1375 3426 minus
1397 3372 1427 3426 et
1448 3366 1587 3425 minime.

373 3469 478 3530 [locuit
501 3475 529 3528 et
553 3469 671 3528 nomina
695 3487 760 3530 esse
783 3469 955 3531 diminutiva
983 3477 1013 3529 et
1034 3468 1171 3530 adverbia
1195 3486 1211 3528 a
1233 3467 1358 3546 positivo
1386 3474 1417 3527 et
1438 3483 1586 3546 conpara·
1603 3479 1629 3520 ao

288 3573 356 3641 tivo,
381 3589 396 3630 a
419 3571 544 3650 positivo
567 3571 697 3650 primum
720 3571 891 3650 primulum,
916 3590 932 3633 a
955 3574 1143 3651 conparaueo
1165 3571 1282 3648 longius
1303 3567 1503 3647 longiuscule:

439 3689 510 3732 non
533 3675 606 3733 scis
629 3672 714 3733 hinc
736 3672 889 3752 longule
912 3675 1012 3734 esset
1043 3682 1080 3735 et
1101 3674 1201 3735 nosti
1223 3688 1344 3732 mores
1367 3669 1587 3731 mulierum:

441 3773 521 3834 dum
544 3775 764 3846 moliuntur,
788 3775 869 3836 dum
893 3783 1091 3846 conantur,
1115 3793 1232 3837 annus
1255 3783 1320 3835 est

289 3893 359 3956 ergo
382 3877 497 3937 invenis
520 3877 675 3955 apositiro
698 3877 905 3939 diminutivum
929 3880 1056 3957 primurn
1079 3876 1250 3958 primulum,
1274 3895 1290 3937 a
1313 3875 1504 3955 conparativo
1518 3873 1590 3936 lon·

289 3982 353 4059 gius
377 3977 590 4055 longiusculee
614 3997 630 4038 a
654 3978 831 4059 superlativo
855 3988 906 4040 aut
928 3980 1007 4042 nulla
1031 3979 1166 4059 exempla
1187 3987 1238 4041 aut
1260 3995 1327 4040 rara
1349 3984 1428 4039 sunt.
1603 3986 1632 4028 ³⁵

170 4095 275 4156 tunae
373 4079 437 4140 lloo
459 4081 538 4158 quod
568 4069 638 4141 dicit
667 4080 830 4142 tenendum
860 4080 947 4142 nobis
971 4090 1015 4143 est
1036 4081 1178 4143 fideliter:
1215 4083 1312 4142 omnis
1339 4098 1409 4159 pars
1431 4080 1589 4148 orationis,

288 4201 357 4244 cum
380 4182 503 4243 desierit
526 4199 591 4242 esse
614 4182 692 4261 quod
717 4190 771 4252 est,
795 4182 968 4244 adverbium
990 4182 1070 4246 iacit.
1112 4192 1183 4264 puta
1206 4201 1316 4245 nomen
1338 4188 1389 4244 aut
1409 4198 1523 4243 nomon
1541 4191 1592 4242 est

359 4403 544 4455 IdicemusC
629 4406 723 4454 ‘trram
742 4405 779 4452 sic
796 4431 829 4440 -
849 4419 894 4471 per
917 4412 997 4454 totum
1016 4420 1062 4458 om.
1082 4405 1116 4466 B,
1135 4408 1257 4469 inmarg.
1278 4405 1338 4454 add.
1358 4405 1430 4456 aiu
1447 4402 1472 4452 A
1488 4418 1591 4469 quoque

287 4475 344 4524 olim
362 4476 453 4524 ortissu
469 4475 663 4537 emendentur,
682 4479 707 4526 in
726 4474 867 4540 quotiaco,
886 4489 975 4524 manes
994 4476 1112 4526 dicuutur
1127 4503 1159 4512 -
1180 4477 1195 4525 1
1212 4490 1316 4526 manare
1337 4475 1447 4525 dicimus
1463 4475 1501 4526 ol.
1518 4491 1589 4525 mou.

288 4547 314 4594 in
328 4545 406 4593 lituro
425 4547 523 4608 scripta
540 4553 598 4596 eunt
670 4547 700 4596 15
720 4545 852 4610 iungimus
869 4561 915 4598 om.
937 4546 1020 4597 ABG
1088 4547 1118 4596 21
1136 4547 1247 4596 maxime
1262 4545 1367 4595 tuitione
1381 4545 1495 4609 loqueris
1513 4545 1592 4594 Aac

315 4637 318 4642 >
359 4616 391 4663 25
411 4613 488 4664 debes
506 4615 591 4665 dicere
605 4617 688 4666 minus
706 4615 759 4664 Ac
838 4615 871 4665 28
885 4615 962 4665 debes
980 4616 1130 4668 isteABG
1209 4617 1243 4667 29
1260 4616 1299 4666 uel
1316 4614 1483 4666 minuendum
1501 4614 1594 4667 ABG

359 4683 389 4734 31
411 4683 545 4748 primulum
561 4685 616 4734 AB
636 4685 743 4749 primule
762 4700 831 4736 corr.
853 4685 914 4733 -lum
934 4687 953 4735 G
971 4686 1079 4750 primule
1093 4687 1107 4736 d
1198 4685 1360 4752 longiuscule
1376 4684 1447 4734 Aoo
1466 4683 1591 4750 longius·

290 4751 373 4802 culum
392 4753 418 4803 B
486 4753 519 4804 32
542 4753 669 4821 nonscis]
696 4755 909 4808 Terent.Heout.
928 4757 989 4815 112,
1011 4755 1044 4806 10
1098 4756 1158 4807 lrinc
1171 4771 1240 4807 corr.
1261 4755 1302 4804 lrio
1320 4755 1345 4806 B
1414 4753 1592 4806 &eunuco

237 4849 241 4858 ·
291 4835 353 4872 anus
371 4824 395 4871 Α
415 4837 496 4872 annus
516 4825 566 4876 BC
636 4824 820 4892 :ltprimum
840 4827 894 4876 AB
913 4827 1020 4891 primule
1037 4824 1052 4874 d
