3350 5442
304 305 370 371 480
856 304 1040 369 HVTYCHIS

331 429 352 469 p·
367 415 490 458 raa-901.
1398 404 1576 462 1121228811.

306 498 391 558 cuius
419 497 612 575 participium
639 495 787 574 passivum
817 495 972 573 praeteriti
994 493 1139 572 temporis
1160 490 1284 553 Ovidius
1303 494 1337 552 iu
1357 489 1382 547 V
1403 486 1487 548 libro
1510 486 1599 548 laste

306 617 371 660 rum
394 592 530 680 refert!

453 697 657 778 Hippolyte
680 697 832 766 infelix,
857 697 990 758 vellem
1011 696 1180 758 coluisse
1202 695 1359 762 Dionen,

533 818 612 861 eum
635 802 892 860 consternatis
914 799 1150 879 deripereris
1171 799 1288 876 equis.

390 903 424 964 ln
452 921 490 982 po
517 900 607 962 verba
633 903 785 980 primitiva
812 900 858 961 vel
885 901 1047 963 derivativa
1074 901 1189 980 primae
1211 905 1281 959 sunt
1301 898 1539 976 coniugationis,
1564 904 1619 955 uls

215 1077 217 1080 ¹
306 1023 397 1084 crepo
419 1022 539 1084 crepas,
562 1003 701 1083 discrepo
723 1003 835 1082 dissipo
858 1003 946 1082 culpo
967 1021 1080 1081 usurpo
1107 1009 1195 1081 turpe
1215 1019 1354 1080 nuncupo
1376 1016 1493 1078 occupo
1516 1015 1599 1058 man-

308 1109 391 1186 cipo,
415 1106 554 1166 Horatius
577 1123 746 1166 sermonum
768 1104 847 1165 libro
868 1104 895 1164 ll

458 1207 651 1288 quaedam,
675 1208 706 1268 si
729 1206 857 1266 credis
878 1205 1076 1276 consultis,
1098 1206 1289 1286 mancipat
1309 1223 1415 1266 usus:
1508 1244 1515 1256 .

307 1312 457 1392 participo
478 1309 647 1390 participas,
671 1308 817 1389 anticipo,
841 1308 964 1371 Ovidius
985 1307 1264 1388 metamorphoseon
1286 1304 1364 1369 libro
1385 1305 1427 1365 Hl

460 1410 606 1473 tardius
628 1411 817 1480 exierant,
837 1410 903 1478 sed
926 1429 992 1491 per
1013 1409 1229 1490 compendia
1251 1409 1389 1469 montis
1608 1423 1628 1460 u

460 1514 669 1591 anticipata
691 1514 748 1572 via
771 1519 841 1573 est:
1651 1568 1652 1597 ,

308 1615 396 1697 palpo
424 1614 539 1695 palpas,
568 1612 646 1694 quod
674 1613 704 1673 in
732 1614 835 1676 eadem
864 1632 935 1675 voce
962 1622 1023 1675 tam
1049 1631 1157 1674 nomen
1182 1631 1272 1694 quam
1292 1611 1416 1673 verbum
1437 1611 1597 1689 significat
1651 1606 1652 1625 ²

309 1717 415 1777 tertiae
437 1734 531 1795 pauca
558 1716 708 1795 primitiva
735 1719 945 1795 reperiuntur,
973 1724 1005 1776 et
1025 1723 1094 1777 sunt
1114 1715 1206 1785 naec,
1227 1713 1327 1794 scalpo
1349 1713 1471 1794 scalpis,
1495 1713 1598 1791 sculpo

310 1816 436 1897 sculpis,
464 1835 555 1897 carpo
583 1836 656 1897 repo
684 1835 770 1896 serpo
798 1825 900 1898 strepo
927 1836 1050 1897 rumpo,
1080 1825 1111 1877 et
1137 1835 1213 1898 quac
1240 1835 1277 1878 ex
1298 1816 1347 1876 lris
1368 1820 1597 1895 componuntnr.
1651 1866 1652 1869 ,

310 1922 343 1980 in
364 1936 419 1998 por
441 1937 558 1999 quoque
588 1919 753 1980 desinentia
780 1920 947 1980 communia
976 1918 1021 1980 vel
1049 1919 1226 2000 deponentia
1247 1921 1362 1999 primae
1383 1926 1468 1987 sunt,
1494 1924 1529 1976 ut
1549 1930 1627 1976 auu

311 2038 404 2100 cupor
426 2021 593 2100 aucuparis.
616 2016 630 2102 ll
1651 2010 1652 2047 1

395 2121 429 2182 ln
455 2140 514 2202 quo
542 2122 587 2184 vel
614 2123 646 2183 in
673 2141 750 2203 quor
780 2123 931 2202 primitiva
953 2123 1088 2203 quidem,
1116 2141 1193 2203 quae
1215 2131 1246 2184 et
1266 2141 1361 2203 pauca
1382 2131 1466 2191 sunt,
1491 2120 1597 2180 tertiae

312 2230 400 2294 sunt,
430 2231 463 2284 ut
489 2223 589 2305 linquo
616 2224 741 2305 linquis,
770 2224 907 2305 relinquo
934 2225 1095 2304 relinquis,
1124 2223 1262 2304 delinquo
1289 2223 1455 2302 delinquis,
1477 2223 1597 2301 inquam

312 2325 470 2406 relinquo
492 2325 670 2387 defectivum
697 2327 810 2406 inquis,
840 2329 926 2387 cuius
952 2325 1098 2406 pluralem
1125 2326 1265 2387 Horatius
1292 2342 1465 2387 sermonum
1486 2323 1565 2385 libro
1586 2323 1597 2382 l

313 2429 425 2496 refert,
449 2429 651 2488 ‘communi
673 2446 786 2488 sensu
807 2428 918 2508 plane
941 2435 1056 2498 caret,
1086 2429 1309 2508 inquimus’,
1337 2436 1368 2488 et
1389 2427 1625 2505 imperativum

314 2529 471 2592 Terentius
493 2527 524 2589 in
539 2528 728 2600 Phormione,
753 2535 848 2591 ‘tum
870 2537 990 2590 antem
1011 2529 1122 2590 video
1143 2536 1287 2610 patrem
1308 2529 1429 2590 lilium
1451 2526 1494 2588 ab
1518 2545 1596 2587 sese

314 2624 491 2693 amittor'e
513 2633 686 2703 invitum,
709 2632 854 2713 inque',
883 2649 991 2712 sequor
1018 2633 1168 2712 sequeris,
1196 2632 1301 2712 loquor
1326 2631 1473 2711 loqueris,
1502 2628 1596 2708 liquor
1651 2610 1652 2623 ¹

314 2734 435 2814 liqueris
457 2733 609 2812 deponens
630 2735 727 2814 prima
743 2732 855 2813 syllaba
868 2734 1022 2814 producta,
1044 2740 1079 2793 ut
1093 2732 1233 2810 Virgilius
1254 2735 1286 2793 in
1307 2731 1321 2792 l
1342 2732 1420 2792 libro
1439 2733 1594 2809 georgicon

468 2852 554 2895 vere
577 2853 668 2895 novo
690 2835 840 2913 gelidus
862 2836 966 2896 canis
989 2853 1068 2896 cum
1090 2834 1281 2896 montibus
1302 2834 1431 2894 humor

448 2935 631 3015 liquitur
653 2944 689 2997 et
711 2923 873 3017 zophpro
894 2939 1020 3017 putris
1042 2955 1079 2996 se
1101 2935 1208 3014 gleba
1231 2936 1403 3006 resolvit,
1598 2949 1619 2988 ὅ
1651 2930 1652 3011 ᾗ

316 3039 451 3118 quamvis
482 3044 620 3099 neutrum
640 3027 716 3099 'sive
749 3041 876 3098 activum
907 3039 1020 3118 primae
1057 3038 1274 3117 coniugationis
1303 3038 1468 3107 invenitur,
1506 3036 1591 3116 prinu
1651 3048 1652 3087 t

319 3147 417 3200 tamen
440 3137 555 3219 syllaba,
575 3147 727 3221 correpta,
750 3140 832 3220 liquo
853 3139 964 3220 liquas,
988 3141 1087 3221 eliquo
1109 3138 1238 3221 eliquas,
1261 3140 1398 3200 Lucanus
1419 3137 1498 3198 libro
1518 3137 1564 3197 Vll
1651 3118 1652 3141 ¹

470 3243 639 3302 excussit
660 3244 801 3303 cristas
822 3241 941 3320 galeis
964 3240 1190 3322 capulosque
1213 3241 1350 3302 solutis
1373 3236 1378 3319 1

469 3342 640 3421 perfudit
661 3343 801 3422 gladiis
823 3351 1029 3424 ereptaque
1050 3343 1129 3423 pila
1151 3343 1326 3423 liquavit,
1651 3418 1653 3437 .

318 3443 440 3505 Persius
1594 3457 1615 3495 a
1651 3444 1652 3449 ’

470 3544 676 3625 Phyllidas,
699 3547 942 3629 Hypsipyles,
965 3552 1084 3609 vatum
1107 3553 1169 3606 aut
1189 3545 1375 3626 plorabile
1397 3543 1532 3624 siquid,
1651 3562 1652 3567 ¹

472 3646 632 3726 eliquat,
656 3667 695 3709 ac
718 3656 849 3709 tenero
872 3647 1092 3729 supplantat
1113 3647 1224 3709 verba
1245 3647 1388 3728 palato,
1458 3631 1461 3636 Α

320 3748 444 3810 Ovidius
465 3747 608 3809 fastorum
630 3748 708 3810 libro
730 3748 785 3811 llll

251 4043 253 4048 .
408 4003 421 4054 1
441 4002 564 4052 laetorum
584 4003 720 4066 (aupetw.
741 4003 817 4055 relert
835 4003 952 4070 hipoliite
969 4003 1058 4053 infelix
1077 4001 1163 4064 uellinr
1181 4003 1291 4053 eoloisae
1308 4004 1423 4065 dionem)
1442 4004 1495 4069 ipse
1511 4003 1580 4053 dioneo

321 4073 360 4123 B:
373 4071 475 4134 [actv
493 4072 545 4124 309
598 4072 777 4123 3uellemPt
795 4073 903 4137 uelimf
917 4075 1025 4130 dellens
1077 4073 1186 4138 diones
1198 4073 1317 4124 didonem
1330 4074 1368 4123 Pt
1420 4072 1580 4138 dderipereris

321 4143 347 4193 B
365 4141 495 4206 depereris
514 4142 539 4190 P
559 4142 677 4208 diriperis
699 4151 710 4193 t
729 4144 878 4208 deriperas
924 4144 1076 4209 timaucipo
1099 4157 1195 4209 occupo
1214 4143 1268 4193 BP
1320 4138 1580 4194 laermonnmlib,lt'

321 4220 346 4264 t.-
366 4213 439 4276 epiat.
459 4211 479 4260 ll
497 4211 589 4275 2,159
676 4212 693 4262 8
712 4214 870 4282 mancipatus
888 4229 950 4264 usare
969 4214 993 4262 P
1010 4213 1170 4278 mancipatus
1187 4221 1226 4263 est
1244 4227 1306 4263 nstra
1324 4221 1335 4262 t
1357 4209 1504 4277 mancipatis
1519 4211 1578 4272 (ωπ.

322 4279 387 4343 dns)
403 4281 504 4342 uiscus!
570 4279 666 4331 illibro
684 4279 728 4346 lli]
750 4281 793 4332 lib.
815 4283 834 4332 ll
853 4283 894 4332 Bt
911 4283 974 4333 libro
995 4283 1106 4334 seeundo
1123 4285 1164 4334 1³.-
1181 4291 1276 4336 metam,
1292 4283 1326 4332 lll
1343 4282 1395 4332 234
1465 4281 1497 4332 19
1512 4276 1578 4342 inquo]

323 4351 410 4411 inquio
429 4350 468 4401 P:
484 4350 518 4411 es.
539 4349 623 4403 Prisc.
642 4353 660 4403 1.
681 4349 705 4399 X
721 4366 748 4414 p.
768 4353 829 4408 495.
848 4354 881 4404 14
963 4367 1107 4404 sermonum
1127 4353 1191 4403 libro
1210 4350 1231 4419 l]
1254 4353 1280 4414 3,
1297 4351 1332 4402 uc
1417 4351 1453 4402 20
1468 4343 1579 4410 comneni]

322 4433 379 4470 cum
396 4421 422 4469 P
507 4419 538 4469 21
562 4420 586 4468 in
604 4419 766 4486 Phormione]
785 4423 807 4470 V
824 4421 856 4483 8,
874 4423 908 4472 25
995 4434 1092 4488 patrem
1110 4421 1188 4472 ctiam
1208 4423 1252 4486 Pf
1271 4421 1351 4472 tilium
1371 4429 1465 4487 patrem
1482 4429 1578 4485 epatren

322 4504 369 4539 om.
387 4487 413 4537 B
498 4489 532 4537 22
550 4489 667 4539 inuitiurn
686 4505 753 4541 corr.
774 4491 888 4541 inuidum
906 4492 931 4541 B
949 4492 1065 4542 iuuidum
1084 4494 1112 4554 tl
1196 4494 1230 4544 22
1247 4488 1340 4558 liquor]
1368 4491 1451 4545 Prisc,
1472 4493 1489 4544 t.
1507 4488 1579 4549 vlup.

323 4556 417 4620 398,3
487 4557 520 4608 23
539 4558 562 4606 in
581 4559 591 4606 l
610 4559 674 4610 libro
690 4559 792 4628 georg]
813 4577 834 4610 a.
851 4561 886 4612 43
955 4563 989 4611 27
1008 4563 1124 4612 Lucanus
1142 4562 1205 4613 libre
1225 4559 1283 4628 Vll]
1301 4579 1325 4612 n.
1344 4560 1395 4612 lau
1464 4561 1578 4622 idaeam·

324 4627 411 4690 lasqne
429 4627 525 4678 solutas
544 4628 569 4676 P
585 4629 754 4694 scapulasque
773 4630 864 4680 solutis
877 4632 895 4693 s
909 4631 1067 4696 capillosque
1083 4632 1209 4683 aolutcst
1265 4632 1300 4684 29
1317 4631 1444 4697 gladiust
1492 4637 1576 4693 arrepta·

324 4711 373 4760 que
392 4697 417 4746 P
484 4695 759 4764 30perseusP:ent.
776 4700 799 4760 1,
819 4699 852 4750 34
920 4699 954 4752 31
972 4701 1084 4769 philidas
1102 4705 1128 4754 P
1195 4700 1229 4753 32
1245 4708 1333 4750 tenera
1350 4698 1578 4770 supplantantium
1651 4748 1652 4755 χ

323 4765 463 4833 palatumt
530 4767 564 4818 33
582 4766 705 4818 fastorum
722 4769 785 4820 libro
803 4768 857 4834 llll]
876 4785 899 4820 n.
919 4770 967 4822 151
1651 4758 1652 4795 Τ
