3350 5442
309 363 372 429 532
814 362 1086 466 [piissimum]

306 551 390 616 libro
413 549 514 639 Aspri
543 571 661 615 nomen
687 549 880 635 inscriptum
908 571 996 631 osse,
1030 548 1118 636 quod
1144 549 1251 643 ipsum
1279 546 1346 613 elia
1373 571 1426 614 ars
1455 549 1498 615 de
1525 560 1594 617 octo

308 654 455 742 partibus
479 653 634 719 orationis
656 673 735 738 prae
757 673 792 716 se
814 650 895 733 sert,
918 649 1110 738 relinquitur
1123 648 1206 716 illud
1221 650 1308 738 quod
1323 653 1454 739 saepius
1476 653 1518 718 de
1540 653 1595 718 hoe
1662 664 1663 689 ³

307 777 426 840 genere
447 755 566 820 ortium
587 755 873 840 grammaticarum
888 754 1089 836 monuimus,
1111 751 1252 818 utillum
1275 751 1396 819 librum
1418 754 1474 840 qui
1497 756 1594 821 mino·

308 881 376 923 rem
399 857 521 922 Donati
543 857 718 923 editionem
741 856 888 943 sequitur
908 879 968 943 pro
990 858 1114 922 minore
1135 863 1207 922 arte
1228 855 1377 921 habitum
1400 857 1495 940 eique
1517 857 1595 921 hanc

308 961 444 1026 alteram
477 969 642 1047 tamquam
672 961 827 1025 maiorem
861 969 964 1025 artem
997 958 1144 1024 additam
1177 967 1210 1023 et
1242 956 1356 1023 eodem
1390 958 1522 1023 nomine
1553 959 1595 1023 in-

308 1063 462 1149 scriptam
484 1085 555 1127 esse
578 1084 597 1127 a
619 1062 852 1128 recentioribus
874 1061 1097 1147 grammaticis
1120 1060 1277 1126 dicamus.

393 1164 432 1229 In
455 1164 589 1229 edendis
605 1161 809 1230 Palaemonis
832 1173 866 1229 et
880 1163 980 1249 Aspri
1002 1161 1095 1227 libris
1117 1184 1195 1229 usus
1219 1183 1291 1227 sum
1308 1161 1421 1228 codice
1436 1161 1593 1229 Vaticano

311 1268 389 1332 1491
414 1289 434 1330 e
448 1267 594 1332 Brunnio
617 1289 690 1331 cum
705 1264 852 1330 Putsohii
874 1263 1023 1352 exemplo
1045 1263 1163 1330 collato
1186 1273 1219 1329 et
1239 1264 1381 1329 editione
1396 1263 1594 1330 Asconsinna

309 1393 351 1434 ox
377 1369 535 1450 Fanensi,
565 1391 662 1454 quam
693 1368 799 1455 ipsam
827 1390 893 1433 non
919 1367 1005 1449 vidi,
1033 1387 1205 1454 expressn;
1233 1367 1268 1431 in
1295 1365 1404 1453 Aspre
1430 1375 1594 1452 praetereo

310 1470 462 1536 Gothano
485 1469 613 1552 codice,
637 1492 732 1556 quem
755 1493 774 1534 a
795 1469 973 1535 Duebnero
995 1468 1148 1536 collatum
1169 1469 1205 1532 in
1231 1467 1360 1532 schedis
1381 1466 1594 1532 Lindemanni

308 1572 418 1638 habui.
448 1573 599 1659 equibus
614 1595 712 1638 manu
732 1574 929 1660 scriptorum
948 1571 1098 1637 codicum
1120 1571 1249 1655 integre
1268 1572 1431 1658 scripturn
1452 1570 1594 1636 exhibite

309 1683 373 1757 est3
398 1696 440 1738 ex
463 1673 550 1740 edito
573 1673 721 1761 exemplo
744 1671 870 1740 leviora
890 1672 1052 1762 quaedam
1074 1673 1196 1738 omissa
1217 1683 1309 1757 sunt,
1332 1695 1372 1738 ea
1392 1682 1504 1737 tamen
1526 1695 1593 1736 cau·

309 1778 397 1842 tione
420 1774 582 1858 adhibita,
610 1785 660 1857 ut,
686 1776 883 1864 ubicumque
916 1798 983 1841 non
1015 1776 1160 1842 indicata
1191 1774 1413 1862 discrepantia
1446 1773 1592 1840 editionis

309 1878 529 1944 Ascensianne
554 1901 575 1942 a
601 1878 769 1945 codicibus
798 1879 1020 1962 recederetur,
1053 1900 1127 1944 cum
1155 1875 1212 1943 illa
1238 1876 1421 1944 consentire
1450 1899 1492 1942 ee
1517 1899 1593 1963 quae

309 1990 439 2066 recepte
461 1989 537 2046 sunt
558 1989 731 2047 constaret.
1034 1980 1036 1985 ’
