3350 5442
309 429 372 492 626
866 431 1044 495 tmuttoutt

335 552 357 592 p.
371 540 429 581 2764.
444 542 470 581 to
483 537 506 581 P.

308 638 427 698 semper
448 621 480 679 in
503 638 553 680 sco
569 621 698 699 quiescit
721 619 787 697 (nec
808 629 906 683 tamen
929 621 1027 681 omnia
1048 622 1079 679 in
1101 638 1152 681 sco
1176 620 1342 679 inchoativa
1364 618 1443 698 sunt)
1468 628 1499 679 et
1523 637 1596 678 sem·

310 741 377 801 per,
406 722 476 781 dnm
499 723 539 783 sit
561 722 739 792 derivativa,
770 724 875 783 tertiae
898 722 1116 799 coniugationis
1143 723 1210 783 lieri
1237 723 1364 798 cogitur.
1409 720 1483 780 haec
1505 722 1598 779 torma

308 826 503 903 praeteritum
525 826 621 885 nescit
641 821 753 885 habere
774 833 893 903 tempus
922 825 1099 903 perfectum.
1144 824 1215 903 quid
1238 824 1317 883 enim
1341 822 1428 883 simul
1451 830 1482 881 et
1504 822 1597 881 adhuc

218 944 222 953 ’
309 929 441 1005 incipere
464 935 495 986 et
514 928 574 987 iam
596 928 775 1005 praeterisse
798 926 933 987 dicatur?
956 925 1031 986 hanc
1045 944 1164 1005 quoque
1185 926 1309 985 lormam
1324 933 1394 985 sunt
1409 926 1461 1004 qui
1478 924 1598 985 Graecis

308 1028 486 1089 familiarem
513 1028 629 1098 dicant,
662 1027 835 1088 adserentes
868 1028 923 1088 hoc
957 1046 1022 1089 esse
1049 1026 1248 1107 μελαίνομαι
1276 1021 1333 1087 καὶ
1360 1024 1620 1105 baptisimate

309 1131 386 1211 qnod
410 1138 455 1191 est
477 1132 613 1209 nigrosco
635 1139 666 1189 et
687 1119 812 1190 calesco.
857 1130 910 1190 scd
938 1128 1016 1209 apud
1043 1127 1109 1190 illos
1136 1146 1253 1205 quoque
1275 1128 1372 1207 aliqua
1395 1128 1486 1188 huius
1508 1129 1598 1204 signi·

309 1234 456 1294 litationis
483 1234 514 1291 in
537 1243 605 1292 σκω
629 1232 711 1291 exire
734 1232 931 1301 contendunt,
961 1230 1101 1292 τελίσκω
1123 1230 1275 1311 pepinum
1297 1222 1474 1309 nerpoicum
1496 1223 1598 1307 γηρά-

310 1348 391 1395 σκω.
430 1328 578 1394 διδάσκω
601 1341 714 1403 autem,
737 1333 808 1394 licet
829 1332 965 1394 eiusdem
988 1334 1055 1394 dnis
1076 1334 1125 1403 sit,
1149 1350 1237 1397 nemo
1259 1341 1359 1393 tamen
1381 1332 1552 1411 perlectum
1573 1338 1601 1388 et

309 1454 368 1496 non
391 1434 593 1497 inchoativum
614 1454 679 1495 esse
701 1434 857 1497 dubitavit.
882 1432 885 1515 Ι

204 1582 296 1630 rtnv.
392 1571 435 1632 lle
456 1573 682 1650 frequentativa.
719 1572 936 1650 frequentativa
960 1572 1055 1631 lorma
1077 1571 1253 1651 compendio
1277 1569 1436 1630 latinitatis
1459 1567 1630 1646 obsequi-o

310 1683 372 1744 tur,
396 1693 462 1734 cum
486 1691 544 1733 uno
566 1672 658 1733 verbo
679 1674 949 1752 frequentationem
965 1673 1229 1734 administrationis
1244 1672 1384 1733 ostendit.
1416 1672 1492 1731 haec
1506 1672 1599 1729 iorma
1666 1692 1667 1757 i

310 1794 368 1836 nou
391 1794 550 1855 numquam
573 1793 632 1835 tino
653 1774 761 1852 gradu,
785 1793 844 1835 non
861 1794 1020 1854 numquam
1037 1774 1152 1836 duobus
1168 1774 1334 1843 derivatur,
1359 1779 1392 1833 ut
1414 1790 1493 1831 cano
1515 1780 1599 1831 canto

309 1879 435 1948 cantito;
458 1896 513 1938 nec
535 1885 635 1938 tamen
656 1885 702 1938 est
723 1878 754 1937 in
770 1877 988 1956 posterioribus
1002 1879 1097 1938 maior
1119 1896 1206 1956 quam
1229 1878 1259 1937 in
1282 1874 1438 1955 prioribus
1460 1874 1598 1953 frequen·

308 1980 431 2041 tationis
453 1981 623 2058 expressio,
646 1981 724 2040 sicut
746 1998 801 2039 nec
822 1980 855 2039 in
871 1980 1057 2041 diminutivis
1073 1979 1220 2040 secundus
1242 1978 1354 2057 gradus
1376 1979 1477 2037 mimis
1500 1977 1597 2055 priore
1666 1962 1667 1965 ¹

309 2082 470 2159 significat,
499 2099 572 2142 anus
600 2082 687 2142 anula
715 2081 842 2141 anicula.
887 2088 1021 2143 sternuto
1048 2082 1300 2160 frequentativum
1328 2088 1375 2140 est
1402 2098 1419 2139 a
1442 2076 1596 2158 principali
1611 2096 1629 2131 n
1666 2074 1667 2109 ³

309 2190 445 2244 sternito:
469 2182 643 2263 Propertius

460 2300 644 2362 candidus
666 2311 846 2380 augustae
869 2304 1036 2363 sternuit
1057 2321 1161 2363 omen
1183 2303 1298 2363 Amor.

308 2420 391 2501 pulto
419 2429 489 2481 sunt
515 2422 567 2499 qui
590 2422 737 2498 accipiant
758 2440 813 2500 pro
835 2440 871 2481 eo
893 2421 973 2500 quod
995 2429 1042 2482 ost
1062 2418 1148 2500 pulso
1176 2429 1206 2481 et
1234 2413 1432 2499 ἀττικισμόν
1453 2418 1595 2498 quendam

236 2538 240 2548 ·
275 2520 279 2598 j
308 2524 462 2584 latinitatis
483 2523 668 2592 existiment,
693 2530 725 2583 ut
746 2522 823 2602 apud
846 2520 913 2582 illos
934 2518 1092 2583 θάλασσα
1105 2518 1269 2601 θάλαττα,
1292 2517 1432 2581 triciono)
1447 2514 1594 2579 attero:

308 2626 361 2686 sed
387 2625 504 2704 pultare
531 2632 577 2685 est
603 2643 691 2704 saepe
718 2623 851 2705 pulsare,
881 2626 958 2685 sicut
981 2632 1109 2686 tractare
1132 2634 1177 2685 ost
1199 2642 1287 2704 saepe
1310 2623 1441 2683 trahere.
1486 2628 1625 2703 eructato

308 2729 557 2807 frequentativum
579 2734 624 2787 ost
646 2746 662 2787 a
684 2728 845 2806 principali
866 2728 965 2805 erugit
985 2746 1004 2782 a
1034 2727 1165 2806 ‘aquae
1189 2728 1272 2787 vis'.
1318 2733 1348 2785 et
1370 2732 1523 2801 grassatur
1544 2725 1593 2782 ite·

308 2830 385 2889 ratio
401 2835 447 2888 est
461 2848 478 2889 a
493 2827 642 2905 graditur:
666 2826 821 2889 Sallustius
845 2829 940 2889 ‘cum
962 2829 1240 2888 inlerioromni
1256 2829 1312 2888 via
1328 2826 1592 2905 grassaretur’.

308 2937 379 2990 smrt
399 2929 545 3009 quaedam
572 2929 661 2990 huius
688 2932 889 2992 formacsinc
912 2929 1076 2991 substantia
1104 2927 1292 3011 principalis
1316 2928 1501 3007 cyathissare
1522 2934 1593 3005 tym-

308 3034 462 3111 panissare
490 3031 696 3093 crotalissare:
724 3041 794 3093 sunt
821 3050 897 3111 quae
925 3033 1020 3110 magis
1047 3050 1160 3094 moram
1182 3048 1270 3111 quam
1292 3028 1593 3107 iterationem‘expli-

309 3144 390 3204 cant,
420 3135 655 3214 ‘hastamque
682 3142 856 3213 receptat
887 3135 1035 3196 ossibus
1058 3134 1300 3197 haerentem’.
1345 3133 1395 3193 hic
1418 3133 1498 3191 enim
1521 3131 1623 3189 reci-a

307 3234 411 3316 piendi
434 3235 593 3297 difficultas
614 3235 670 3297 snb
693 3238 793 3316 specie
815 3237 1063 3316 frequentationis
1086 3236 1274 3317 exprimitur.
1319 3233 1396 3295 hane
1419 3236 1544 3294 sormam
1564 3233 1593 3290 in

308 3340 427 3415 graecis
449 3337 549 3400 rerbis
573 3340 707 3398 invenire
730 3357 789 3399 non
811 3342 905 3417 potui.
1000 3374 1004 3383 ·

204 3496 250 3546 tor
264 3498 295 3549 v¹
393 3473 436 3534 De
458 3476 639 3554 usurpativa.
673 3475 749 3535 hanc
771 3475 890 3554 quidam
913 3474 1040 3553 gerundi
1061 3473 1180 3535 modum
1196 3472 1240 3533 vel
1262 3470 1469 3552 participalem
1486 3478 1594 3538 vocant,

308 3574 377 3655 quia
400 3575 491 3637 verba
512 3578 578 3637 eius
598 3594 694 3656 paene
714 3578 813 3638 omnia
835 3576 945 3638 similia
966 3578 1134 3656 participiis
1158 3581 1225 3635 sunt
1248 3583 1278 3635 et
1299 3574 1360 3636 sola
1383 3572 1594 3651 significatione

309 3677 459 3737 distantia.
504 3697 572 3739 nam
599 3678 689 3739 ‘vado
716 3677 892 3740 salutatum'
922 3680 976 3739 hoc
999 3686 1045 3739 est
1067 3679 1168 3738 dicere
1190 3676 1283 3737 ‘vado
1305 3675 1452 3737 salutare'
1476 3680 1527 3735 ant
1548 3674 1624 3731 ‘uta

308 3779 462 3851 salutem·'.
506 3782 578 3841 item
606 3781 658 3841 ‘ad
685 3779 871 3843 salutandum
900 3786 953 3841 eo’
981 3782 1171 3860 participium
1200 3798 1265 3839 esse
1293 3780 1354 3839 iam
1383 3777 1509 3845 desinit,
1540 3778 1592 3835 nisi

258 3915 262 3921 ·
308 3881 455 3941 adieceris
482 3882 527 3941 vel
555 3880 704 3942 hominem
733 3883 778 3942 vel
807 3886 949 3944 amicum:
982 3882 1038 3943 hac
1065 3883 1145 3942 onim
1174 3880 1339 3941 adiectione
1362 3879 1516 3959 participii
1540 3880 1592 3937 rim

308 3982 438 4053 tenebit;
462 3984 514 4044 sed
535 3991 620 4054 tunc,
644 4002 712 4044 cum
735 4003 771 4044 ex
794 3984 885 4045 verbo
912 3992 958 4045 est
978 3982 1106 4044 habente
1129 3985 1275 4063 passivam
1291 3980 1542 4077 ,declinptionenn
1565 3986 1593 4039 ut

308 4084 363 4145 ‘ad
385 4084 562 4145 videndum'
586 4086 640 4146 ‘ad
663 4084 876 4147 salutandum’.
915 4085 969 4147 ‘ad
992 4084 1232 4146 declamandum’
1256 4102 1326 4143 vero
1349 4102 1417 4143 cum
1440 4082 1516 4151 dico,
1540 4100 1593 4141 non

307 4204 428 4265 possum
454 4186 573 4247 adicere
595 4185 692 4257 illum,
721 4190 791 4267 quia
819 4186 968 4249 declamor
990 4187 1115 4248 latinum
1137 4205 1197 4247 non
1219 4193 1273 4247 est.
1318 4185 1392 4247 haec
1414 4186 1509 4245 torma
1531 4184 1622 4244 lati-a

375 4443 509 4504 ssquoque
524 4456 571 4491 om.
584 4443 616 4502 P,
634 4442 695 4493 edd.
714 4456 772 4491 exc.
785 4442 851 4494 Bob.
922 4440 1082 4505 ipepudrtor
1098 4442 1123 4491 P
1190 4439 1350 4491 itdubitabit
1367 4440 1498 4490 Pantanus
1565 4438 1590 4485 15

309 4505 397 4573 anule]
417 4508 531 4558 anilla?
598 4510 629 4558 lb
649 4506 808 4575 Propertius]
832 4512 868 4571 ll,
886 4512 913 4569 3,
931 4510 965 4560 24
1033 4512 1064 4560 21
1086 4512 1177 4560 lautae
1195 4524 1268 4575 quara
1284 4510 1395 4558 indicaui
1411 4508 1509 4557 eccidit
1524 4506 1591 4569 prior

306 4593 372 4641 pure
389 4593 476 4627 oeream
493 4577 616 4637 Enniani,
634 4581 678 4643 qul
694 4586 732 4628 ert
749 4582 775 4627 in
793 4595 851 4632 ecc.
868 4577 934 4628 Bob.
954 4594 982 4642 p.
1001 4580 1081 4629 ltsa
1102 4580 1179 4627 verbo
1199 4577 1290 4640 erupit,
1314 4576 1409 4625 Ennius
1433 4574 1590 4637 ‘contempsit

307 4645 392 4693 sontes
405 4647 497 4708 quibus
510 4646 627 4709 exerugit
638 4660 719 4708 aquae
732 4648 791 4698 vis'.
815 4648 883 4696 unde
901 4647 983 4710 cingit
995 4646 1092 4696 Ennius
1109 4646 1206 4710 ‘erupit
1218 4658 1283 4707 nque
1295 4646 1347 4693 vis'
1360 4645 1469 4694 coniecit
1483 4642 1588 4698 Zermies,

308 4714 391 4773 erugit
402 4713 499 4763 Ennius
512 4712 644 4779 ‘exerugit
655 4727 737 4777 aquae
749 4716 802 4764 vis'
816 4714 898 4763 Ianua
949 4717 981 4764 22
998 4710 1067 4781 cum]
1081 4714 1141 4763 dum
1154 4730 1189 4763 eac
1201 4714 1288 4763 codice
1300 4712 1403 4763 Pitduei
1414 4713 1496 4761 edidit
1506 4710 1589 4759 canto

308 4779 415 4831 Sallust.
433 4782 527 4845 srupm.
545 4798 571 4845 p,
591 4784 642 4831 204
659 4784 699 4833 ed.
719 4784 796 4833 Arria.
816 4800 841 4831 a.
866 4783 944 4841 1579,
968 4798 1039 4847 quem
1060 4784 1153 4847 reliqui
1175 4782 1288 4831 editores
1309 4779 1424 4831 Sallustii
1444 4780 1525 4829 scorti
1539 4782 1588 4827 runt

359 4849 428 4897 omni
440 4850 464 4896 vi
477 4850 584 4898 coniecit
598 4852 683 4899 Donzu
694 4852 721 4899 in
733 4851 796 4901 Sau.
807 4851 844 4913 fr.
859 4866 884 4910 p.
899 4852 945 4899 141
959 4852 999 4905 ed.
1013 4851 1126 4903 Habere.
1178 4848 1400 4913 2bcqutissnreP
1442 4846 1588 4899 dbhasmm-

308 4913 368 4981 que]
387 4916 466 4981 Verp.
481 4916 646 4968 Aeuxass
714 4919 866 4968 eumont?
