3350 5442
700 352 771 413 lus
1319 348 1381 414 359

1187 472 1208 513 p.
1224 460 1281 501 2042.
1294 460 1319 499 43
1332 458 1355 499 Ρ.

86 542 224 615 genitivo
253 540 383 600 dativum
411 558 469 599 non
498 541 530 598 in
559 542 588 598 ui
617 547 750 618 torquet,
780 540 833 600 scd
860 539 964 601 ultima
995 550 1174 601 consonante
1202 539 1320 600 fraudat
1347 557 1381 599 ac

88 642 201 702 deinde
224 662 278 721 per
299 650 416 701 ceteros
438 660 524 699 casus
547 642 625 701 idem
647 642 704 701 hoc
727 641 862 710 exhibet,
880 648 913 701 ut
933 641 1022 703 huius
1043 660 1137 719 genus
1159 642 1228 702 huic
1251 659 1329 719 genu
1351 648 1381 701 ει

87 745 244 825 deinceps.
289 746 378 804 tertia
401 751 446 802 est
467 745 553 801 errius
575 745 724 819 genitivus
746 762 812 803 cum
835 744 994 804 inflexione
1017 744 1143 823 quadam
1165 744 1324 823 profertur,
1349 750 1381 801 ut

87 846 181 905 liuius
209 845 284 905 dici:
322 846 370 906 hic
400 846 531 906 dativmn
563 844 693 905 similem
721 848 768 905 sui
796 845 903 914 efficit,
935 848 1134 905 accusativum
1161 848 1192 905 in
1221 864 1266 906 em
1291 848 1378 922 cogit,

61 947 254 1009 nablativum
283 967 299 1006 e
327 947 470 1026 producta
498 948 648 1007 terminat.
693 954 797 1025 quarta
820 955 878 1015 est,
908 964 975 1005 cum
998 946 1056 1006 alio
1078 945 1165 1005 niodo
1187 948 1313 1007 inllexus
1335 953 1381 1006 est

87 1052 256 1125 genitivus,
286 1056 318 1108 ut
345 1049 434 1109 huius
463 1049 568 1108 solius:
605 1048 654 1108 hic
683 1048 812 1108 dativum
841 1050 872 1107 in
900 1050 911 1107 i
940 1047 1097 1125 conpellit,
1127 1050 1327 1109 accusativum
1348 1050 1380 1108 in

86 1170 155 1219 rrrn,
188 1150 349 1211 ablativum
378 1152 409 1210 in
438 1170 456 1209 o
484 1152 573 1227 cogit.
618 1150 717 1209 simile
746 1158 790 1209 est
818 1156 925 1211 neuter
952 1158 1032 1218 uter,
1057 1151 1193 1209 neutrius
1215 1152 1328 1220 utrius;
1350 1156 1381 1209 et

87 1252 119 1312 hi
144 1254 269 1330 genitivi
292 1270 463 1338 communes
491 1260 561 1311 sunt
589 1254 721 1312 omnium
743 1270 901 1329 generum,
925 1252 1082 1313 masculini
1105 1251 1221 1311 scilicet
1244 1261 1272 1312 et
1295 1253 1379 1312 lemi-

86 1358 155 1415 nini
178 1362 208 1415 et
230 1357 338 1415 neutri.
429 1391 434 1401 ι
871 1412 879 1423 ,

48 1474 74 1509 10
177 1457 256 1517 llaec
284 1464 354 1517 sunt
382 1456 589 1517 declinationis
618 1438 791 1529 discrimina
820 1458 851 1516 in
879 1474 1002 1517 numero
1030 1455 1189 1532 singulari,
1224 1474 1299 1535 quae
1327 1475 1381 1516 nos

87 1561 138 1618 vin
160 1559 288 1637 quadam
311 1558 348 1618 ad
370 1558 530 1619 ablativum
553 1560 679 1627 ducunt,
704 1561 756 1638 qui
778 1558 1009 1620 declinationem
1032 1576 1151 1621 rursum
1174 1561 1292 1621 nurneri
1314 1558 1380 1637 plu·

86 1661 165 1720 valis
193 1662 344 1721 iniormat.
389 1668 419 1720 et
452 1669 565 1731 tamen,
599 1664 733 1741 quamvis
761 1661 925 1721 dixerimus
953 1663 1166 1723 nominativvun
1199 1661 1380 1738 singularem

87 1772 120 1822 et
144 1761 388 1840 inexplicabilem
412 1781 477 1823 esse
500 1772 530 1823 et
552 1766 713 1833 incertum,
741 1759 746 1845 l
771 1765 836 1823 eius
865 1762 1025 1841 quaedam,
1054 1781 1129 1842 quae
1158 1769 1238 1823 certa
1266 1764 1380 1826 ratione

87 1864 273 1943 procedunt,
296 1864 462 1925 adnotanda
490 1866 653 1936 credimus,
682 1884 741 1944 quo
769 1866 866 1924 omnis
888 1867 964 1926 ratio
986 1884 1023 1925 ex
1051 1864 1184 1944 quolibet
1217 1883 1288 1925 casu
1317 1872 1380 1925 orta

48 1976 239 2027 intendatur.
284 1966 413 2027 diximus
435 1969 597 2043 genitivum
620 1967 770 2040 interdum
792 1969 802 2025 i
824 1967 923 2027 littera
946 1970 1115 2037 terminari,
1140 1976 1172 2026 ut
1193 1966 1282 2028 huius
1300 1968 1379 2046 apri.

86 2069 143 2129 sed
167 2088 202 2127 ea
225 2087 273 2127 res
296 2068 496 2131 dillerentiam
518 2072 640 2148 recipit:
664 2070 841 2150 plerumque
864 2073 944 2131 cnim
966 2088 1024 2131 una
1047 2072 1066 2138 i,
1090 2068 1264 2149 plerumque
1287 2071 1379 2146 gomi·

86 2180 158 2231 irata
188 2174 198 2229 i
227 2170 327 2231 littera
353 2173 541 2231 terminatur.
586 2171 703 2249 quando
731 2174 823 2249 igitur
856 2174 1004 2250 geminata
1037 2173 1047 2231 i
1073 2173 1229 2231 terminari
1263 2169 1379 2239 debeat,
1435 2168 1438 2183 '

85 2254 291 2334 omninauvu's
313 2273 475 2351 singularis
497 2273 643 2335 ostendet.
683 2265 714 2334 'si
737 2277 816 2334 enim
845 2276 877 2334 in
900 2293 935 2335 us
956 2274 1003 2333 vel
1024 2275 1056 2333 in
1078 2291 1128 2333 um
1151 2273 1347 2351 praecedente
1369 2276 1380 2332 i

87 2375 187 2435 vocali
208 2376 409 2435 nominativus
430 2376 523 2436 luerit
545 2377 736 2454 terminatus,
760 2377 770 2435 i
793 2376 894 2435 littera
910 2378 941 2435 in
956 2376 1087 2451 genitivo
1109 2375 1323 2451 geminabitur,
1348 2380 1381 2435 ut

47 2494 73 2532 ao
87 2476 210 2537 Tullius
232 2476 350 2546 lolium,
374 2476 463 2537 huius
485 2477 576 2538 Tullii
600 2478 673 2538 lolii.
718 2496 897 2556 quamquam
920 2497 936 2538 a
958 2478 1110 2556 plerisque
1134 2478 1268 2556 iamper
1291 2496 1379 2539 unam

86 2582 96 2639 i
120 2579 276 2640 celeratur
297 2581 354 2639 istc
376 2581 538 2657 genitivus
569 2588 601 2639 ut
629 2581 683 2639 ‘et
709 2581 894 2659 promissa
921 2578 1053 2640 Lavini
1074 2580 1247 2649 moenia',
1271 2579 1378 2660 ‘pan-

84 2684 197 2761 peris
224 2689 261 2740 ει
288 2684 444 2758 tuguri',
475 2684 561 2743 ‘nec
589 2700 677 2741 cura
699 2680 856 2761 peculi’.
900 2681 986 2751 item,
1009 2688 1043 2743 ut
1066 2680 1208 2751 diximus
1231 2683 1379 2759 genitivus

85 2786 113 2843 is
136 2782 254 2862 syllaba
276 2784 466 2853 terminatur,
489 2784 666 2863 plerumque
688 2791 786 2843 tamen
807 2781 943 2843 ultimam
965 2788 1176 2843 consonantem
1198 2783 1313 2863 perdet.
1350 2792 1379 2843 ct

85 2885 144 2947 hoc
168 2885 286 2964 quando
308 2886 373 2954 hat,
397 2904 490 2965 aeque
512 2888 711 2947 nominativus
733 2885 879 2947 ostendet.
924 2903 993 2945 nam
1014 2884 1159 2964 siquando
1181 2887 1379 2947 nominativus

46 3004 119 3047 ases
155 2986 269 3067 syllaba
299 2989 489 3058 terminatur,
525 2998 556 3049 ut
584 2989 714 3049 Achilles
741 2988 855 3057 Vlixes,
884 2994 983 3067 potest
1010 2989 1140 3066 genitivo
1171 2986 1277 3047 ultima
1309 3005 1378 3047 cen·

84 3108 199 3151 sonans
222 3088 371 3159 subtrahi,
402 3097 432 3149 ει
454 3091 526 3151 lacit
548 3090 636 3151 huius
658 3090 767 3151 Achilli
788 3090 876 3149 Vlixi.
921 3090 993 3150 item
1020 3107 1088 3149 cum
1116 3091 1279 3149 vocativum
1301 3108 1379 3149 sem·

83 3210 142 3270 per
167 3190 320 3269 aequalem
343 3210 377 3251 ac
398 3192 573 3271 plerumque
594 3196 640 3253 sui
664 3192 791 3253 similem
814 3194 930 3269 gignat,
955 3194 1046 3252 certis
1068 3197 1099 3251 et
1120 3190 1246 3251 diversis
1268 3192 1381 3269 regulis

86 3291 278 3371 inaequalem
306 3300 336 3352 et
365 3293 541 3354 dissimilem
567 3302 659 3356 creat.
705 3295 777 3355 hacc
806 3295 880 3354 adeo
902 3293 1091 3355 huiusmodi
1121 3302 1205 3354 sumt:
1233 3306 1300 3354 nam
1330 3301 1380 3353 aut

84 3398 237 3455 minorem
259 3412 317 3455 una
345 3394 458 3473 syllaba
486 3413 555 3455 eum
577 3397 744 3464 constituit,
774 3402 807 3455 ut
832 3396 883 3456 hic
906 3396 1022 3457 Tullius
1045 3415 1062 3455 o
1084 3394 1177 3465 Tulli,
1202 3396 1247 3456 vcl
1270 3397 1377 3466 littera,

49 3517 73 3552 a·
86 3505 120 3557 ut
153 3496 205 3555 hic
227 3495 341 3555 deneas
363 3516 381 3554 o
403 3497 516 3567 Aenea,
545 3497 595 3556 hic
617 3497 748 3558 Drances
778 3516 795 3556 o
817 3498 950 3567 Drance,
979 3498 1052 3557 hacc
1074 3496 1232 3575 Amaryllis
1254 3516 1272 3557 o
1293 3498 1378 3557 hma-

86 3599 176 3679 rylli;
206 3598 252 3657 vel
279 3597 443 3659 subtracta'
459 3617 515 3659 uria
545 3598 644 3659 littera
667 3609 848 3659 consonante
871 3602 960 3659 etiam
982 3617 1139 3660 numerum
1160 3601 1269 3659 minuit
1291 3599 1378 3679 sylla·

87 3702 212 3769 barum,
245 3706 278 3759 ut
313 3700 363 3761 bic
394 3700 520 3761 Proteus
552 3721 570 3759 o
596 3700 722 3771 Proteu;
756 3701 800 3760 vel
828 3708 1006 3761 consonante
1041 3719 1164 3762 numero
1199 3700 1378 3779 syllabarum

87 3803 181 3864 aliam
209 3802 340 3863 litteram
365 3801 526 3861 subtractis
553 3802 621 3861 aliis
649 3821 737 3881 saepo
766 3806 919 3883 supponit,
950 3810 981 3864 ut
1009 3803 1058 3863 hic
1079 3802 1203 3863 Latinus
1224 3822 1242 3861 o
1264 3802 1377 3874 Latine,

159 4060 245 4109 loon
263 4054 407 4121 inuiJnon
426 4058 451 4106 in
469 4056 714 4109 iLiuiueluB
781 4058 843 4109 2ut
859 4058 936 4108 huius
949 4074 1016 4125 genu
1035 4057 1094 4107 huic
1111 4073 1179 4124 genn
1192 4058 1225 4109 M
1293 4059 1326 4110 16
1339 4074 1378 4107 re-

86 4130 150 4196 cipit
165 4128 314 4194 plernmque
333 4129 401 4177 enim
420 4128 521 4192 gemina
539 4128 547 4175 i
565 4125 602 4177 lit.
621 4130 770 4177 terminatur
784 4129 885 4191 qnando
903 4130 927 4179 L
941 4130 1030 4194 recipit
1047 4128 1196 4194 plerumque
1210 4129 1276 4177 enim
1295 4130 1377 4193 gemi-

88 4210 132 4249 nat
149 4202 159 4248 i
180 4199 287 4247 litteram
307 4198 407 4259 quando
422 4197 447 4246 B
501 4198 533 4248 17
550 4198 651 4260 quando
671 4199 749 4263 igitur
764 4200 865 4263 gemina
882 4199 1051 4248 iterminatur
1066 4198 1099 4247 M
1146 4198 1179 4247 20
1194 4197 1280 4247 tullius
1298 4197 1378 4247 lilium

88 4267 247 4321 buiustullii
265 4267 356 4317 liliiM
408 4269 457 4316 iam
475 4267 567 4316 om.M
619 4268 1377 4334 21utexpromissahmostpronnssaButpromtssa

88 4338 137 4391 M.-
155 4338 314 4403 Verp.Aen.
329 4338 403 4388 1258
455 4333 586 4403 pauperis]
611 4338 855 4403 Vopoacotuon
904 4338 1078 4403 2btegnriM
1125 4335 1182 4404 nec]
1204 4337 1377 4402 Verp.bucnl.

90 4413 107 4466 l,
123 4408 161 4460 33
232 4406 265 4457 ’23
284 4407 374 4473 perdat
391 4408 439 4457 hoe
457 4408 670 4471 quemadmodum
689 4407 733 4457 tlat
750 4409 776 4457 B
827 4411 861 4459 24
878 4408 920 4457 ssat
939 4409 1108 4459 nominatione
1125 4408 1155 4457 M
1213 4408 1248 4459 26
1265 4404 1378 4456 abstrahi

88 4480 121 4529 M
173 4478 209 4529 29
226 4479 348 4528 minorem
366 4478 488 4541 syllabam
505 4482 645 4542 eum(eum
660 4495 706 4529 om.
721 4476 762 4542 B)
779 4478 905 4527 coustituit
921 4478 978 4528 BL
1029 4476 1238 4544 30hiedrancea
1256 4476 1378 4527 odrance

88 4551 119 4599 M
137 4548 181 4597 hic
199 4547 349 4597 tronchoso
370 4548 474 4597 tranche
491 4546 516 4595 L
537 4548 578 4595 hic
601 4556 703 4598 orantes
722 4563 737 4596 o
760 4562 850 4597 orance
869 4548 895 4597 B
918 4548 959 4597 hie
980 4546 1086 4598 Orontea
1104 4562 1118 4596 o
1135 4548 1227 4599 Oronte
1246 4546 1379 4597 Putacdiua

139 4618 207 4667 baec
224 4617 375 4668 amarillieo
393 4617 500 4667 amarilli
514 4616 575 4665 ML
595 4616 637 4666 hic
650 4617 761 4666 amarilis
780 4617 907 4667 oamarili
926 4618 951 4667 B
1001 4616 1033 4667 31
1056 4632 1104 4666 rina
1123 4617 1204 4668 littera
1223 4625 1377 4667 consonante

88 4690 166 4738 etiam
189 4688 281 4736 minuit
304 4688 456 4751 syllabarum
473 4686 586 4751 (syllaba
605 4686 641 4751 B)
660 4695 687 4736 nt
705 4686 746 4735 hic
763 4688 884 4751 protheus
907 4702 921 4735 o
945 4686 1049 4753 protheu
1075 4689 1103 4749 (o
1126 4688 1246 4753 protheus
1264 4688 1304 4751 B)
1322 4687 1378 4737 BL

87 4774 139 4807 nna
163 4765 318 4807 consonante
335 4774 350 4807 a
368 4759 524 4807 nominatino
544 4758 635 4806 minuit
652 4756 776 4822 syllabam
795 4766 822 4808 ut
842 4758 884 4807 hic
903 4757 1024 4824 protheus
1045 4771 1059 4805 o
1079 4757 1185 4825 prothea
1199 4760 1242 4808 M:
1258 4758 1293 4822 es,
1308 4756 1377 4823 iufra

87 4829 121 4879 de
139 4828 216 4877 borb-
232 4843 259 4890 p.
271 4829 288 4875 ll
302 4829 341 4878 ed.
359 4828 453 4880 Biana.
