3350 5442
435 1291 644 1404 in...
663 1265 742 1373 n:
803 1268 1159 1422 nvcvsnnr

635 1473 1329 1561 ARSBREVIATA

538 1677 946 1765 EIVSDEM
1005 1677 1533 1848 ΒΕΉΒΑΕ·ρ

425 2067 603 2152 Augustini
625 2065 666 2130 de
688 2075 757 2130 arte
779 2065 994 2150 grammatica
1013 2065 1077 2130 duo
1099 2065 1249 2130 feruntur
1269 2063 1354 2130 libri.
1384 2085 1529 2151 quorum
1550 2063 1620 2127 alter

341 2170 383 2235 ab
406 2168 528 2234 Ioanne
555 2166 773 2233 Amorbachio
800 2167 835 2230 in
862 2167 967 2254 primo
989 2167 1153 2233 volumine
1180 2189 1314 2254 operum
1335 2167 1519 2252 Augustini
1540 2165 1619 2229 Basi-

340 2270 411 2336 leae
434 2293 463 2335 a.
488 2271 569 2334 1500
597 2271 736 2358 primum
765 2267 872 2335 editus
900 2280 951 2335 est
971 2269 1033 2334 hoc
1054 2270 1164 2351 titulo,
1194 2273 1333 2334 Eiusdem
1355 2275 1422 2334 dim
1442 2274 1558 2333 amelii
1574 2290 1617 2330 an-

339 2378 455 2453 pustini
474 2377 666 2453 hipponensis
686 2378 821 2453 episcopi
841 2377 879 2435 de
898 2378 1102 2452 prammatica
1123 2377 1199 2436 liber
1220 2377 1342 2451 incipit,
1366 2371 1449 2435 etin
1463 2369 1530 2435 fine
1542 2369 1617 2447 libri,

339 2479 448 2540 Sancti
467 2481 624 2554 aapnstini
642 2477 836 2554 hipponensis
857 2479 992 2554 episcopi
1010 2478 1086 2538 liber
1108 2479 1146 2537 de
1164 2479 1367 2553 psammatiea
1388 2478 1529 2552 explicit.
1551 2494 1615 2536 eun·

341 2577 416 2644 dcm
437 2575 557 2642 librum
585 2585 618 2640 ct
639 2576 817 2661 Augustini
846 2577 986 2642 editores
1013 2597 1087 2640 cum
1113 2573 1246 2662 reliquis
1268 2577 1338 2640 eins
1359 2573 1518 2662 operibus
1538 2595 1616 2659 repe

340 2682 485 2744 tiverunt
506 2687 539 2746 et
560 2678 734 2744 Putschius
756 2677 843 2742 inter
864 2675 982 2743 latinos
1004 2678 1233 2763 grammaticos
1255 2677 1387 2765 recepit.
1423 2675 1563 2741 alterum
1583 2697 1616 2738 ex

340 2779 453 2847 codice
467 2779 617 2845 Palatino
635 2777 716 2844 1746
738 2777 842 2844 edidit
863 2780 905 2844 A.
920 2779 1028 2845 Maius
1050 2803 1125 2847 nov.
1148 2790 1216 2869 pat.
1232 2779 1312 2846 bibl.
1335 2779 1353 2843 Ι
1373 2779 1394 2842 2
1415 2801 1450 2865 p.
1465 2778 1530 2844 165
1543 2801 1615 2864 sqq„

341 2881 458 2948 deinde
480 2881 616 2950 Carolus
639 2879 826 2946 Fridericus
849 2879 1011 2947 Weberus
1033 2905 1077 2947 cx
1097 2882 1207 2949 codice
1230 2879 1455 2963 Burxellensi‚
1478 2879 1615 2946 adhibito

339 2994 510 3070 praetcrea
524 2983 674 3049 Parisino
691 2983 784 3065 7520,
800 2984 905 3067 magis
922 2983 1128 3049 emendatum
1144 2985 1292 3051 exhibuit
1305 2982 1476 3068 Marbnrgi
1498 3005 1529 3047 a.
1546 2982 1614 3046 1801
1651 3014 1652 3035 i

340 3087 387 3151 ita
407 3085 618 3172 inscriptum,
640 3106 694 3150 ers
714 3092 814 3150 saneti
833 3089 996 3165 ,inpastmi
1013 3105 1074 3166 pro
1091 3090 1231 3162 fratrum
1251 3092 1461 3152 mediocritate
1480 3089 1615 3150 amima.

341 3210 383 3252 ex
405 3209 503 3252 manu
525 3187 656 3274 scriptis
679 3196 786 3252 autem
809 3188 976 3254 codicibus
998 3197 1170 3274 utrumque
1191 3187 1311 3254 librum
1333 3190 1503 3255 continent
1522 3187 1616 3252 codex

339 3289 509 3355 Parisinus
537 3289 620 3354 7520
646 3288 817 3356 undecimo
845 3288 975 3356 saeculo
1003 3289 1164 3376 scriptus,
1192 3295 1300 3372 incipit
1326 3311 1380 3354 ars
1408 3296 1453 3354 s‘c'i
1475 3295 1618 3370 acyndini
1650 3298 1651 3369 t

335 3413 398 3473 pro
416 3395 553 3468 fratrum
581 3397 787 3457 mediocritate
812 3398 963 3457 breniata.
1000 3397 1128 3458 Lanitas
1155 3395 1323 3458 obseruatio
1347 3430 1381 3439 -
1413 3405 1505 3472 aptas
1529 3413 1613 3457 nene.

337 3500 414 3570 finit.
439 3499 532 3574 incip.
561 3499 669 3572 reama
696 3501 852 3574 augustini
870 3499 919 3570 ffp‘u
940 3499 979 3558 de
999 3501 1127 3560 nomine.
1166 3497 1273 3559 Omnia
1298 3500 1421 3559 namma
1442 3533 1485 3544 -
1506 3500 1614 3558 indicti·
1649 3522 1650 3575 i

340 3600 441 3660 nubile
461 3606 505 3659 est
526 3602 666 3677 explicit,
696 3605 729 3660 ct
755 3596 868 3661 eodem
895 3597 1008 3661 ordine
1020 3664 1022 3674 ,
1034 3596 1212 3683 iisdemque
1234 3596 1501 3685 inscriptionibus
1522 3595 1615 3661 codex

340 3695 509 3762 Palatinus
534 3695 627 3778 1746,
650 3695 691 3762 de
713 3720 775 3784 quo
797 3719 899 3786 supra
919 3718 953 3785 p.
975 3698 1038 3763 313
1065 3699 1101 3763 in
1122 3699 1285 3786 excerptis
1307 3697 1428 3763 Iuliani
1449 3721 1493 3762 ex
1513 3697 1614 3764 eodem

340 3798 451 3864 codice
479 3798 577 3863 editis
605 3798 728 3864 dictum
755 3809 815 3866 est.
860 3799 915 3865 ille
943 3801 999 3886 qui
1027 3799 1104 3865 olim
1132 3800 1239 3865 editus
1268 3809 1319 3865 est
1344 3799 1465 3886 legitur
1485 3799 1569 3865 solus
1587 3801 1615 3863 in
1648 3850 1649 3859 ,

341 3898 451 3965 codice
466 3890 655 3966 Monacensi
670 3901 763 3984 6281,
787 3900 864 3967 olim
886 3902 1089 3988 Frisingensi
1111 3903 1162 3981 81,
1187 3925 1273 3967 saec.
1290 3901 1324 3966 X
1346 3901 1370 3966 f.
1396 3903 1499 3966 l—-l'i
1521 3909 1551 3966 in
1571 3923 1615 3964 no·
1648 3946 1649 3949 κ

340 4025 419 4084 mine
440 4005 499 4086 dni
516 4003 569 4085 n-ri
588 4027 669 4102 incip
691 4026 767 4100 repl’
790 4029 892 4087 aureli
912 4028 1065 4101 cnpustini
1085 4027 1123 4086 de
1143 4041 1222 4086 nom.
1246 4025 1353 4086 Omnia
1374 4029 1499 4087 nomina
1522 4059 1555 4068 -
1576 4028 1613 4084 in·

340 4126 521 4188 declinabile
542 4133 586 4188 est
605 4129 705 4203 expl:
733 4125 776 4188 cf.
798 4123 865 4190 vol.
888 4123 937 4188 IV
965 4121 1069 4210 praef.
1097 4145 1129 4209 p.
1152 4122 1275 4191 XLIV.
1298 4122 1398 4206 alter,
1421 4124 1477 4212 qui
1498 4145 1519 4188 a
1537 4122 1612 4187 Maio

339 4222 447 4290 editus
470 4233 535 4307 cst,
557 4226 592 4288 in
607 4223 812 4290 Bruxellensi
834 4225 944 4291 codice
965 4235 1049 4291 teste
1064 4223 1206 4291 Webero
1227 4247 1311 4290 nono
1333 4224 1465 4292 sacculo
1486 4226 1611 4310 scriptus
1647 4214 1648 4219 ¹

340 4334 389 4390 est
411 4327 474 4409 sic,
502 4331 608 4407 incipit
634 4348 688 4391 ars
713 4334 812 4394 suncti
838 4333 992 4406 capustini
1010 4348 1073 4407 pro
1090 4329 1230 4403 sret'rum
1251 4333 1458 4393 mediocritate
1478 4333 1610 4392 tiresias.

339 4431 489 4493 Latinitas
510 4440 555 4494 est
577 4435 748 4495 obseruatio
769 4467 810 4477 -
832 4441 923 4509 aptas
943 4450 1060 4495 scenae.
1090 4436 1217 4510 explicit
1237 4450 1291 4494 ars
1311 4437 1411 4496 suncti
1429 4435 1580 4509 aapusdai.

423 4529 476 4594 De
503 4532 633 4597 nomine
663 4540 771 4596 autem
799 4531 978 4617 Augustini
1005 4531 1040 4595 in
1067 4532 1175 4618 priore
1203 4530 1303 4613 libro,
1325 4532 1393 4597 iam
1413 4533 1502 4619 prius
1524 4551 1607 4618 quan
1646 4530 1647 4553 ¹

340 4629 447 4696 editus
471 4641 557 4697 essct
579 4631 679 4717 alter,
702 4634 919 4720 suspicionem
941 4642 1112 4700 moverant
1133 4632 1338 4699 Benedictini
1359 4655 1490 4721 opernm
1509 4635 1606 4716 Augu·

340 4731 417 4796 stini
445 4730 586 4799 editores
609 4733 809 4821 Antverpiae
837 4756 870 4800 a.
894 4735 985 4800 1700.
1014 4734 1070 4821 qui
1097 4757 1242 4822 eaquae
1267 4737 1302 4801 in
1322 4734 1379 4800 ilio
1398 4735 1478 4802 libro
1499 4737 1605 4819 scripta
1645 4766 1646 4769 ¹

339 4843 415 4900 sunt
441 4833 627 4932 discrepare
656 4836 815 4904 videbant
842 4836 884 4902 ab
911 4835 962 4903 bis
992 4859 1076 4923 quac
1102 4837 1143 4902 de
1170 4859 1229 4902 suo
1257 4859 1353 4924 opere
1380 4839 1536 4925 professus
1561 4846 1602 4898 est

1643 5382 1644 5413 t
