3350 5442
357 393 421 460 492
535 442 539 463 .
902 396 1100 459 AVGVSTlNl

358 580 431 646 fert.
476 603 580 667 neque
607 578 675 645 ulla
702 601 802 645 causa
828 588 879 644 est
905 601 963 645 cur
990 579 1129 645 alterum
1150 580 1349 665 genuinum,
1372 577 1512 643 alterum
1533 601 1622 664 suppo

358 683 456 748 situm
478 704 549 748 esse
572 681 729 764 dicamus,
745 681 798 747 vel
821 683 936 747 curin
957 663 1142 748 breviatam
1164 689 1267 747 artem
1288 679 1387 768 plura
1402 678 1561 745 translata
1572 703 1622 744 ese

358 807 400 850 ex
421 785 561 870 genuino
583 785 668 850 libro
696 794 846 869 putemus
874 806 972 872 quam
998 785 1033 848 in
1059 781 1202 869 regulas.
1246 807 1322 849 nam
1344 783 1455 870 siquid
1476 783 1512 847 in
1532 781 1622 847 alteru·

357 898 407 954 tro
428 886 513 953 libro
535 886 752 973 probabiliter
773 887 816 952 ad
830 887 1051 973 Augustinum
1072 887 1190 950 referri
1211 896 1330 973 potest,
1346 884 1542 951 Africanum
1561 904 1622 948 cene

358 991 547 1077 scriptorem
569 988 708 1077 prodere
723 989 878 1055 videntur
899 989 1034 1055 nomina
1056 989 1249 1077 oppidorum
1271 989 1405 1077 p.1990
1424 987 1621 1075 positaque

355 1092 402 1156 ita
423 1092 524 1158 scribi
546 1095 604 1158 vix
631 1101 784 1178 poterant
808 1092 875 1156 nisi
896 1089 939 1156 ab
961 1112 999 1155 eo
1021 1091 1077 1177 qui
1098 1091 1133 1154 in
1154 1091 1272 1155 Africa
1293 1089 1346 1156 vel
1374 1091 1500 1156 vixerit
1521 1089 1570 1154 rel
1584 1111 1621 1151 m

356 1204 409 1259 tus
432 1194 542 1259 fuerit.
588 1192 646 1258 sed
674 1193 823 1259 omnibus
851 1194 918 1258 iam
945 1192 988 1257 ad
1010 1215 1106 1258 usum
1128 1193 1311 1259 scholarum
1333 1204 1367 1258 et
1387 1215 1463 1258 eam
1485 1193 1560 1256 artis
1578 1201 1621 1256 tu·

356 1295 495 1362 ctandae
517 1295 691 1377 rationem,
715 1317 812 1382 quam
834 1294 965 1360 infimae
980 1295 1097 1360 aetatis
1120 1295 1296 1383 scriptores
1318 1295 1552 1384 sequebantur,
1571 1316 1622 1357 coo

355 1399 470 1485 positis
493 1419 559 1464 non
581 1395 721 1485 amplius
743 1395 964 1484 quaerendum
987 1407 1046 1479 est,
1067 1395 1155 1462 unde
1177 1421 1324 1486 quaeque
1346 1398 1453 1484 petita
1475 1398 1549 1461 sint

441 1499 572 1566 Omissa
594 1501 694 1585 igitur
716 1501 940 1567 controversia
960 1497 1002 1565 de
1016 1509 1148 1565 auctore
1169 1499 1458 1566 librorum·restat
1479 1510 1517 1564 ut
1537 1499 1572 1564 dc
1587 1497 1621 1560 h‘s

355 1602 435 1690 ipsis
468 1610 501 1666 et
533 1601 574 1666 de
601 1610 715 1668 nostra
743 1602 887 1668 editione
921 1623 1026 1690 pauca
1053 1600 1210 1668 dicamus.
1253 1611 1390 1689 uterque
1422 1611 1535 1666 autem
1563 1599 1621 1664 liber

355 1713 485 1791 praeter
499 1703 654 1789 vulgares
670 1706 749 1769 artis
765 1705 897 1789 regulas
918 1726 1024 1793 pauca
1039 1727 1122 1791 quae
1139 1703 1240 1790 digna
1255 1726 1327 1770 esse
1342 1705 1503 1769 memoria
1516 1701 1621 1768 videm·

355 1815 410 1871 tur
431 1807 586 1872 continet.
623 1806 754 1870 namin
776 1816 847 1871 arte
868 1805 1018 1873 breviata
1040 1828 1124 1893 quae
1147 1807 1266 1872 dicitur
1287 1808 1400 1895 paucis
1422 1807 1467 1871 de
1488 1805 1620 1870 latinitate

355 1919 388 1974 et
409 1907 559 1998 partibus
582 1907 738 1972 orationis
759 1910 948 1995 praemissis
971 1919 1044 1974 octo
1073 1917 1182 1992 partes
1206 1910 1363 1976 orationis
1387 1931 1424 1974 eo
1448 1909 1520 1973 fere
1539 1907 1620 1983 modo,

356 2033 451 2099 quem
483 2009 615 2097 plurimi
647 2011 766 2075 artium
799 2011 973 2099 scriptores
1007 2022 1082 2097 post
1112 2011 1280 2078 Donatum
1316 2012 1419 2076 secuti
1453 2020 1543 2092 sunt,
1569 2029 1621 2074 eun

357 2109 514 2199 exemplis
538 2099 795 2178 declinationum
820 2121 1043 2199 exponuntur3
1074 2111 1194 2179 deinde
1221 2114 1368 2181 breviter
1391 2111 1431 2178 de
1456 2111 1620 2178 soloecismo

357 2223 389 2280 et
409 2213 616 2302 barbarismo
639 2223 814 2298 tractatum
840 2225 1003 2302 postremo
1025 2237 1130 2302 pauca
1152 2216 1302 2305 exempla
1323 2239 1462 2282 casuum
1483 2237 1553 2281 cum
1570 2235 1621 2277 ver·

354 2317 406 2383 bis
433 2313 488 2382 vel
515 2316 702 2382 nominibus
731 2318 931 2401 iunctorum,
960 2339 1043 2405 quae
1070 2317 1229 2384 idiomata
1249 2318 1405 2385 dixerunt
1431 2314 1620 2404 grammatici,

356 2417 503 2485 subiecta
530 2429 614 2484 aunt.
658 2427 806 2485 veterum
833 2429 943 2486 autem
975 2423 1171 2507 scriptorum
1197 2420 1356 2509 exemplis
1388 2443 1457 2486 non
1487 2441 1562 2485 usus
1587 2428 1621 2478 est

355 2520 495 2608 scriptor
516 2532 647 2607 praeter
674 2531 829 2608 quattuor
856 2545 970 2588 versus
993 2522 1133 2608 Vergilii
1161 2531 1194 2588 et
1215 2522 1406 2589 Ciceronem
1431 2523 1487 2588 bis
1513 2541 1620 2586 comme

354 2631 527 2689 moratum.
572 2621 669 2710 paulo
699 2625 830 2690 maioris
860 2623 1028 2691 doctrinae
1058 2623 1182 2690 indicia
1208 2625 1346 2712 praebet
1373 2624 1460 2691 alter
1487 2621 1620 2702 liber,io

355 2749 420 2814 quo
443 2737 476 2792 et
490 2736 577 2792 artes
593 2723 647 2790 vel
669 2725 789 2792 artium
811 2726 986 2814 scriptores
1010 2727 1140 2813 saepius
1164 2737 1467 2806 commemorantur,
1492 2725 1620 2792 etmulti

355 2828 506 2916 exempla
528 2826 683 2913 Vergilii,
712 2827 875 2915 quaedam
902 2829 1049 2895 Terentii
1077 2839 1110 2894 et
1137 2829 1322 2915 Ciceronis,
1351 2827 1483 2916 singula
1502 2825 1619 2893 Sallmffi

355 2940 389 2996 et
403 2930 529 2996 Lucani
551 2929 593 2995 ad
615 2929 745 3015 regulas
767 2931 1006 2997 confirmandas
1029 2932 1195 3019 adscripta
1215 2943 1307 3018 sunt,
1329 2931 1431 2998 semel
1453 2934 1546 2997 etiam
1559 2927 1618 2990 Vtr-

355 3034 443 3100 ronis
467 3033 628 3098 sententia
649 3033 777 3119 prolata
805 3043 856 3099 est
877 3057 909 3121 p.
931 3033 1026 3099 2008.
1054 3056 1250 3123 quamquam
1276 3034 1327 3099 his
1356 3033 1505 3121 exceptis
1530 3053 1567 3095 ne
1582 3027 1641 3091 hir¹

355 3134 487 3223 quidem
520 3134 658 3221 scriptor
688 3133 776 3200 ultra
809 3135 979 3222 vulgarem
1011 3136 1199 3222 regularum
1234 3137 1483 3204 scribendarum
1516 3131 1617 3198 modun

354 3237 533 3323 processit,
561 3234 620 3300 sed
647 3247 803 3305 consueto
831 3261 922 3305 more
950 3238 991 3304 de
1020 3249 1093 3305 octo
1124 3241 1272 3325 partibus
1302 3240 1462 3305 orationis
1484 3235 1617 3304 uacum.

355 3360 439 3427 quae
466 3361 540 3405 cum
568 3339 616 3404 ita
642 3340 722 3423 sint,
752 3362 871 3429 operae
897 3341 1039 3429 pretium
1066 3364 1132 3407 non
1160 3364 1231 3407 esse
1253 3340 1441 3407 existimavi
1464 3340 1617 3407 breviatam

355 3449 458 3505 artem
480 3440 585 3508 denuo
608 3440 722 3528 edere;
749 3465 855 3532 pauca
876 3454 1003 3526 tamen,
1031 3465 1115 3531 quae
1142 3443 1280 3509 alicuius
1302 3444 1459 3509 momenti
1481 3464 1547 3508 esse
1566 3439 1616 3503 vro

356 3552 447 3624 sunt,
470 3565 645 3632 excerpere
667 3543 813 3632 placuit,
835 3547 871 3610 in
892 3545 1012 3633 quibus
1036 3544 1173 3612 Weberi
1200 3548 1302 3634 copiis
1325 3568 1404 3612 usus
1427 3569 1509 3611 sum.
1548 3561 1616 3623 regu·

355 3645 460 3710 larum
483 3655 592 3712 autem
618 3646 754 3732 librum,
782 3670 978 3736 quamquam
1004 3647 1090 3712 bunc
1117 3671 1244 3735 quoque
1271 3671 1292 3713 a
1312 3670 1400 3713 nova
1419 3643 1614 3733 grammatice

354 3769 427 3812 rum
449 3747 640 3817 collectione
662 3747 739 3815 olim
762 3749 878 3816 abesse
893 3748 1060 3816 volueram
1081 3773 1187 3838 neque
1209 3749 1250 3815 de
1272 3750 1469 3816 emendandi
1489 3742 1614 3814 subsidii

355 3851 596 3935 quaesiveram,
629 3861 754 3934 tamen,
788 3851 911 3939 nequid
944 3851 1198 3938 desideraretur,
1232 3873 1298 3918 non
1331 3852 1541 3918 omittendum
1562 3866 1639 3911 esse,

355 3949 510 4019 iudicavi.
553 3976 630 4019 nam
656 3977 723 4020 non
751 3953 856 4020 solum
883 3954 1045 4042 quaedam
1072 3977 1154 4042 quae
1176 3954 1219 4021 ab
1242 3953 1317 4020 aliis
1337 3952 1464 4019 tradita
1484 3975 1542 4018 non
1559 3959 1613 4012 sunt

355 4055 512 4138 continet,
541 4055 600 4122 sed
627 4057 726 4121 etiam
754 4055 914 4144 exemplis
937 4055 1189 4122 declinationum
1211 4056 1439 4123 auctoritatem
1462 4055 1612 4142 aliquam

438 4293 463 4365 ’ἢ
488 4295 604 4350 Praeter
627 4311 661 4347 ea
684 4311 754 4364 quae
777 4297 852 4348 intra
877 4297 1000 4350 exhibita
1023 4303 1087 4349 sunt
1104 4296 1156 4349 duo
1175 4298 1302 4366 exempla
1319 4298 1439 4366 Vergilii
1457 4291 1608 4365 grammaticis

355 4383 460 4434 usitata
483 4381 626 4448 adscripta
649 4386 712 4433 sunt
735 4380 768 4434 de
792 4383 990 4448 conparatione
1014 4383 1152 4434 nominum
1174 4400 1200 4450 p.
1220 4387 1236 4435 9
1255 4384 1298 4438 ed.
1317 4383 1408 4449 Web.‚
1426 4386 1492 4435 aude
1507 4383 1568 4433 edon
1581 4377 1608 4424 ile

354 4470 422 4519 dicit
444 4463 718 4534 (Verg.Aen.196)
744 4467 772 4519 ‘o
790 4469 907 4518 nanum
926 4469 1065 4528 sontem
1085 4469 1169 4533 pentir
1190 4467 1310 4534 lbdide',
1333 4469 1413 4520 etde
1432 4461 1607 4536 praepositioni·

354 4553 405 4604 bus
422 4569 449 4619 p.
462 4554 495 4603 29
513 4550 555 4604 ed.
568 4552 658 4616 wsb,
676 4568 762 4618 super,
781 4555 883 4620 mado
901 4554 933 4603 de
949 4555 1084 4618 domarat,
1102 4555 1178 4604 nenti
1193 4562 1232 4604 eat
1250 4555 1344 4621 (Verg.
1361 4554 1429 4605 Aen.
1448 4555 1463 4604 1
1479 4549 1606 4614 'tithei‘

354 4639 386 4688 de
408 4637 511 4687 Priamo
536 4635 671 4702 ropttam’.
709 4635 852 4688 Ciceronis
880 4641 973 4688 autem
998 4654 1096 4689 nomen
1121 4644 1184 4704 post
1210 4638 1426 4691 declinationem
1453 4635 1603 4705 pronouiom

353 4724 423 4771 cntar
449 4727 550 4772 norbae
575 4728 675 4773 verbus
701 4723 832 4789 scriptum
859 4725 903 4772 est
924 4738 951 4788 p.
972 4725 1004 4773 17
1023 4723 1065 4773 ed.
1084 4723 1176 4787 Web,
1198 4725 1247 4774 ced
1267 4723 1340 4775 ludar
1361 4731 1498 4783 morene,
1518 4725 1540 4771 u
1557 4716 1604 4766 cun

354 4805 424 4856 libris
448 4807 603 4867 inventatur,
630 4823 680 4858 aon
705 4779 823 4858 latemus
849 4811 915 4858 tanti
937 4809 1073 4874 ponderis,
1095 4817 1123 4859 at
1144 4811 1312 4874 inperitorum
1328 4809 1502 4862 comesuris
1514 4804 1602 4856 resistere

353 4891 486 4944 saleim.
522 4905 580 4940 nom
597 4892 701 4943 daemon
718 4895 877 4958 superiorve
893 4895 948 4960 ι’ρκ
970 4893 1065 4945 llatae
1081 4899 1172 4945 metor
1189 4901 1236 4945 m.
