3350 5442
579 355 651 416 lus
679 355 691 415 l
715 355 856 415 3-113
1303 352 1366 417 413

98 478 122 518 p.
137 466 195 507 reat,
208 465 234 506 ee
247 464 271 505 0.
1180 474 1201 515 p.
1215 462 1304 503 eet-m
1317 462 1341 502 ι.

160 544 184 606 u
211 546 294 605 linita
326 545 426 605 neutri
454 546 574 623 generis
601 550 670 604 sunt
698 546 796 604 omnia
820 550 850 603 et
873 544 981 603 tertiae
1004 542 1226 612 declinationis
1255 550 1287 604 ut
1309 543 1365 603 boc

67 647 168 707 sedile
191 647 306 716 sedilis,
330 646 438 707 monile
461 646 594 716 monilia,
618 655 681 706 rete
704 649 792 715 retis,
816 664 898 705 mare
921 647 1022 705 maris.

160 748 185 809 0
205 750 305 809 littera
329 752 487 810 terminata
509 751 616 809 tertiae
639 756 707 809 sunt
729 748 939 809 declinationis
961 748 1075 817 omnia,
1106 746 1158 807 sed
1181 747 1291 807 diversi
1314 765 1364 825 ge·

66 854 167 911 neris.
197 869 265 911 nam
287 870 364 929 quae
387 853 418 909 in
441 870 459 910 o
480 869 586 930 puram
608 852 749 911 desinunt
771 869 787 909 e
810 850 903 910 vocali
926 850 1110 927 praeposita,
1135 850 1292 910 masculini
1314 867 1364 927 ge·

38 955 157 1013 erret-is
188 959 271 1022 sunt,
306 960 338 1013 ut
371 953 420 1012 hic
453 970 547 1029 ganeo
575 953 639 1013 aleo
668 952 767 1022 labeo,
797 970 873 1031 quae
901 952 1115 1011 nominativum
1143 958 1172 1010 et
1201 954 1364 1012 vocativum

65 1053 170 1114 solum
197 1054 318 1116 babent.
363 1073 438 1134 quae
467 1057 575 1115 iante
604 1074 622 1114 0
649 1053 775 1121 habent,
805 1061 855 1113 aut
883 1053 1005 1131 propria
1033 1053 1196 1113 masculina
1219 1059 1302 1123 sunt,
1333 1062 1364 1114 ut

66 1157 165 1217 Curio
187 1156 302 1236 Scipio,
325 1163 376 1217 aut
397 1174 505 1235 corpus
528 1156 648 1235 quidem
670 1157 869 1233 significantia
897 1156 1018 1231 generis
1040 1162 1110 1214 sunt
1132 1156 1302 1225 masculini,
1332 1164 1365 1216 ut

66 1258 123 1318 bic
146 1259 244 1319 stellio
268 1260 339 1319 unio
361 1259 468 1318 histrio
490 1259 627 1318 centurio
649 1260 732 1317 senio
755 1257 890 1317 curculio
905 1258 1061 1336 quaternio
1084 1256 1190 1327 mulio;
1214 1263 1244 1317 et
1266 1259 1364 1320 omnia
1390 1322 1392 1327 ,

67 1380 86 1419 0
110 1361 243 1421 litteram
267 1363 297 1420 in
320 1360 451 1439 obliquis
473 1359 592 1420 casibus
615 1360 789 1438 productam
811 1366 930 1418 servant
953 1365 1075 1438 excepto
1098 1378 1170 1429 uno,
1194 1360 1269 1420 Anio
1294 1360 1363 1439 [llu-

26 1479 144 1523 1⁰men
174 1470 219 1523 est
247 1461 380 1541 ltaliae],
412 1463 490 1541 quod
520 1463 644 1523 Anienis
672 1462 753 1524 lacit.
798 1467 983 1521 remantem
1012 1461 1227 1539 incorporalem
1250 1464 1363 1539 signid-

67 1567 173 1625 cantia
194 1565 336 1644 pleraque
359 1583 376 1626 a
397 1564 498 1624 verbis
520 1565 741 1625 transferuntur
763 1570 793 1623 et
820 1570 891 1623 sunt
918 1566 1039 1639 generis
1060 1564 1213 1632 feminini,
1237 1572 1270 1624 ut
1291 1564 1364 1624 haec

66 1668 171 1726 oratio
198 1668 275 1725 ratio
302 1668 379 1726 actio
406 1668 494 1725 statio
521 1666 649 1725 hortatio
671 1665 788 1742 religio.
834 1671 864 1724 et
891 1664 963 1724 baec
991 1665 1131 1725 similiter
1158 1668 1277 1725 nomina
1310 1685 1364 1746 per

67 1786 162 1829 casus
183 1786 286 1829 omnes
308 1788 326 1828 0
347 1767 513 1847 producunt
535 1775 655 1847 praeter
678 1764 900 1846 nomijnativum
924 1774 955 1825 et
976 1769 1140 1827 vocativum
1162 1770 1280 1827 numeri
1302 1770 1363 1828 sin·

67 1872 199 1947 gularis.
228 1873 399 1950 praeposita
422 1888 492 1929 vero
514 1889 532 1930 o
555 1871 672 1930 litterae
694 1869 829 1949 qualibet
852 1877 1031 1929 consonante
1054 1872 1177 1948 propria
1194 1870 1239 1930 vel
1262 1871 1362 1950 appel-

28 1974 161 2032 sslatira
190 1972 344 2033 masculini
373 1978 442 2033 sunt
471 1974 604 2049 generis
637 1980 667 2032 ut
695 1972 744 2031 hic
774 1970 870 2032 Carbo
891 1969 967 2030 Libo
994 1990 1101 2049 praeco
1128 1968 1267 2052 muoro'll
1292 1971 1363 2031 bulo

67 2075 148 2135 latro
172 2075 258 2134 bomo
280 2077 340 2133 tiro
362 2092 460 2134 sermo
481 2092 556 2153 paro
578 2073 665 2144 Cato,
695 2080 819 2152 excepto
848 2092 906 2133 uno
928 2074 1050 2152 proprio
1072 2074 1209 2133 feminini
1231 2077 1362 2150 generis,

66 2178 145 2237 baec
178 2177 266 2246 luno,
301 2185 331 2237 et
363 2177 456 2237 altero
484 2176 672 2255 appellativo,
703 2175 781 2255 quod
810 2194 827 2234 o
861 2174 992 2235 litteram
1028 2176 1057 2234 in
1086 2173 1215 2254 obliquis
1244 2175 1363 2236 casibus

67 2280 196 2347 amittit,
219 2279 292 2339 baec
315 2297 385 2338 caro
407 2279 515 2338 carnis.
546 2278 599 2337 scd
621 2278 696 2337 duae
719 2286 787 2338 sunt
809 2278 888 2339 solae
912 2285 1121 2346 consonantes,
1145 2294 1163 2353 g
1187 2283 1217 2336 et
1238 2276 1271 2347 d,
1295 2280 1360 2356 qui·
1421 2348 1423 2353 Ι

67 2379 126 2440 bus
160 2380 410 2459 praecedentibus
437 2400 454 2439 0
483 2380 612 2439 litteram
640 2382 760 2439 nomina
793 2382 914 2457 generis
942 2378 1011 2439 sirnt
1040 2381 1191 2449 leminini,
1225 2386 1257 2438 nt
1288 2380 1361 2439 baec

29 2498 54 2537 eo
68 2486 187 2559 imago,
210 2482 283 2542 baec
305 2482 400 2559 caligo
422 2482 516 2559 luligo
539 2483 624 2559 origo
646 2499 778 2561 propago
793 2482 922 2541 hirundo
941 2480 1080 2561 [aerugo]
1097 2481 1233 2540 harundo
1248 2484 1361 2559 magni-

68 2584 142 2644 tudo
165 2583 292 2644 altitudo
314 2584 430 2645 testudo
452 2584 581 2644 lormido
603 2584 768 2643 similitudo
790 2583 945 2652 fortitudo,
961 2602 1036 2663 quae
1059 2602 1076 2641 o
1099 2584 1129 2642 in
1152 2585 1163 2643 1
1186 2592 1362 2645 convertunt

67 2690 99 2746 in
123 2684 256 2765 obliquis
278 2686 407 2753 casibus.
452 2687 642 2766 excipiuntur
663 2688 694 2745 in
717 2693 842 2765 utraque
871 2687 990 2763 generis
1016 2685 1172 2745 masculini
1195 2686 1282 2756 haec,
1311 2686 1361 2747 bic

68 2788 147 2865 ligo,
171 2787 221 2847 bic
244 2805 366 2864 mango,
389 2788 438 2848 bic
460 2787 585 2867 praedo,
614 2787 663 2846 bic
686 2788 758 2857 udo,
787 2788 837 2847 bic
864 2788 969 2867 spado,
993 2805 1068 2866 quae
1091 2806 1109 2845 0
1130 2786 1306 2866 producunt,
1331 2796 1362 2848 et

67 2890 118 2950 bic
141 2890 249 2959 cardo,
271 2889 320 2949 bic
343 2889 431 2960 ordo,
459 2908 534 2969 quae
564 2890 749 2969 superiorem
771 2888 930 2950 sormidam
952 2896 1127 2969 sequuntur.
1172 2897 1242 2949 sunt
1263 2898 1360 2950 atrtem

31 3008 56 3047 es
69 3000 213 3071 quattuor
239 2998 355 3052 tantum
381 2992 469 3052 modo
496 3010 572 3070 quae
600 2992 746 3052 neutralia
776 3011 842 3052 esse
865 3000 1004 3072 possunt,
1033 3010 1159 3070 quorum
1182 3010 1251 3070 pars
1273 2992 1360 3053 dimi-

69 3096 119 3155 dia
150 3094 381 3155 declinationem
408 3096 534 3173 patitur,
565 3100 596 3153 ut
624 3094 682 3153 duo
712 3100 740 3153 et
769 3091 866 3153 ambo.
910 3093 1008 3173 pondo
1037 3101 1134 3153 autern
1157 3100 1187 3152 et
1209 3100 1275 3153 octo
1297 3113 1360 3155 mo-

68 3204 193 3276 noptota
215 3202 285 3256 sunt
305 3201 336 3254 et
350 3202 465 3256 tantum
479 3195 637 3274 pluraliter
652 3194 829 3265 elleruntur,
853 3185 887 3254 ut
907 3195 981 3256 baec
1002 3194 1100 3276 pondo
1122 3196 1228 3256 horum
1250 3196 1358 3276 pondo.

156 3400 191 3453 32
210 3415 224 3449 0
240 3399 320 3449 littera
338 3400 471 3449 terminata
490 3398 565 3450 Odor.
585 3398 628 3463 63,
647 3398 671 3449 8.
693 3414 750 3450 exc.
772 3398 849 3451 Char.
868 3397 929 3459 543,
944 3400 960 3448 4
974 3398 1052 3452 Prob.
1074 3397 1138 3449 coti.
1154 3398 1181 3463 o,
1201 3400 1234 3451 25

76 3524 352 3533 ..-—————...——..—
362 3524 375 3529 -

159 3588 362 3640 llinilaom.P
430 3586 699 3639 intercutanea
765 3589 889 3651 lpuram
908 3600 948 3650 pc
967 3602 1030 3651 pura
1053 3588 1154 3653 Ppure
1173 3588 1197 3637 F
1264 3590 1359 3651 5quao

70 3659 256 3709 nominativum
274 3670 299 3710 et
315 3659 456 3708 vocativum
473 3659 555 3708 solum
575 3657 667 3706 babent
681 3671 727 3707 orn.
745 3657 782 3705 P:
801 3657 835 3718 cf.
854 3657 981 3710 Priscian.
998 3656 1029 3705 de
1046 3665 1139 3706 neceni.
1157 3674 1184 3721 p.
1197 3658 1256 3717 522,
1274 3660 1308 3710 30

70 3729 229 3794 Bgurgnlio
247 3728 272 3777 F
341 3726 373 3777 10
390 3729 507 3777 anticanis
525 3727 717 3777 PaniensisF
784 3726 816 3775 12
833 3722 954 3789 hortatio]
975 3728 1084 3793 portatio
1103 3727 1224 3789 Fportio
1240 3728 1259 3790 s
1326 3729 1359 3779 14

70 3800 218 3865 praeposita
242 3812 303 3847 aero
328 3798 444 3848 olittera
462 3797 572 3860 qualibet
593 3799 617 3846 P
640 3796 785 3861 praeposita
803 3809 863 3844 uero
882 3796 897 3843 b
917 3796 998 3844 littera
1014 3796 1055 3844 uel
1076 3795 1188 3860 qnalibet
1206 3796 1255 3851 Fr,-
1327 3798 1358 3850 15

71 3864 146 3933 Libo]
164 3868 218 3933 ligo
235 3868 261 3917 F
327 3866 399 3932 bulo]
417 3869 482 3915 bubo
501 3868 543 3923 Ρς
613 3866 646 3917 18
664 3865 747 3914 earnis
765 3880 811 3917 om.
828 3866 854 3913 P
921 3866 955 3914 20
974 3864 1064 3932 loligo]
1084 3866 1154 3932 oligo
1173 3866 1198 3915 P
1250 3865 1358 3917 hirundo

70 3954 153 4003 erugo
166 3937 281 3986 harundo
299 3937 405 3986 altitudo
424 3937 524 3986 testudo
541 3935 681 3985 similitudo
700 3934 821 3985 lortitado
840 3950 904 3997 quae
923 3936 949 3985 F
964 3934 1071 3986 hirundo
1090 3935 1153 3983 haee
1168 3936 1265 3986 arundo
1286 3952 1358 4003 mag-

73 4007 164 4057 nitudo
182 4007 288 4056 altitudo
307 4016 331 4056 et
349 4007 424 4057 studo
442 4006 551 4055 formido
569 4020 633 4067 quae
648 4005 673 4053 P
740 4006 775 4054 22
793 4005 954 4070 excipiuntur
971 4007 997 4055 in
1013 4014 1120 4069 utroque
1136 4020 1195 4070 geu.
1214 4006 1320 4057 mascul.
1335 4010 1361 4057 P
1437 4016 1444 4029 '

71 4078 199 4141 excipitur
212 4088 352 4139 neutroque
371 4078 474 4144 generis
492 4076 627 4125 masculini
639 4075 664 4124 F
680 4076 840 4139 excipiuntur
858 4076 882 4123 in
903 4084 1010 4139 utroque
1024 4090 1118 4141 genere
1134 4076 1275 4125 masculina
1291 4090 1308 4133 ς

40 4173 46 4189 ·
71 4146 333 4211 2300010οᾶ010
401 4148 436 4196 24
459 4155 518 4194 aaut
535 4154 560 4194 et
577 4154 695 4207 quattuor
708 4146 783 4200 PFs
809 4154 869 4195 sunt
889 4154 1006 4208 quattuor
1019 4162 1037 4211 9
1107 4146 1140 4195 27
1158 4154 1254 4195 tantum
1272 4162 1318 4198 om.
1336 4147 1361 4196 P

141 4227 169 4267 ot
188 4217 253 4266 haec
271 4217 356 4281 pondo
379 4216 469 4266 horum
494 4215 579 4281 pondo
596 4216 646 4265 duo
664 4224 747 4264 autem
763 4215 788 4264 P
814 4226 841 4264 ut
863 4214 925 4264 haec
948 4216 1032 4281 pondo
1056 4212 1130 4279 (nam
1149 4216 1210 4268 odd.
1229 4214 1257 4279 0
1279 4232 1356 4265 unum

73 4288 156 4352 pondo
176 4302 225 4336 non
246 4288 432 4339 di...ei.mns
450 4286 593 4350 (superscr.
613 4285 652 4334 uel
670 4285 722 4334 diei
740 4282 874 4347 scimuss)
894 4286 938 4335 sed
960 4286 985 4335 in
1014 4286 1102 4334 libram
1121 4285 1194 4335 elleri
1217 4284 1314 4348 (ellerri
1330 4287 1358 4349 s)

73 4356 121 4406 (100
140 4359 208 4407 enim
228 4365 253 4407 et
270 4357 318 4404 tria
337 4356 422 4420 pondo
442 4365 467 4404 01
485 4356 605 4421 deinceps
626 4395 812 4409 ............
832 4355 965 4419 (deinceps
984 4355 1068 4405 dicere
1091 4356 1256 4404 obseruamus
1273 4352 1299 4419 s)
1318 4354 1358 4403 nel

74 4428 190 4489 quotiens
207 4427 239 4476 de
257 4436 345 4475 neutro
364 4425 497 4489 loquamur
514 4424 695 4488 (loquimurs)
713 4432 829 4489 correpte
847 4426 961 4475 dieamus
983 4425 1069 4490 pondo
1094 4425 1213 4488 (dicimus
1232 4425 1359 4489 pondos)

73 4497 227 4547 aaromilia
243 4510 396 4547 nararore.
418 4498 427 4545 l
447 4503 552 4544 accentu
570 4495 638 4544 enim
655 4495 734 4561 longo
754 4496 789 4559 (a.
804 4494 912 4544 dicimus
928 4492 1028 4560 adds)
1046 4495 1097 4544 duo
1111 4494 1226 4543 homines
1241 4505 1264 4543 et
1284 4494 1358 4545 ambo

73 4565 191 4617 homines
206 4567 272 4616 dnae
286 4565 405 4628 mulieres
423 4566 514 4615 horum
533 4565 672 4629 ponderum
688 4566 768 4628 (dirae
785 4564 905 4613 mulieres
924 4572 948 4613 et
966 4564 1054 4614 ambae
1074 4564 1191 4613 mulieres
1200 4564 1227 4627 Γ)
1242 4564 1292 4614 (100
1312 4580 1356 4615 au-

74 4644 122 4684 tem
141 4637 168 4686 F
182 4650 210 4685 ut
227 4637 290 4685 baec
307 4637 393 4701 pondo
412 4650 470 4685 narn
490 4649 567 4683 unum
585 4634 671 4699 pondo
689 4648 739 4683 non
754 4634 862 4683 dicimus
881 4634 925 4683 sed
945 4636 969 4681 in
985 4633 1074 4683 libram
1096 4633 1180 4683 efferri
1197 4641 1280 4699 potest
1296 4633 1358 4697 (non

75 4707 124 4756 diei
142 4707 254 4756 sciamus
272 4705 360 4755 sedin
378 4706 457 4756 libros
476 4704 564 4753 referri
578 4703 610 4769 p)
628 4705 678 4753 duo
697 4706 763 4753 enim
781 4713 805 4753 et
822 4705 871 4754 tria
887 4704 971 4769 pondo
990 4714 1015 4754 et
1032 4704 1152 4767 deinceps
1169 4703 1358 4755 obseruabimus

75 4776 113 4824 nel
133 4777 250 4836 quotiens
267 4776 298 4824 de
314 4784 402 4825 neutro
419 4775 546 4839 loquimur
558 4783 673 4839 correpte
686 4775 794 4825 dicimus
810 4773 895 4839 pondo
914 4775 939 4822 in
953 4782 1057 4823 accentu
1071 4774 1149 4835 (enim
1166 4772 1227 4827 add.
1240 4772 1268 4837 s)
1281 4773 1358 4841 longo

76 4849 123 4895 duo
142 4846 259 4896 immines
275 4854 299 4895 et
317 4847 390 4896 ambo
408 4845 523 4898 homines
534 4845 600 4895 duae
614 4844 732 4895 mulieres
745 4853 770 4894 et
781 4844 870 4895 ambae
885 4842 1004 4894 mulieres
1020 4844 1137 4894 dicontur
1155 4843 1206 4894 (100
1222 4853 1358 4910 001001ος
