3350 5442
685 372 758 435 ARS
1305 375 1380 450 379,

1174 498 1195 538 p.
1209 488 1267 529 2⁰66·
1279 489 1305 529 et
1318 486 1342 529 P.

77 558 293 628 Menaechmis,
322 559 438 619 ‘lorte
465 566 504 619 ut
532 560 685 622 multum
711 561 894 641 pluerat’.
939 582 972 625 ea
1000 584 1117 645 quoque
1139 584 1215 646 quae
1239 566 1367 629 diximus

77 662 193 721 infinita
216 659 354 721 omnibus
377 661 564 741 temporibus
586 667 755 724 communia
776 672 860 736 suut,
884 673 917 726 ut
939 666 1066 728 obruere
1089 668 1260 729 incendere.

162 762 287 823 Numeri
315 761 416 823 verbis
443 764 583 824 accidunt
610 764 685 835 duo,
717 767 877 844 singularis
905 774 935 827 et
961 769 1098 848 pluralis:
1133 771 1309 848 singulariS,
1336 778 1370 832 ut
1381 783 1468 847 384,1

75 866 159 943 lego,
188 865 328 944 pluralis,
356 871 390 926 ut
416 864 553 942 legimus.
597 870 732 946 quamvis
759 868 879 947 quidam
909 869 1010 931 dicant
1044 879 1177 951 tompore
1204 875 1370 952 praeterito

50 968 213 1045 aperiecto
235 985 381 1047 personae
403 969 510 1028 tertiae
534 986 600 1028 esse
623 968 739 1030 dualem
760 988 934 1031 numerum:
959 980 991 1033 ut
1013 992 1082 1033 ecce
1105 974 1233 1053 legimus
1254 975 1370 1053 legistis

75 1070 215 1147 legerunt
236 1072 433 1149 praeteritum
455 1071 621 1149 perlectum
644 1077 690 1132 est
709 1076 826 1133 numeri
848 1073 986 1151 pluralis:
1009 1076 1109 1153 legere
1132 1082 1230 1137 autun
1253 1076 1369 1138 dualem

76 1190 144 1232 esse
172 1172 291 1242 dicunt,
321 1178 354 1231 ut
379 1172 434 1232 hoc
461 1172 497 1232 de
526 1172 642 1234 duobus
668 1180 749 1233 recte
779 1173 839 1234 dici
867 1175 1017 1246 videatur,
1046 1177 1184 1255 legerunt
1212 1186 1310 1239 autern
1333 1160 1369 1239 de

76 1273 225 1352 pluribus.
271 1273 323 1334 sed
345 1274 422 1334 hanc
445 1273 645 1335 adsertionem
668 1294 740 1335 usus
761 1276 941 1356 inprobavit.
971 1280 1072 1359 itaque
1096 1298 1131 1340 ex
1155 1282 1369 1342 consuetudine

75 1375 222 1454 pluralem
244 1383 402 1455 utrumque
424 1376 561 1437 dicimus.

39 1496 63 1533 xo
164 1478 240 1539 Sunt
260 1477 351 1539 rerba
373 1478 514 1558 pleraque
537 1497 591 1558 per
613 1498 754 1540 numeros
772 1475 779 1563 l
798 1480 957 1551 defectiva,
980 1490 1015 1543 ut
1036 1490 1082 1545 est
1109 1486 1176 1546 laxo
1197 1487 1278 1546 iniit:
1305 1466 1369 1546 ,non

76 1582 160 1639 enirn
194 1579 229 1639 ad
261 1579 463 1658 pluralitatem
488 1587 658 1652 transeunt,
693 1589 725 1642 ut
752 1584 863 1644 iaciant
890 1585 1017 1647 faximus
1045 1594 1095 1646 aut
1122 1587 1224 1647 indtis.
1269 1595 1369 1648 utrum

76 1689 178 1743 autem
200 1683 333 1742 vicissim
355 1684 415 1743 sint
441 1682 567 1762 pluralia
590 1691 703 1745 tantum
726 1684 833 1755 verba,
857 1704 933 1765 quae
956 1688 987 1747 in
1011 1688 1191 1764 singularem
1213 1707 1370 1750 numerum

76 1802 139 1844 non
162 1789 329 1853 transeant,
351 1784 482 1846 nondum
504 1788 635 1865 repperi.

164 1886 293 1964 Figurae
315 1884 474 1947 uerborum
498 1895 568 1948 sunt
589 1888 679 1958 duae,
708 1890 833 1969 simplex
862 1897 892 1951 et
919 1893 1080 1970 conposita.
1126 1899 1176 1953 aut
1197 1896 1278 1954 enim
1300 1896 1399 1955 sim-3

43 2007 65 2045 15
77 1989 171 2068 plicia
198 1995 267 2049 suut
293 1986 397 2058 rerba,
426 1996 460 2049 ut
488 1988 601 2059 scribo,
630 1997 681 2051 aut
708 1994 876 2070 conposita,
909 2003 942 2053 ut
969 1993 1116 2055 describo.
1162 2003 1370 2075 conponuntur

21 2072 25 2077 ¹
78 2100 179 2152 autern
200 2088 291 2150 verba
313 2089 411 2150 modis
431 2098 588 2169 quattuor,
612 2098 645 2153 ut
667 2099 784 2153 ceterae
805 2100 907 2173 partes
938 2098 1097 2156 orationis:
1128 2114 1164 2157 ex
1187 2097 1303 2160 duobus
1324 2100 1370 2159 in·

78 2195 190 2271 tegris,
212 2198 245 2253 ut
268 2191 439 2271 proscribo;
463 2212 499 2253 ex
521 2193 638 2253 duobus
660 2197 822 2274 corruptis,
847 2204 880 2255 ut
901 2197 1031 2269 suldci03
1055 2216 1090 2258 ex
1113 2200 1231 2277 integro
1254 2208 1283 2261 et
1305 2219 1370 2261 cor-

77 2301 185 2374 rupto,
207 2301 242 2354 ut
262 2294 380 2365 reficio;
405 2313 440 2354 cx
463 2303 603 2376 corrupto
626 2304 657 2357 et
678 2300 811 2375 integro,
834 2304 867 2358 ut
890 2299 1008 2359 sullero.
1049 2310 1258 2379 conponuntur
1281 2304 1370 2362 etiam

79 2395 291 2475 expluribus,
320 2404 355 2456 ut
380 2414 558 2477 reconpono.
603 2399 676 2460 illud
699 2406 798 2460 autem
825 2402 858 2460 in
881 2399 1003 2461 dubium
1026 2420 1083 2461 non
1107 2404 1200 2472 venit,
1230 2404 1370 2483 pleraque

44 2498 172 2559 uuerbe
195 2516 254 2560 uon
282 2517 369 2578 possc
392 2502 534 2579 conponi,
563 2508 597 2560 ut
624 2503 671 2561 aio
699 2520 825 2581 quaeso,
861 2508 891 2560 et
916 2502 1057 2582 pleraque
1086 2522 1190 2565 rursus
1217 2507 1371 2584 conposita

79 2600 231 2681 simplicia
258 2602 323 2661 lieri
352 2620 411 2662 non
439 2622 542 2683 posse,
571 2621 606 2663 ea
628 2604 757 2673 scilicet,
781 2620 857 2683 quae
880 2610 931 2665 aut
953 2622 988 2664 ex
1012 2604 1126 2666 duobus
1148 2609 1299 2685 corruptis
1321 2614 1373 2667 aut

79 2710 162 2764 certe
185 2721 222 2763 ex
242 2706 408 2782 posteriore
431 2712 572 2785 corrupto
594 2714 817 2786 conponuntur,
840 2712 873 2765 ut
896 2706 1011 2767 sullicio
1033 2708 1145 2767 reticio.

165 2805 303 2885 Plerique
331 2807 473 2867 adserunt
499 2826 564 2867 esse
591 2807 681 2868 verba
709 2827 763 2887 per
785 2809 896 2886 ligures
917 2808 1076 2879 defectiva,
1102 2815 1134 2868 ut
1154 2808 1274 2888 impleo.
1320 2809 1370 2870 sed

80 2908 137 2990 hoc
159 2906 321 2967 absurdum
336 2908 468 2978 ridetur,
491 2928 559 2970 cum
574 2928 661 2971 omne
681 2909 819 2981 verbum,
844 2913 869 2971 si
898 2912 1025 2989 conponi
1049 2929 1107 2970 non
1129 2912 1239 2990 possit,
1263 2910 1372 2971 haheat

45 3030 68 3069 aa
81 3012 206 3087 liguram
228 3010 409 3089 simplicem;
438 3013 461 3070 si
489 3030 560 3071 vero
589 3014 775 3092 conpositum
804 3015 858 3083 sit,
887 3012 995 3073 habeat
1022 3013 1147 3090 lrguram
1177 3014 1371 3093 conpositam,

80 3130 179 3190 neque
202 3112 242 3171 sit
264 3111 370 3183 ullum,
393 3112 473 3192 quod
494 3132 552 3173 non
575 3122 626 3174 aut
648 3114 772 3194 simplex
795 3121 846 3175 aut
873 3116 1060 3194 conpositum
1088 3115 1148 3175 dici
1178 3134 1300 3175 necesse
1323 3116 1385 3185 sit,

82 3216 141 3273 nisi
163 3215 239 3274 lorte
262 3232 331 3275 cum
352 3215 475 3275 alterius
496 3218 591 3295 partis
612 3219 778 3297 conpositio
798 3216 843 3276 vel
866 3219 983 3295 integra
1004 3217 1049 3278 vel
1065 3224 1206 3296 corrupta
1222 3224 1371 3297 appareat,

82 3316 209 3376 alterius
231 3318 353 3375 omnino
375 3335 434 3376 non
457 3325 551 3387 extet,
575 3324 610 3377 ut
631 3327 676 3380 est
698 3319 754 3379 hoc
776 3321 875 3398 ipsum
899 3319 1006 3405 impleo
1029 3326 1080 3379 aut
1101 3322 1225 3400 impero.

166 3418 315 3478 Personae
343 3418 443 3479 verbis
471 3420 625 3480 accidunt:
654 3440 758 3481 earum
785 3424 945 3481 varietates
973 3428 1041 3481 sunt
1067 3430 1144 3491 tres,
1172 3441 1248 3501 quae
1269 3423 1375 3499 liguris
1388 3436 1441 3487 18·

46 3542 69 3579 oo
82 3520 243 3581 verboruma
266 3521 499 3598 distinguuntur.
529 3524 626 3602 prima
649 3530 695 3583 cst
716 3540 791 3602 quae
815 3522 901 3592 dicit,
925 3522 1006 3599 lego,
1030 3522 1159 3585 secunda
1181 3526 1229 3584 cui
1252 3524 1372 3593 dicitur,

82 3624 172 3701 legis,
195 3625 284 3685 tertia
307 3623 343 3683 de
366 3643 423 3703 qua
446 3624 571 3693 dicitur,
594 3623 682 3701 legit;
705 3642 781 3703 quae
797 3624 956 3684 distantiae
978 3623 1086 3702 plurali
1108 3643 1225 3705 quoque
1248 3642 1373 3687 numero

82 3733 250 3785 serrantur.
296 3743 364 3785 nam
391 3727 489 3805 prima
516 3744 644 3805 persona
667 3734 727 3796 est,
751 3744 818 3785 cum
842 3724 953 3786 dicitur
974 3726 1115 3803 legimus,
1139 3727 1282 3797 secunda,
1306 3746 1373 3788 cum

83 3828 194 3888 dicitur
216 3826 332 3905 legitis,
356 3831 461 3898 tertia,
486 3846 553 3887 cum
577 3828 687 3888 dicitur
709 3828 822 3905 legunt.
854 3832 923 3887 sunt
944 3827 1088 3906 quaedam
1103 3826 1193 3888 rerba
1216 3846 1292 3907 quae
1315 3848 1373 3889 non

83 3948 137 4008 per
160 3946 262 3989 omnes
283 3947 427 4008 personas
448 3930 529 3991 ilecti
551 3937 693 4010 possunt,
717 3947 811 4010 eaque
826 3929 872 3990 vel
888 3930 1014 4009 primam
1036 3947 1192 4009 personam
1214 3929 1374 3990 indicativo

51 4032 173 4091 eomodo
195 4032 295 4091 statim
318 4050 377 4092 non
398 4032 525 4102 liabent,
548 4040 582 4093 ut
603 4033 684 4103 inlit;
707 4033 764 4103 vel,
787 4034 813 4091 si
836 4034 963 4111 primam
985 4029 1096 4092 habent
1118 4031 1252 4093 sollemni
1275 4033 1376 4092 littera

88 4204 385 4211 —a-—a——u—-m—

154 4304 169 4354 1
188 4299 225 4368 nt]
247 4311 271 4352 et
287 4304 320 4353 M
388 4320 416 4354 ea
436 4320 536 4369 qnoque
555 4305 653 4355 induite
673 4321 737 4370 quae
756 4305 868 4357 diximus
888 4304 912 4353 B
930 4318 1016 4355 eorurn
1037 4321 1086 4369 que
1106 4305 1202 4355 induite
1221 4306 1332 4356 diximus
1351 4306 1374 4355 L

86 4389 115 4422 ea
132 4388 232 4437 quoqne
256 4390 321 4437 quae
339 4374 452 4425 diximus
474 4376 601 4424 induitiuo
618 4376 651 4425 M
719 4376 912 4440 2temporihus
930 4390 975 4426 cnr.
993 4374 1051 4425 BL·
1119 4376 1324 4427 Sassertioneni
1345 4376 1378 4426 M

86 4445 206 4493 rationem
225 4444 283 4492 BL
354 4445 675 4495 13n0ntreusenntBL
745 4445 778 4496 15
793 4444 1015 4496 disoritoBML
1086 4445 1117 4497 16
1134 4447 1177 4497 llll
1197 4444 1330 4496 modisM
1387 4500 1392 4515 ι

88 4512 120 4563 18
138 4522 323 4577 componuntnr
342 4523 425 4564 autern
444 4530 477 4563 ex
495 4516 612 4580 pluribus
628 4516 653 4565 B
667 4525 843 4581 conponuntur
861 4524 944 4565 autern
958 4532 991 4566 ex
1006 4516 1168 4581 eorrpluribus
1181 4517 1206 4567 L
1221 4530 1377 4580 componun-

86 4594 125 4631 tnr
139 4598 173 4658 qx
190 4583 304 4646 pluribus
323 4584 356 4633 M
423 4586 456 4636 ‘21
476 4599 527 4635 non
546 4599 623 4649 posse
639 4592 663 4634 et
680 4601 710 4634 ee
724 4586 750 4635 B
769 4586 837 4635 nullo
856 4585 932 4636 modo
951 4600 1027 4652 posse
1047 4596 1072 4635 et
1089 4602 1119 4636 ee
1135 4587 1197 4637 ML
1214 4587 1282 4635 nullo
1301 4587 1374 4637 modo

88 4668 162 4717 posse
180 4652 362 4703 exstruantur
449 4670 482 4705 ex
499 4656 599 4705 duabus
615 4656 741 4721 corruptis
758 4655 815 4705 Bb
833 4672 865 4705 ex
882 4655 982 4705 duobus
1000 4671 1068 4709 coar.
1089 4672 1121 4705 ex
1140 4657 1238 4706 dnobus
1259 4657 1293 4706 M

85 4725 119 4770 22
137 4732 252 4787 corrupto
269 4723 332 4772 ΒΜ
349 4734 464 4789 correpta
481 4725 505 4772 L
577 4725 661 4775 reticio
681 4740 810 4788 euperem.
831 4729 866 4776 nl.
881 4743 947 4780 naon,
968 4725 1018 4776 nisi
1035 4726 1139 4776 redeant
1155 4726 1187 4775 ad
1207 4727 1374 4793 integritatem

87 4790 111 4839 B
180 4792 216 4843 20
231 4807 312 4856 neque
331 4797 364 4843 sit
380 4794 459 4844 ullum
481 4795 549 4859 quod
566 4796 605 4845 arel
626 4810 673 4845 nec
691 4810 741 4845 nun
759 4804 803 4844 aut
821 4796 846 4843 B
866 4810 947 4858 neque
966 4796 999 4845 sit
1017 4796 1095 4847 ullum
1116 4796 1231 4861 (uerbum
1252 4797 1311 4850 add.
1332 4796 1376 4857 M)

88 4862 153 4924 quod
173 4876 218 4911 ner
233 4871 276 4911 aut
292 4864 323 4912 M
330 4864 354 4913 J]
1133 4882 1137 4891 “

1107 4949 1173 5011 25*
