3350 5442
676 357 747 422 aas
1297 354 1360 423 393

90 482 109 511 e.
124 472 157 511 ro.
172 472 203 509 ιι.
1184 482 1205 522 p.
1220 473 1295 512 re-ro
1308 469 1334 511 a.

61 549 168 629 lipben
191 549 410 611 barbarismum
432 550 547 619 lacere,
576 550 639 628 qui,
664 557 696 608 ut
719 549 905 611 dicaturum
933 569 1065 630 passam,
1096 550 1168 612 dicit
1196 570 1262 611 uam
1292 570 1359 631 pas·

61 672 145 725 sam,
175 662 205 713 et
225 660 259 714 ut
287 653 364 712 dicat
390 650 548 732 inlduruit,
578 650 655 731 quod
679 660 723 711 est
746 652 987 731 tetrasyllabum,
1018 652 1091 713 dicit
1112 652 1258 722 induruit,
1281 653 1359 733 quod

61 764 110 815 est
131 755 336 835 trisyllabum?

151 858 230 918 llaec
258 858 323 917 lero
352 866 435 927 sunt,
465 875 540 937 quae
569 858 599 917 in
622 857 685 936 ipsa
708 857 872 936 prolatione
896 860 927 918 in
950 856 1169 918 barbarismum
1192 858 1358 918 incurrunt.

38 959 120 1017 ssed
144 966 212 1020 sunt
238 968 268 1019 ct
296 959 346 1019 alii
375 959 469 1029 modi,
498 978 573 1039 quos
595 959 715 1038 quidam
737 968 950 1039 praeceptores
972 958 1175 1020 barbarismos
1197 961 1359 1029 nominant,

62 1062 103 1120 de
126 1060 235 1141 quibus
256 1061 327 1141 quid
350 1063 521 1133 sentiamus,
546 1060 678 1121 breviter
694 1060 920 1140 explicabimus.
952 1081 985 1122 ac
1001 1062 1129 1141 primum
1152 1060 1224 1121 illud
1248 1062 1359 1131 dicunt,

61 1172 232 1224 structuras
260 1172 362 1224 contra
390 1165 536 1224 rationem
564 1172 733 1244 temporum
763 1164 857 1225 lactas
884 1163 1062 1224 barbarismi
1089 1164 1159 1223 vitio
1187 1165 1360 1225 censendas.

62 1266 147 1345 quod
169 1284 235 1327 cum
259 1265 306 1325 alii
329 1274 454 1344 negant,
478 1269 560 1327 aiunt
582 1274 749 1327 structurae
765 1267 868 1327 vitium
890 1268 920 1327 in
944 1266 1009 1346 ipso
1031 1266 1117 1326 titulo
1138 1284 1279 1345 peccare,
1303 1286 1360 1327 non

62 1370 98 1427 in
122 1368 302 1429 barbarismi
331 1369 444 1428 crimen
473 1388 538 1429 esse
568 1370 776 1448 redigendum.
820 1388 875 1430 nos
897 1370 969 1448 quid
991 1371 1169 1437 sentiamus,
1198 1369 1361 1448 explicabi-

29 1489 143 1531 mmus.
182 1472 233 1551 qui
255 1477 434 1531 structuram
458 1490 619 1549 congruam
642 1491 700 1533 non
724 1474 811 1541 lacit,
835 1490 903 1532 cum
925 1472 1024 1532 lacere
1048 1491 1080 1531 se
1103 1478 1285 1561 structuram
1307 1489 1361 1551 pu·

63 1580 123 1643 tat,
148 1575 293 1653 temporis
315 1572 376 1634 illic
398 1575 560 1654 praecipue
577 1576 692 1635 ratione
715 1583 835 1653 peccat,
859 1573 1009 1634 interdum
1033 1583 1065 1634 ut
1088 1592 1212 1634 numero
1235 1572 1361 1653 syllaba·

63 1693 134 1733 rum
158 1694 216 1735 non
241 1684 358 1754 peccet,
382 1676 533 1737 interdum
556 1685 589 1737 ut
611 1695 737 1738 nunrero
759 1675 940 1755 syllabarum
962 1684 1080 1755 peccet,
1110 1677 1199 1757 idque
1225 1676 1362 1739 bilariam

63 1779 137 1837 iacit
170 1780 228 1846 sic,
257 1785 290 1838 ut
318 1778 361 1837 vel
392 1779 480 1839 addat
506 1779 552 1839 vel
581 1779 726 1839 detrahat.
771 1780 829 1839 iam
857 1780 958 1859 utique
988 1780 1013 1839 si
1042 1778 1124 1839 addit
1153 1787 1203 1839 aut
1232 1778 1363 1840 detrahit

66 1894 201 1958 tempus,
233 1878 311 1959 quod
339 1899 397 1940 non
426 1898 557 1959 congrua
584 1882 699 1941 ratione
729 1881 879 1960 prolatum
908 1888 953 1940 est
979 1881 1010 1939 in
1039 1879 1219 1941 barbarismi
1254 1899 1361 1942 nomen

30 2002 52 2040 15
65 1982 181 2042 incidat
203 1999 326 2042 necesse
349 1991 404 2043 est.
448 2002 541 2044 unum
570 1983 606 2043 ad
634 1982 709 2044 hanc
733 2001 796 2044 rem
819 1982 1002 2063 probandam
1027 1982 1120 2042 (luove
1144 1984 1279 2064 exempla
1302 1984 1362 2045 sui·

65 2087 180 2145 liciunt.
225 2083 289 2144 rult
310 2092 428 2145 struere
451 2086 558 2166 aliquis
579 2106 616 2146 ex
638 2087 779 2147 trochaeo
802 2093 832 2145 et
854 2085 998 2153 molosso,
1022 2094 1055 2145 ut
1079 2087 1103 2145 si
1127 2086 1207 2145 dicat
1230 2086 1361 2166 ‘copiam

66 2206 133 2246 asse
157 2186 341 2258 doctorum',
366 2195 548 2249 structuram
570 2191 713 2268 optimam
735 2190 817 2248 lacit.
851 2188 957 2267 quodsi
979 2187 1058 2247 dicat
1081 2188 1158 2248 hanc
1181 2196 1362 2249 structuram
1410 2196 1416 2211 '

66 2308 96 2347 se
127 2290 227 2349 lacere
256 2290 429 2352 existimans
452 2293 586 2369 ‘copiam
614 2310 678 2351 esse
707 2290 843 2350 ciborum
852 2295 871 2361 ',
895 2288 1114 2349 barbarismum
1137 2292 1259 2350 lecerit:
1293 2290 1363 2351 sub·

67 2390 160 2451 trabit
182 2393 262 2453 enim
285 2399 402 2473 tempus
425 2393 461 2453 de
485 2393 612 2454 molosso
633 2396 664 2454 in
688 2396 785 2472 prima
808 2391 919 2471 syllaba
943 2400 981 2461 ct,
1006 2392 1076 2451 dum
1099 2400 1266 2454 structurae
1290 2393 1364 2453 velit

30 2494 257 2563 sosatisiacere,
284 2495 421 2574 producit
447 2498 576 2575 primam
604 2494 762 2575 syllabam,
793 2502 825 2555 ut
847 2494 925 2553 dicat
948 2492 1097 2563 ciborum,
1121 2514 1189 2555 cum
1213 2497 1240 2555 ci
1264 2494 1363 2555 brevis

66 2599 115 2656 sit.
161 2598 327 2657 adiectione
350 2616 420 2675 ergo
443 2594 596 2677 tempohis
619 2600 651 2657 in
672 2596 893 2677 pronuntiando
921 2598 994 2657 lacit
1017 2596 1246 2683 barbarismum.
1291 2599 1361 2658 item

67 2720 83 2757 e
112 2701 264 2759 contrario
292 2706 376 2777 putat
403 2720 434 2760 se
463 2701 565 2761 nescio
593 2702 661 2779 quis
688 2702 788 2760 lacere
816 2705 998 2759 structuram
1023 2718 1057 2757 cx
1081 2700 1221 2759 trochaeo
1244 2706 1274 2759 et
1295 2700 1362 2760 ione

67 2801 271 2880 apelassonos,
295 2802 390 2880 qualis
413 2810 563 2863 structum
586 2822 651 2862 csse
667 2802 784 2862 videtur
806 2801 850 2862 illi
872 2804 955 2861 ‘esse
978 2799 1184 2862 merebatur':
1209 2802 1258 2863 hio
1281 2802 1363 2862 addit

68 2904 215 2963 secundae
243 2903 372 2983 syllabae
401 2906 577 2983 posterioris
604 2904 689 2964 verbi
718 2912 836 2984 tempus
857 2923 951 2964 unum
974 2911 1004 2963 ct
1026 2923 1091 2963 cam
1113 2921 1169 2983 pro
1191 2903 1276 2963 brevi
1299 2904 1361 2965 lon-

33 3028 57 3065 ιι
70 3026 138 3082 gam
160 3007 274 3084 posuit,
298 3025 387 3085 quam
409 3009 440 3066 in
464 3009 708 3085 pronuntiatione
724 3007 760 3068 ad
776 3006 1002 3066 similitudinem
1026 3005 1107 3065 illius
1123 3024 1210 3066 verae
1234 3014 1362 3067 structu·

68 3096 119 3167 rac
142 3108 282 3185 redigens
305 3110 465 3187 corripuit,
495 3117 524 3169 et
549 3111 622 3170 lacit
649 3110 784 3171 fraudem
814 3110 944 3169 sermoni
973 3126 1028 3187 per
1051 3108 1265 3168 detractionem
1287 3117 1361 3169 tem-

68 3212 164 3289 poris,
188 3218 276 3290 atquc
300 3210 367 3269 ideo
390 3208 596 3272 barbarismus
619 3220 673 3271 est.
712 3211 758 3271 vel
780 3211 878 3290 qualis
906 3218 951 3270 est
973 3210 1098 3270 ‘Verres
1120 3229 1256 3272 nummos
1278 3231 1361 3273 accc-

68 3314 181 3391 perat’,
204 3330 273 3372 cum
296 3312 406 3393 optima
429 3321 521 3384 esset,
550 3315 576 3373 si
598 3316 749 3393 posuisset
771 3333 808 3374 ex
830 3312 971 3373 trochaeo
994 3319 1023 3372 ct
1045 3316 1113 3373 ione
1137 3315 1248 3374 maiore
1270 3314 1360 3374 ‘Ver-

68 3433 120 3474 res
144 3433 281 3476 nummos
309 3420 495 3493 acccpcrat'.
540 3416 592 3475 sed
621 3417 657 3476 dc
685 3417 741 3477 hoc
769 3434 880 3494 genere
909 3415 1028 3476 vitando
1061 3415 1182 3493 longum
1211 3424 1256 3476 cst
1284 3435 1362 3477 nunc

33 3520 235 3596 aodisputare,
265 3536 332 3577 curn
360 3520 398 3577 sit
429 3517 501 3577 mihi
529 3517 694 3579 destinatus
721 3521 861 3598 proprius
891 3518 992 3578 titulus
1015 3516 1050 3576 de
1075 3526 1292 3579 structurarum
1315 3538 1361 3579 ra-

70 3623 166 3689 tione,
188 3618 241 3679 ubi
269 3638 337 3680 cum
365 3620 453 3699 plene
476 3624 608 3680 exsecuti
631 3623 793 3695 fuerimus,
822 3618 1049 3699 quibusmodis
1073 3618 1169 3680 bonae
1193 3630 1360 3682 structurae

71 3726 155 3794 liant,
184 3730 214 3781 et
241 3721 351 3802 quibus
378 3722 476 3782 modis
502 3724 638 3795 vitiosae,
668 3724 773 3784 eodem
801 3726 867 3803 ipso
896 3722 983 3782 titulo
1012 3721 1113 3782 doceri
1141 3731 1282 3801 poterunt
1310 3726 1361 3803 qui

54 3826 128 3884 'hoc
153 3842 246 3900 genus
273 3823 455 3885 barbarismi
483 3827 576 3886 vitare
599 3825 760 3895 voluerint,
790 3843 848 3904 qua
871 3826 985 3885 ratione
1009 3832 1107 3885 rectas
1129 3832 1292 3886 structuras
1314 3846 1361 3885 se·

72 3928 187 4005 ryuendo
215 3927 291 3989 nihil
320 3928 351 3986 in
379 3927 567 4007 temporibus
594 3927 772 3990 barbarismi
799 3934 921 4006 ponant.
951 3920 957 4009 1
989 3927 1119 3987 secundo
1147 3926 1219 3988 illud
1248 3928 1360 3997 dicunt,

34 4053 58 4091 a
72 4031 259 4107 mytacismos
282 4036 312 4089 et
333 4028 532 4091 labdacismos
554 4038 584 4091 ct
606 4033 778 4092 iotacismos
793 4030 829 4090 ad
849 4028 1027 4090 barbarismi
1051 4031 1181 4109 speciem
1196 4032 1360 4109 pertinere.

74 4131 130 4190 lroc
154 4152 222 4211 ego,
252 4132 331 4211 quod
359 4133 395 4194 ad
424 4140 521 4194 certas
547 4132 663 4194 litteras
689 4134 779 4195 huius
808 4132 888 4193 modi
915 4135 1018 4193 attium
1046 4133 1173 4193 reddere
1196 4132 1361 4203 voluerunt,

74 4238 224 4295 nonsatis
252 4233 358 4314 probo.
402 4254 471 4296 nam
499 4242 567 4295 sunt
595 4243 625 4297 et
653 4235 728 4297 aliae
756 4234 902 4315 quaedam
924 4234 1057 4303 litterae,
1082 4252 1156 4314 quac
1178 4252 1233 4314 pro
1256 4243 1360 4295 natura

143 4437 260 4504 luvam]
279 4457 305 4499 u,
322 4454 348 4502 u,
366 4454 408 4489 om
426 4438 460 4488 M
525 4434 594 4505 uam]
618 4453 694 4487 uuam
710 4436 743 4487 M
809 4437 949 4491 destom.
969 4436 1002 4487 M
1067 4439 1129 4489 din
1145 4442 1288 4504 posteriore
1306 4440 1361 4489 loco

74 4525 122 4560 om.
138 4510 167 4560 M
235 4512 252 4561 8
271 4524 377 4575 peccare
395 4525 453 4559 cum
471 4523 520 4558 uon
540 4508 572 4556 M
576 4523 718 4573 :peccares
737 4523 795 4557 cum
813 4524 864 4560 uon
882 4509 907 4557 in
927 4508 1077 4558 barbarismi
1095 4510 1189 4558 crimen
1211 4517 1278 4558 esset
1296 4508 1361 4557 redi-

75 4580 184 4645 gendum
202 4580 282 4631 edidit
298 4578 463 4630 Buttmunnus
520 4579 553 4629 13
573 4575 622 4643 sic]
643 4578 693 4627 sibi
710 4577 744 4629 M
801 4580 834 4631 15
855 4578 1094 4628 ineidatGrameruc
1112 4579 1211 4628 incedat
1229 4578 1261 4627 M
1331 4578 1362 4629 18

76 4650 162 4700 iecerit
182 4649 342 4703 Heinrichiua
365 4650 435 4713 apud
454 4648 629 4698 Buttmannam
651 4647 746 4697 lecerat
764 4648 798 4698 M
866 4646 899 4699 19
923 4648 984 4697 dum
1003 4656 1129 4699 structura
1147 4649 1180 4697 M
1247 4648 1282 4697 22
1305 4648 1361 4697 ione

76 4720 237 4783 appellasouo
255 4720 288 4768 M
356 4713 642 4784 cantumerulam
712 4716 746 4768 26
764 4719 889 4768 sermonis
908 4718 942 4767 M
1008 4720 1042 4768 27
1057 4719 1183 4785 acciperet
1200 4722 1290 4782 priore
1308 4720 1370 4782 loco,

77 4790 215 4841 Crmerm.
229 4792 344 4855 sortasse
356 4790 450 4838 Verres
473 4802 591 4838 nummos
617 4796 750 4852 acceperat
768 4797 793 4838 et
803 4797 895 4853 postea
913 4802 1030 4839 nummos
1051 4788 1144 4840 Verris
1163 4798 1294 4853 acceperat

75 4858 113 4908 28
128 4862 216 4924 optima
234 4870 272 4911 est
283 4861 316 4909 M
359 4854 551 4925 'dipouentM
594 4846 817 4909 35moetacismos
835 4860 1046 4909 etlautascismos
1060 4858 1091 4908 M
1126 4856 1160 4908 36
1173 4859 1260 4908 vitium
1273 4873 1318 4910 ora.
1331 4858 1362 4906 M

132 4949 298 4993 omninum
311 4948 444 4992 aarrmv.
1117 4940 1159 5004 26
