<?xml version="1.0" encoding="UTF-8"?>
<!DOCTYPE html PUBLIC "-//W3C//DTD XHTML 1.0 Transitional//EN"
    "http://www.w3.org/TR/xhtml1/DTD/xhtml1-transitional.dtd">
<html xmlns="http://www.w3.org/1999/xhtml" xml:lang="en" lang="en">
 <head>
  <title>
</title>
<meta http-equiv="Content-Type" content="text/html;charset=utf-8" />
  <meta name='ocr-system' content='tesseract 3.04.00' />
  <meta name='ocr-capabilities' content='ocr_page ocr_carea ocr_par ocr_line ocrx_word'/>
</head>
<body>
  <div class='ocr_page' id='page_1' title='image "./grammaticilatin02hagagoog_0189.png"; bbox 0 0 3350 5442; ppageno 0'>
   <div class='ocr_carea' id='block_1_1' title="bbox 304 398 1029 465">
    <p class='ocr_par' dir='ltr' id='par_1_1' title="bbox 304 398 1029 465">
     <span class='ocr_line' id='line_1_1' title="bbox 304 398 1029 465; baseline 0 -2"><span class='ocrx_word' id='word_1_1' title='bbox 304 399 365 465; x_wconf 83' lang='lat'><strong>180</strong></span> <span class='ocrx_word' id='word_1_2' title='bbox 721 398 729 405; x_wconf 80' lang='grc'><strong>“</strong></span> <span class='ocrx_word' id='word_1_3' title='bbox 875 400 1029 464; x_wconf 75' lang='lat' dir='ltr'><strong>volventi</strong></span> 
     </span>
    </p>
   </div>
   <div class='ocr_carea' id='block_1_2' title="bbox 179 509 1653 3947">
    <p class='ocr_par' dir='ltr' id='par_1_2' title="bbox 263 509 1627 1388">
     <span class='ocr_line' id='line_1_2' title="bbox 327 509 486 564; baseline -0.006 -14"><span class='ocrx_word' id='word_1_4' title='bbox 327 522 349 564; x_wconf 94' lang='lat' dir='ltr'><strong>p.</strong></span> <span class='ocrx_word' id='word_1_5' title='bbox 363 511 451 552; x_wconf 79' lang='lat' dir='ltr'><strong>teo-en</strong></span> <span class='ocrx_word' id='word_1_6' title='bbox 464 509 486 549; x_wconf 87' lang='lat' dir='ltr'><strong>L.</strong></span> 
     </span>
     <span class='ocr_line' id='line_1_3' title="bbox 302 586 1598 669; baseline -0.003 -18"><span class='ocrx_word' id='word_1_7' title='bbox 302 599 331 651; x_wconf 90' lang='lat' dir='ltr'><strong>et</strong></span> <span class='ocrx_word' id='word_1_8' title='bbox 353 590 403 651; x_wconf 91' lang='lat' dir='ltr'><strong>diu</strong></span> <span class='ocrx_word' id='word_1_9' title='bbox 426 590 482 651; x_wconf 90' lang='lat' dir='ltr'><strong>hoc</strong></span> <span class='ocrx_word' id='word_1_10' title='bbox 505 591 668 669; x_wconf 86' lang='lat' dir='ltr'><strong>quaesitum</strong></span> <span class='ocrx_word' id='word_1_11' title='bbox 697 596 749 649; x_wconf 91' lang='lat' dir='ltr'><strong>est.</strong></span> <span class='ocrx_word' id='word_1_12' title='bbox 795 597 938 669; x_wconf 91' lang='lat' dir='ltr'><strong>quantum</strong></span> <span class='ocrx_word' id='word_1_13' title='bbox 962 588 1078 650; x_wconf 88' lang='lat' dir='ltr'><strong>videtur</strong></span> <span class='ocrx_word' id='word_1_14' title='bbox 1100 588 1187 649; x_wconf 93' lang='lat' dir='ltr'><strong>nobis</strong></span> <span class='ocrx_word' id='word_1_15' title='bbox 1213 588 1250 649; x_wconf 88' lang='lat' dir='ltr'><strong>ad</strong></span> <span class='ocrx_word' id='word_1_16' title='bbox 1273 586 1439 667; x_wconf 83' lang='lat' dir='ltr'><strong>simplicem</strong></span> <span class='ocrx_word' id='word_1_17' title='bbox 1461 588 1598 649; x_wconf 90' lang='lat' dir='ltr'><strong>intellec·</strong></span> 
     </span>
     <span class='ocr_line' id='line_1_4' title="bbox 301 690 1598 771; baseline -0.002 -18"><span class='ocrx_word' id='word_1_18' title='bbox 301 701 378 762; x_wconf 87' lang='lat' dir='ltr'><strong>tum,</strong></span> <span class='ocrx_word' id='word_1_19' title='bbox 408 693 594 753; x_wconf 90' lang='lat' dir='ltr'><strong>accusativus</strong></span> <span class='ocrx_word' id='word_1_20' title='bbox 621 690 744 771; x_wconf 88' lang='lat' dir='ltr'><strong>pluralis</strong></span> <span class='ocrx_word' id='word_1_21' title='bbox 773 698 831 761; x_wconf 89' lang='lat' dir='ltr'><strong>est,</strong></span> <span class='ocrx_word' id='word_1_22' title='bbox 863 692 915 752; x_wconf 89' lang='lat' dir='ltr'><strong>has</strong></span> <span class='ocrx_word' id='word_1_23' title='bbox 938 690 1072 752; x_wconf 78' lang='lat' dir='ltr'><strong>familias.</strong></span> <span class='ocrx_word' id='word_1_24' title='bbox 1118 693 1264 753; x_wconf 90' lang='lat' dir='ltr'><strong>tamensi</strong></span> <span class='ocrx_word' id='word_1_25' title='bbox 1287 710 1389 753; x_wconf 90' lang='lat' dir='ltr'><strong>verum</strong></span> <span class='ocrx_word' id='word_1_26' title='bbox 1412 690 1598 758; x_wconf 78' lang='lat' dir='ltr'><strong>consideres,</strong></span> 
     </span>
     <span class='ocr_line' id='line_1_5' title="bbox 301 792 1600 874; baseline -0.004 -17"><span class='ocrx_word' id='word_1_27' title='bbox 301 814 359 857; x_wconf 93' lang='lat' dir='ltr'><strong>non</strong></span> <span class='ocrx_word' id='word_1_28' title='bbox 384 803 427 855; x_wconf 90' lang='lat' dir='ltr'><strong>est</strong></span> <span class='ocrx_word' id='word_1_29' title='bbox 449 796 642 863; x_wconf 87' lang='lat' dir='ltr'><strong>accusativus,</strong></span> <span class='ocrx_word' id='word_1_30' title='bbox 667 792 719 854; x_wconf 91' lang='lat' dir='ltr'><strong>sed</strong></span> <span class='ocrx_word' id='word_1_31' title='bbox 743 796 897 873; x_wconf 79' lang='lat' dir='ltr'><strong>genetivus</strong></span> <span class='ocrx_word' id='word_1_32' title='bbox 920 793 1078 872; x_wconf 89' lang='lat' dir='ltr'><strong>singularis</strong></span> <span class='ocrx_word' id='word_1_33' title='bbox 1100 796 1247 874; x_wconf 88' lang='lat' dir='ltr'><strong>antiquus.</strong></span> <span class='ocrx_word' id='word_1_34' title='bbox 1292 794 1369 874; x_wconf 91' lang='lat' dir='ltr'><strong>apud</strong></span> <span class='ocrx_word' id='word_1_35' title='bbox 1391 795 1521 854; x_wconf 89' lang='lat' dir='ltr'><strong>maiores</strong></span> <span class='ocrx_word' id='word_1_36' title='bbox 1543 811 1600 852; x_wconf 93' lang='lat' dir='ltr'><strong>no·</strong></span> 
     </span>
     <span class='ocr_line' id='line_1_6' title="bbox 300 882 1601 977; baseline -0.003 -18"><span class='ocrx_word' id='word_1_37' title='bbox 300 904 378 959; x_wconf 89' lang='lat' dir='ltr'><strong>stros</strong></span> <span class='ocrx_word' id='word_1_38' title='bbox 401 900 480 959; x_wconf 91' lang='lat' dir='ltr'><strong>euim</strong></span> <span class='ocrx_word' id='word_1_39' title='bbox 503 896 645 977; x_wconf 80' lang='lat' dir='ltr'><strong>pleraque</strong></span> <span class='ocrx_word' id='word_1_40' title='bbox 674 898 792 957; x_wconf 91' lang='lat' dir='ltr'><strong>uomina</strong></span> <span class='ocrx_word' id='word_1_41' title='bbox 822 882 864 957; x_wconf 25' lang='lat' dir='ltr'><strong>ad*</strong></span> <span class='ocrx_word' id='word_1_42' title='bbox 885 898 974 958; x_wconf 88' lang='lat' dir='ltr'><strong>ritum</strong></span> <span class='ocrx_word' id='word_1_43' title='bbox 1003 915 1144 976; x_wconf 89' lang='lat' dir='ltr'><strong>graecum</strong></span> <span class='ocrx_word' id='word_1_44' title='bbox 1172 896 1407 958; x_wconf 82' lang='lat' dir='ltr'><strong>declinabantur.</strong></span> <span class='ocrx_word' id='word_1_45' title='bbox 1452 894 1601 956; x_wconf 87' lang='lat' dir='ltr'><strong>babemus</strong></span> 
     </span>
     <span class='ocr_line' id='line_1_7' title="bbox 300 997 1627 1080; baseline -0.001 -19"><span class='ocrx_word' id='word_1_46' title='bbox 300 999 377 1080; x_wconf 89' lang='lat' dir='ltr'><strong>apud</strong></span> <span class='ocrx_word' id='word_1_47' title='bbox 402 999 572 1061; x_wconf 81' lang='lat' dir='ltr'><strong>Sallustium</strong></span> <span class='ocrx_word' id='word_1_48' title='bbox 597 999 814 1060; x_wconf 85' lang='lat' dir='ltr'><strong>‘thesauros</strong></span> <span class='ocrx_word' id='word_1_49' title='bbox 842 999 1034 1061; x_wconf 84' lang='lat' dir='ltr'><strong>custodias</strong></span> <span class='ocrx_word' id='word_1_50' title='bbox 1062 1002 1215 1078; x_wconf 90' lang='lat' dir='ltr'><strong>regias’.</strong></span> <span class='ocrx_word' id='word_1_51' title='bbox 1258 1001 1299 1060; x_wconf 91' lang='lat' dir='ltr'><strong>ita</strong></span> <span class='ocrx_word' id='word_1_52' title='bbox 1321 997 1445 1078; x_wconf 77' lang='lat' dir='ltr'><strong>lolcutus</strong></span> <span class='ocrx_word' id='word_1_53' title='bbox 1468 1005 1521 1058; x_wconf 88' lang='lat' dir='ltr'><strong>est.</strong></span> <span class='ocrx_word' id='word_1_54' title='bbox 1572 1004 1627 1060; x_wconf 80' lang='lat' dir='ltr'><strong>ets</strong></span> 
     </span>
     <span class='ocr_line' id='line_1_8' title="bbox 300 1100 1602 1182; baseline -0.002 -19"><span class='ocrx_word' id='word_1_55' title='bbox 300 1104 352 1182; x_wconf 90' lang='lat' dir='ltr'><strong>qui</strong></span> <span class='ocrx_word' id='word_1_56' title='bbox 376 1104 433 1164; x_wconf 88' lang='lat' dir='ltr'><strong>erit</strong></span> <span class='ocrx_word' id='word_1_57' title='bbox 455 1100 641 1163; x_wconf 87' lang='lat' dir='ltr'><strong>intellectusl</strong></span> <span class='ocrx_word' id='word_1_58' title='bbox 665 1100 770 1163; x_wconf 89' lang='lat' dir='ltr'><strong>nullus.</strong></span> <span class='ocrx_word' id='word_1_59' title='bbox 800 1100 852 1163; x_wconf 90' lang='lat' dir='ltr'><strong>sed</strong></span> <span class='ocrx_word' id='word_1_60' title='bbox 874 1102 931 1162; x_wconf 92' lang='lat' dir='ltr'><strong>boc</strong></span> <span class='ocrx_word' id='word_1_61' title='bbox 946 1101 1037 1163; x_wconf 91' lang='lat' dir='ltr'><strong>voluit</strong></span> <span class='ocrx_word' id='word_1_62' title='bbox 1058 1102 1168 1172; x_wconf 83' lang='lat' dir='ltr'><strong>dicere,</strong></span> <span class='ocrx_word' id='word_1_63' title='bbox 1193 1104 1305 1163; x_wconf 79' lang='lat' dir='ltr'><strong>‘tenuit</strong></span> <span class='ocrx_word' id='word_1_64' title='bbox 1319 1100 1461 1162; x_wconf 89' lang='lat' dir='ltr'><strong>Lucullus</strong></span> <span class='ocrx_word' id='word_1_65' title='bbox 1476 1100 1602 1161; x_wconf 88' lang='lat' dir='ltr'><strong>thesau-</strong></span> 
     </span>
     <span class='ocr_line' id='line_1_9' title="bbox 299 1202 1604 1285; baseline -0.002 -21"><span class='ocrx_word' id='word_1_66' title='bbox 299 1222 348 1264; x_wconf 93' lang='lat' dir='ltr'><strong>ros</strong></span> <span class='ocrx_word' id='word_1_67' title='bbox 378 1204 436 1283; x_wconf 80' lang='grc' dir='ltr'><strong>τῆς</strong></span> <span class='ocrx_word' id='word_1_68' title='bbox 462 1204 609 1266; x_wconf 79' lang='lat' dir='ltr'><strong>custodias</strong></span> <span class='ocrx_word' id='word_1_69' title='bbox 637 1204 695 1285; x_wconf 84' lang='grc' dir='ltr'><strong>τῆς</strong></span> <span class='ocrx_word' id='word_1_70' title='bbox 723 1206 849 1283; x_wconf 85' lang='lat' dir='ltr'><strong>regias’,</strong></span> <span class='ocrx_word' id='word_1_71' title='bbox 878 1220 985 1281; x_wconf 89' lang='lat' dir='ltr'><strong>graeca</strong></span> <span class='ocrx_word' id='word_1_72' title='bbox 1013 1203 1226 1266; x_wconf 84' lang='lat' dir='ltr'><strong>declinatione:</strong></span> <span class='ocrx_word' id='word_1_73' title='bbox 1255 1202 1552 1285; x_wconf 88' lang='lat' dir='ltr'><strong>quemadmodum</strong></span> <span class='ocrx_word' id='word_1_74' title='bbox 1578 1204 1604 1261; x_wconf 88' lang='lat' dir='ltr'><strong>si</strong></span> 
     </span>
     <span class='ocr_line' id='line_1_10' title="bbox 263 1304 1602 1388; baseline -0.002 -22"><span class='ocrx_word' id='word_1_75' title='bbox 263 1342 269 1353; x_wconf 54' lang='grc' dir='ltr'>ι</span> <span class='ocrx_word' id='word_1_76' title='bbox 301 1306 381 1367; x_wconf 91' lang='lat' dir='ltr'><strong>dicas</strong></span> <span class='ocrx_word' id='word_1_77' title='bbox 403 1306 477 1367; x_wconf 89' lang='lat' dir='ltr'><strong>haec</strong></span> <span class='ocrx_word' id='word_1_78' title='bbox 499 1307 595 1375; x_wconf 88' lang='lat' dir='ltr'><strong>illusa,</strong></span> <span class='ocrx_word' id='word_1_79' title='bbox 625 1306 672 1367; x_wconf 88' lang='lat' dir='ltr'><strong>lac</strong></span> <span class='ocrx_word' id='word_1_80' title='bbox 695 1306 923 1367; x_wconf 89' lang='lat' dir='ltr'><strong>declinationem</strong></span> <span class='ocrx_word' id='word_1_81' title='bbox 947 1325 1098 1385; x_wconf 89' lang='lat' dir='ltr'><strong>graecam,</strong></span> <span class='ocrx_word' id='word_1_82' title='bbox 1128 1308 1186 1388; x_wconf 81' lang='grc' dir='ltr'><strong>τῆς</strong></span> <span class='ocrx_word' id='word_1_83' title='bbox 1208 1307 1318 1376; x_wconf 66' lang='lat' dir='ltr'><strong>illusam</strong></span> <span class='ocrx_word' id='word_1_84' title='bbox 1342 1304 1440 1368; x_wconf 89' lang='lat' dir='ltr'><strong>tabula</strong></span> <span class='ocrx_word' id='word_1_85' title='bbox 1469 1306 1532 1385; x_wconf 80' lang='grc' dir='ltr'><strong>τῆς</strong></span> <span class='ocrx_word' id='word_1_86' title='bbox 1555 1311 1602 1363; x_wconf 89' lang='lat' dir='ltr'><strong>ta·</strong></span> 
     </span>
    </p>

    <p class='ocr_par' dir='ltr' id='par_1_3' title="bbox 298 1406 1644 2103">
     <span class='ocr_line' id='line_1_11' title="bbox 300 1406 1603 1488; baseline -0.002 -19"><span class='ocrx_word' id='word_1_87' title='bbox 300 1408 394 1470; x_wconf 88' lang='lat' dir='ltr'><strong>bulas.</strong></span> <span class='ocrx_word' id='word_1_88' title='bbox 440 1408 475 1470; x_wconf 90' lang='lat' dir='ltr'><strong>ad</strong></span> <span class='ocrx_word' id='word_1_89' title='bbox 504 1410 714 1469; x_wconf 79' lang='lat' dir='ltr'><strong>nominativum</strong></span> <span class='ocrx_word' id='word_1_90' title='bbox 745 1410 836 1488; x_wconf 85' lang='lat' dir='ltr'><strong>sigma</strong></span> <span class='ocrx_word' id='word_1_91' title='bbox 866 1408 978 1470; x_wconf 90' lang='lat' dir='ltr'><strong>addunt</strong></span> <span class='ocrx_word' id='word_1_92' title='bbox 1006 1421 1036 1471; x_wconf 90' lang='lat' dir='ltr'><strong>et</strong></span> <span class='ocrx_word' id='word_1_93' title='bbox 1062 1411 1175 1470; x_wconf 83' lang='lat' dir='ltr'><strong>iaciunt</strong></span> <span class='ocrx_word' id='word_1_94' title='bbox 1202 1412 1370 1488; x_wconf 80' lang='lat' dir='ltr'><strong>genetivum</strong></span> <span class='ocrx_word' id='word_1_95' title='bbox 1403 1406 1603 1487; x_wconf 84' lang='lat' dir='ltr'><strong>singularem.</strong></span> 
     </span>
     <span class='ocr_line' id='line_1_12' title="bbox 299 1510 1641 1591; baseline -0.001 -20"><span class='ocrx_word' id='word_1_96' title='bbox 299 1514 342 1571; x_wconf 92' lang='lat' dir='ltr'><strong>sic</strong></span> <span class='ocrx_word' id='word_1_97' title='bbox 365 1514 453 1571; x_wconf 91' lang='lat' dir='ltr'><strong>etiam</strong></span> <span class='ocrx_word' id='word_1_98' title='bbox 477 1528 544 1571; x_wconf 93' lang='lat' dir='ltr'><strong>cum</strong></span> <span class='ocrx_word' id='word_1_99' title='bbox 568 1511 693 1572; x_wconf 91' lang='lat' dir='ltr'><strong>dicimus</strong></span> <span class='ocrx_word' id='word_1_100' title='bbox 715 1518 813 1591; x_wconf 90' lang='lat' dir='ltr'><strong>pater,</strong></span> <span class='ocrx_word' id='word_1_101' title='bbox 837 1512 1036 1573; x_wconf 92' lang='lat' dir='ltr'><strong>nominativus</strong></span> <span class='ocrx_word' id='word_1_102' title='bbox 1058 1520 1111 1571; x_wconf 90' lang='lat' dir='ltr'><strong>est.</strong></span> <span class='ocrx_word' id='word_1_103' title='bbox 1156 1513 1203 1573; x_wconf 88' lang='lat' dir='ltr'><strong>iac</strong></span> <span class='ocrx_word' id='word_1_104' title='bbox 1232 1514 1320 1574; x_wconf 91' lang='lat' dir='ltr'><strong>etiam</strong></span> <span class='ocrx_word' id='word_1_105' title='bbox 1344 1514 1433 1573; x_wconf 91' lang='lat' dir='ltr'><strong>istum</strong></span> <span class='ocrx_word' id='word_1_106' title='bbox 1457 1510 1604 1571; x_wconf 90' lang='lat' dir='ltr'><strong>nomina·</strong></span> <span class='ocrx_word' id='word_1_107' title='bbox 1619 1530 1641 1570; x_wconf 88' lang='grc'><strong>10</strong></span> 
     </span>
     <span class='ocr_line' id='line_1_13' title="bbox 298 1611 1605 1693; baseline -0.005 -18"><span class='ocrx_word' id='word_1_108' title='bbox 298 1614 405 1685; x_wconf 89' lang='lat' dir='ltr'><strong>tivum,</strong></span> <span class='ocrx_word' id='word_1_109' title='bbox 434 1614 508 1674; x_wconf 89' lang='lat' dir='ltr'><strong>baec</strong></span> <span class='ocrx_word' id='word_1_110' title='bbox 536 1613 660 1683; x_wconf 87' lang='lat' dir='ltr'><strong>lumilia;</strong></span> <span class='ocrx_word' id='word_1_111' title='bbox 695 1612 779 1674; x_wconf 91' lang='lat' dir='ltr'><strong>addis</strong></span> <span class='ocrx_word' id='word_1_112' title='bbox 807 1632 821 1673; x_wconf 91' lang='lat' dir='ltr'><strong>s</strong></span> <span class='ocrx_word' id='word_1_113' title='bbox 850 1614 885 1673; x_wconf 94' lang='lat' dir='ltr'><strong>ad</strong></span> <span class='ocrx_word' id='word_1_114' title='bbox 914 1615 1001 1675; x_wconf 90' lang='lat' dir='ltr'><strong>istum</strong></span> <span class='ocrx_word' id='word_1_115' title='bbox 1031 1615 1257 1683; x_wconf 82' lang='lat' dir='ltr'><strong>nominativum,</strong></span> <span class='ocrx_word' id='word_1_116' title='bbox 1287 1623 1316 1675; x_wconf 90' lang='lat' dir='ltr'><strong>et</strong></span> <span class='ocrx_word' id='word_1_117' title='bbox 1343 1614 1468 1693; x_wconf 87' lang='lat' dir='ltr'><strong>incipies</strong></span> <span class='ocrx_word' id='word_1_118' title='bbox 1496 1611 1605 1672; x_wconf 87' lang='lat' dir='ltr'><strong>lacere</strong></span> 
     </span>
     <span class='ocr_line' id='line_1_14' title="bbox 298 1714 1605 1796; baseline -0.004 -19"><span class='ocrx_word' id='word_1_119' title='bbox 298 1714 433 1777; x_wconf 78' lang='lat' dir='ltr'><strong>familias.</strong></span> <span class='ocrx_word' id='word_1_120' title='bbox 481 1733 552 1794; x_wconf 91' lang='lat' dir='ltr'><strong>ergo</strong></span> <span class='ocrx_word' id='word_1_121' title='bbox 579 1717 701 1795; x_wconf 85' lang='lat' dir='ltr'><strong>incipiet</strong></span> <span class='ocrx_word' id='word_1_122' title='bbox 722 1718 875 1795; x_wconf 82' lang='lat' dir='ltr'><strong>genetivus</strong></span> <span class='ocrx_word' id='word_1_123' title='bbox 897 1715 1054 1794; x_wconf 89' lang='lat' dir='ltr'><strong>singularis</strong></span> <span class='ocrx_word' id='word_1_124' title='bbox 1083 1736 1158 1778; x_wconf 90' lang='lat' dir='ltr'><strong>esse.</strong></span> <span class='ocrx_word' id='word_1_125' title='bbox 1204 1724 1234 1777; x_wconf 93' lang='lat' dir='ltr'><strong>et</strong></span> <span class='ocrx_word' id='word_1_126' title='bbox 1256 1717 1335 1777; x_wconf 95' lang='lat' dir='ltr'><strong>unde</strong></span> <span class='ocrx_word' id='word_1_127' title='bbox 1357 1714 1524 1796; x_wconf 90' lang='lat' dir='ltr'><strong>probamus</strong></span> <span class='ocrx_word' id='word_1_128' title='bbox 1550 1731 1605 1791; x_wconf 83' lang='lat' dir='ltr'><strong>ge-</strong></span> 
     </span>
     <span class='ocr_line' id='line_1_15' title="bbox 300 1816 1606 1899; baseline -0.004 -20"><span class='ocrx_word' id='word_1_129' title='bbox 300 1820 429 1879; x_wconf 88' lang='lat' dir='ltr'><strong>netivum</strong></span> <span class='ocrx_word' id='word_1_130' title='bbox 452 1818 632 1897; x_wconf 88' lang='lat' dir='ltr'><strong>singularem</strong></span> <span class='ocrx_word' id='word_1_131' title='bbox 657 1819 750 1896; x_wconf 88' lang='lat' dir='ltr'><strong>magis</strong></span> <span class='ocrx_word' id='word_1_132' title='bbox 773 1836 853 1889; x_wconf 90' lang='lat' dir='ltr'><strong>esse,</strong></span> <span class='ocrx_word' id='word_1_133' title='bbox 878 1838 937 1880; x_wconf 92' lang='grc'>11011</span> <span class='ocrx_word' id='word_1_134' title='bbox 960 1821 1158 1881; x_wconf 88' lang='lat' dir='ltr'><strong>accusativum</strong></span> <span class='ocrx_word' id='word_1_135' title='bbox 1181 1817 1344 1899; x_wconf 78' lang='lat' dir='ltr'><strong>pluralem?</strong></span> <span class='ocrx_word' id='word_1_136' title='bbox 1367 1838 1405 1879; x_wconf 89' lang='lat' dir='ltr'><strong>ne</strong></span> <span class='ocrx_word' id='word_1_137' title='bbox 1422 1818 1500 1878; x_wconf 89' lang='lat' dir='ltr'><strong>lorte</strong></span> <span class='ocrx_word' id='word_1_138' title='bbox 1516 1816 1606 1876; x_wconf 89' lang='lat' dir='ltr'><strong>dicas</strong></span> 
     </span>
     <span class='ocr_line' id='line_1_16' title="bbox 298 1918 1605 1999; baseline -0.003 -18"><span class='ocrx_word' id='word_1_139' title='bbox 298 1926 375 1981; x_wconf 81' lang='lat' dir='ltr'><strong>‘nnn</strong></span> <span class='ocrx_word' id='word_1_140' title='bbox 406 1926 450 1980; x_wconf 90' lang='lat' dir='ltr'><strong>est</strong></span> <span class='ocrx_word' id='word_1_141' title='bbox 477 1922 629 1998; x_wconf 88' lang='lat' dir='ltr'><strong>genetivus</strong></span> <span class='ocrx_word' id='word_1_142' title='bbox 657 1919 814 1999; x_wconf 88' lang='lat' dir='ltr'><strong>singularis</strong></span> <span class='ocrx_word' id='word_1_143' title='bbox 841 1922 911 1994; x_wconf 90' lang='lat' dir='ltr'><strong>iste,</strong></span> <span class='ocrx_word' id='word_1_144' title='bbox 941 1921 993 1983; x_wconf 91' lang='lat' dir='ltr'><strong>sed</strong></span> <span class='ocrx_word' id='word_1_145' title='bbox 1021 1920 1112 1982; x_wconf 90' lang='lat' dir='ltr'><strong>dehet</strong></span> <span class='ocrx_word' id='word_1_146' title='bbox 1139 1940 1205 1983; x_wconf 91' lang='lat' dir='ltr'><strong>esse</strong></span> <span class='ocrx_word' id='word_1_147' title='bbox 1233 1922 1416 1982; x_wconf 85' lang='lat' dir='ltr'><strong>accusativus</strong></span> <span class='ocrx_word' id='word_1_148' title='bbox 1444 1918 1605 1999; x_wconf 89' lang='lat' dir='ltr'><strong>pluralis&#39;.</strong></span> 
     </span>
     <span class='ocr_line' id='line_1_17' title="bbox 299 2021 1644 2103; baseline 0.001 -21"><span class='ocrx_word' id='word_1_149' title='bbox 299 2042 353 2102; x_wconf 86' lang='lat' dir='ltr'><strong>ego</strong></span> <span class='ocrx_word' id='word_1_150' title='bbox 376 2021 443 2083; x_wconf 91' lang='lat' dir='ltr'><strong>dico</strong></span> <span class='ocrx_word' id='word_1_151' title='bbox 466 2021 602 2083; x_wconf 87' lang='grc'>1111111011</span> <span class='ocrx_word' id='word_1_152' title='bbox 625 2041 691 2083; x_wconf 91' lang='lat' dir='ltr'><strong>esse</strong></span> <span class='ocrx_word' id='word_1_153' title='bbox 714 2024 928 2093; x_wconf 85' lang='lat' dir='ltr'><strong>accusativum,</strong></span> <span class='ocrx_word' id='word_1_154' title='bbox 956 2022 1007 2085; x_wconf 91' lang='lat' dir='ltr'><strong>sed</strong></span> <span class='ocrx_word' id='word_1_155' title='bbox 1030 2031 1145 2084; x_wconf 88' lang='lat' dir='ltr'><strong>tantum</strong></span> <span class='ocrx_word' id='word_1_156' title='bbox 1169 2023 1257 2085; x_wconf 92' lang='lat' dir='ltr'><strong>modo</strong></span> <span class='ocrx_word' id='word_1_157' title='bbox 1279 2025 1447 2103; x_wconf 88' lang='lat' dir='ltr'><strong>genetivum</strong></span> <span class='ocrx_word' id='word_1_158' title='bbox 1469 2030 1606 2101; x_wconf 88' lang='lat' dir='ltr'><strong>propter</strong></span> <span class='ocrx_word' id='word_1_159' title='bbox 1622 2045 1644 2083; x_wconf 79' lang='lat' dir='ltr'><strong>vs</strong></span> 
     </span>
    </p>

    <p class='ocr_par' dir='ltr' id='par_1_4' title="bbox 189 2123 1653 3736">
     <span class='ocr_line' id='line_1_18' title="bbox 189 2123 1606 2203; baseline -0.003 -18"><span class='ocrx_word' id='word_1_160' title='bbox 189 2186 199 2198; x_wconf 69' lang='lat'><strong>,</strong></span> <span class='ocrx_word' id='word_1_161' title='bbox 298 2127 385 2186; x_wconf 89' lang='lat' dir='ltr'><strong>istam</strong></span> <span class='ocrx_word' id='word_1_162' title='bbox 408 2123 637 2185; x_wconf 88' lang='lat' dir='ltr'><strong>declinationem</strong></span> <span class='ocrx_word' id='word_1_163' title='bbox 668 2142 814 2203; x_wconf 89' lang='lat' dir='ltr'><strong>graecam.</strong></span> <span class='ocrx_word' id='word_1_164' title='bbox 857 2144 926 2186; x_wconf 92' lang='lat' dir='ltr'><strong>nam</strong></span> <span class='ocrx_word' id='word_1_165' title='bbox 949 2125 1058 2187; x_wconf 85' lang='lat' dir='ltr'><strong>licebat</strong></span> <span class='ocrx_word' id='word_1_166' title='bbox 1079 2126 1240 2188; x_wconf 90' lang='lat' dir='ltr'><strong>maioribus</strong></span> <span class='ocrx_word' id='word_1_167' title='bbox 1262 2128 1374 2188; x_wconf 91' lang='lat' dir='ltr'><strong>nostris</strong></span> <span class='ocrx_word' id='word_1_168' title='bbox 1396 2126 1452 2186; x_wconf 87' lang='lat' dir='ltr'><strong>ista</strong></span> <span class='ocrx_word' id='word_1_169' title='bbox 1474 2126 1606 2183; x_wconf 90' lang='lat' dir='ltr'><strong>nomina</strong></span> 
     </span>
     <span class='ocr_line' id='line_1_19' title="bbox 299 2225 1609 2307; baseline -0.003 -19"><span class='ocrx_word' id='word_1_170' title='bbox 299 2229 386 2289; x_wconf 91' lang='lat' dir='ltr'><strong>etiam</strong></span> <span class='ocrx_word' id='word_1_171' title='bbox 416 2245 522 2306; x_wconf 88' lang='lat' dir='ltr'><strong>graeca</strong></span> <span class='ocrx_word' id='word_1_172' title='bbox 545 2226 743 2288; x_wconf 89' lang='lat' dir='ltr'><strong>declinatione</strong></span> <span class='ocrx_word' id='word_1_173' title='bbox 767 2228 888 2296; x_wconf 84' lang='grc'>0110110,</span> <span class='ocrx_word' id='word_1_174' title='bbox 918 2235 950 2288; x_wconf 91' lang='lat' dir='ltr'><strong>ut</strong></span> <span class='ocrx_word' id='word_1_175' title='bbox 972 2227 1088 2289; x_wconf 86' lang='lat' dir='ltr'><strong>habetis</strong></span> <span class='ocrx_word' id='word_1_176' title='bbox 1109 2230 1140 2289; x_wconf 92' lang='lat' dir='ltr'><strong>in</strong></span> <span class='ocrx_word' id='word_1_177' title='bbox 1163 2227 1300 2290; x_wconf 87' lang='lat' dir='ltr'><strong>Sallustio</strong></span> <span class='ocrx_word' id='word_1_178' title='bbox 1323 2228 1396 2289; x_wconf 93' lang='lat' dir='ltr'><strong>illud</strong></span> <span class='ocrx_word' id='word_1_179' title='bbox 1419 2226 1497 2307; x_wconf 89' lang='lat' dir='ltr'><strong>qnod</strong></span> <span class='ocrx_word' id='word_1_180' title='bbox 1524 2225 1609 2285; x_wconf 82' lang='lat' dir='ltr'><strong>dixi·</strong></span> 
     </span>
     <span class='ocr_line' id='line_1_20' title="bbox 298 2328 1610 2410; baseline -0.003 -19"><span class='ocrx_word' id='word_1_181' title='bbox 298 2348 379 2401; x_wconf 88' lang='lat' dir='ltr'><strong>mus,</strong></span> <span class='ocrx_word' id='word_1_182' title='bbox 409 2328 575 2391; x_wconf 84' lang='lat' dir='ltr'><strong>‘custodias</strong></span> <span class='ocrx_word' id='word_1_183' title='bbox 603 2332 715 2409; x_wconf 89' lang='lat' dir='ltr'><strong>regias’</strong></span> <span class='ocrx_word' id='word_1_184' title='bbox 745 2349 799 2410; x_wconf 91' lang='lat' dir='ltr'><strong>pro</strong></span> <span class='ocrx_word' id='word_1_185' title='bbox 829 2350 864 2390; x_wconf 94' lang='lat' dir='ltr'><strong>eo</strong></span> <span class='ocrx_word' id='word_1_186' title='bbox 891 2330 970 2410; x_wconf 91' lang='lat' dir='ltr'><strong>quod</strong></span> <span class='ocrx_word' id='word_1_187' title='bbox 998 2339 1043 2390; x_wconf 90' lang='lat' dir='ltr'><strong>est</strong></span> <span class='ocrx_word' id='word_1_188' title='bbox 1070 2331 1239 2392; x_wconf 74' lang='lat' dir='ltr'><strong>‘custodiae</strong></span> <span class='ocrx_word' id='word_1_189' title='bbox 1267 2332 1401 2409; x_wconf 87' lang='lat' dir='ltr'><strong>regiae&#39;,</strong></span> <span class='ocrx_word' id='word_1_190' title='bbox 1426 2338 1458 2389; x_wconf 91' lang='lat' dir='ltr'><strong>ut</strong></span> <span class='ocrx_word' id='word_1_191' title='bbox 1487 2330 1536 2389; x_wconf 89' lang='lat' dir='ltr'><strong>sic</strong></span> <span class='ocrx_word' id='word_1_192' title='bbox 1568 2330 1610 2387; x_wconf 87' lang='lat' dir='ltr'><strong>sit</strong></span> 
     </span>
     <span class='ocr_line' id='line_1_21' title="bbox 297 2429 1610 2513; baseline -0.002 -21"><span class='ocrx_word' id='word_1_193' title='bbox 297 2434 390 2513; x_wconf 89' lang='lat' dir='ltr'><strong>patris</strong></span> <span class='ocrx_word' id='word_1_194' title='bbox 412 2431 556 2501; x_wconf 78' lang='lat' dir='ltr'><strong>familiae,</strong></span> <span class='ocrx_word' id='word_1_195' title='bbox 587 2450 675 2511; x_wconf 90' lang='lat' dir='ltr'><strong>quem</strong></span> <span class='ocrx_word' id='word_1_196' title='bbox 703 2431 738 2494; x_wconf 89' lang='lat' dir='ltr'><strong>ad</strong></span> <span class='ocrx_word' id='word_1_197' title='bbox 768 2432 889 2494; x_wconf 91' lang='lat' dir='ltr'><strong>modum</strong></span> <span class='ocrx_word' id='word_1_198' title='bbox 912 2432 1063 2493; x_wconf 90' lang='lat' dir='ltr'><strong>custodiae</strong></span> <span class='ocrx_word' id='word_1_199' title='bbox 1091 2434 1206 2511; x_wconf 87' lang='lat' dir='ltr'><strong>regiae,</strong></span> <span class='ocrx_word' id='word_1_200' title='bbox 1235 2432 1280 2494; x_wconf 92' lang='lat' dir='ltr'><strong>vel</strong></span> <span class='ocrx_word' id='word_1_201' title='bbox 1304 2440 1426 2512; x_wconf 89' lang='lat' dir='ltr'><strong>propter</strong></span> <span class='ocrx_word' id='word_1_202' title='bbox 1449 2429 1531 2490; x_wconf 89' lang='lat' dir='ltr'><strong>bane</strong></span> <span class='ocrx_word' id='word_1_203' title='bbox 1558 2449 1610 2490; x_wconf 93' lang='lat' dir='ltr'><strong>ra-</strong></span> 
     </span>
     <span class='ocr_line' id='line_1_22' title="bbox 301 2532 1648 2615; baseline 0 -21"><span class='ocrx_word' id='word_1_204' title='bbox 301 2537 410 2596; x_wconf 89' lang='lat' dir='ltr'><strong>tionem</strong></span> <span class='ocrx_word' id='word_1_205' title='bbox 433 2534 479 2595; x_wconf 91' lang='lat' dir='ltr'><strong>vel</strong></span> <span class='ocrx_word' id='word_1_206' title='bbox 502 2541 625 2615; x_wconf 89' lang='lat' dir='ltr'><strong>propter</strong></span> <span class='ocrx_word' id='word_1_207' title='bbox 647 2533 734 2594; x_wconf 88' lang='lat' dir='ltr'><strong>illud:</strong></span> <span class='ocrx_word' id='word_1_208' title='bbox 769 2537 868 2596; x_wconf 91' lang='lat' dir='ltr'><strong>omnia</strong></span> <span class='ocrx_word' id='word_1_209' title='bbox 890 2537 944 2595; x_wconf 89' lang='lat' dir='ltr'><strong>ista</strong></span> <span class='ocrx_word' id='word_1_210' title='bbox 968 2537 1100 2605; x_wconf 90' lang='lat' dir='ltr'><strong>nomina,</strong></span> <span class='ocrx_word' id='word_1_211' title='bbox 1125 2552 1201 2613; x_wconf 88' lang='lat' dir='ltr'><strong>quae</strong></span> <span class='ocrx_word' id='word_1_212' title='bbox 1223 2540 1457 2615; x_wconf 87' lang='lat' dir='ltr'><strong>componuntur,</strong></span> <span class='ocrx_word' id='word_1_213' title='bbox 1481 2532 1521 2592; x_wconf 93' lang='lat' dir='ltr'><strong>de</strong></span> <span class='ocrx_word' id='word_1_214' title='bbox 1550 2550 1609 2592; x_wconf 90' lang='lat' dir='ltr'><strong>no·</strong></span> <span class='ocrx_word' id='word_1_215' title='bbox 1623 2558 1648 2594; x_wconf 78' lang='lat'><strong>20</strong></span> 
     </span>
     <span class='ocr_line' id='line_1_23' title="bbox 299 2634 1610 2716; baseline -0.002 -19"><span class='ocrx_word' id='word_1_216' title='bbox 299 2638 440 2697; x_wconf 90' lang='lat' dir='ltr'><strong>minativo</strong></span> <span class='ocrx_word' id='word_1_217' title='bbox 469 2644 498 2697; x_wconf 94' lang='lat' dir='ltr'><strong>et</strong></span> <span class='ocrx_word' id='word_1_218' title='bbox 529 2638 665 2716; x_wconf 90' lang='lat' dir='ltr'><strong>genetivo</strong></span> <span class='ocrx_word' id='word_1_219' title='bbox 683 2644 770 2713; x_wconf 79' lang='lat' dir='ltr'><strong>sunt.</strong></span> <span class='ocrx_word' id='word_1_220' title='bbox 816 2637 955 2698; x_wconf 92' lang='lat' dir='ltr'><strong>tribunus</strong></span> <span class='ocrx_word' id='word_1_221' title='bbox 977 2638 1118 2699; x_wconf 90' lang='lat' dir='ltr'><strong>militum:</strong></span> <span class='ocrx_word' id='word_1_222' title='bbox 1150 2636 1287 2699; x_wconf 90' lang='lat' dir='ltr'><strong>tribunus</strong></span> <span class='ocrx_word' id='word_1_223' title='bbox 1313 2634 1431 2715; x_wconf 86' lang='lat' dir='ltr'><strong>quaudo</strong></span> <span class='ocrx_word' id='word_1_224' title='bbox 1458 2635 1610 2704; x_wconf 87' lang='lat' dir='ltr'><strong>dicimus,</strong></span> 
     </span>
     <span class='ocr_line' id='line_1_24' title="bbox 299 2734 1610 2823; baseline -0.002 -22"><span class='ocrx_word' id='word_1_225' title='bbox 299 2741 348 2820; x_wconf 88' lang='lat' dir='ltr'><strong>qui</strong></span> <span class='ocrx_word' id='word_1_226' title='bbox 372 2743 434 2800; x_wconf 82' lang='lat' dir='ltr'><strong>est?</strong></span> <span class='ocrx_word' id='word_1_227' title='bbox 457 2734 663 2823; x_wconf 73' lang='lat' dir='ltr'><strong>nominatilvus</strong></span> <span class='ocrx_word' id='word_1_228' title='bbox 686 2747 739 2800; x_wconf 91' lang='lat' dir='ltr'><strong>est.</strong></span> <span class='ocrx_word' id='word_1_229' title='bbox 785 2748 906 2801; x_wconf 89' lang='lat' dir='ltr'><strong>senatus</strong></span> <span class='ocrx_word' id='word_1_230' title='bbox 929 2738 1111 2801; x_wconf 83' lang='lat' dir='ltr'><strong>consultum.</strong></span> <span class='ocrx_word' id='word_1_231' title='bbox 1141 2747 1261 2801; x_wconf 88' lang='lat' dir='ltr'><strong>senatus</strong></span> <span class='ocrx_word' id='word_1_232' title='bbox 1283 2742 1334 2821; x_wconf 89' lang='lat' dir='ltr'><strong>qni</strong></span> <span class='ocrx_word' id='word_1_233' title='bbox 1357 2740 1419 2800; x_wconf 81' lang='lat' dir='ltr'><strong>esti</strong></span> <span class='ocrx_word' id='word_1_234' title='bbox 1441 2740 1610 2815; x_wconf 88' lang='lat' dir='ltr'><strong>genetivus</strong></span> 
     </span>
     <span class='ocr_line' id='line_1_25' title="bbox 300 2840 1611 2922; baseline -0.001 -21"><span class='ocrx_word' id='word_1_235' title='bbox 300 2849 353 2901; x_wconf 88' lang='lat' dir='ltr'><strong>est.</strong></span> <span class='ocrx_word' id='word_1_236' title='bbox 385 2842 594 2921; x_wconf 90' lang='lat' dir='ltr'><strong>iurisperitus</strong></span> <span class='ocrx_word' id='word_1_237' title='bbox 617 2840 757 2902; x_wconf 91' lang='lat' dir='ltr'><strong>dicimus:</strong></span> <span class='ocrx_word' id='word_1_238' title='bbox 782 2844 896 2921; x_wconf 87' lang='lat' dir='ltr'><strong>peritus</strong></span> <span class='ocrx_word' id='word_1_239' title='bbox 919 2844 1021 2904; x_wconf 72' lang='lat' dir='ltr'><strong>cuius?</strong></span> <span class='ocrx_word' id='word_1_240' title='bbox 1045 2843 1127 2903; x_wconf 88' lang='lat' dir='ltr'><strong>iuris.</strong></span> <span class='ocrx_word' id='word_1_241' title='bbox 1166 2842 1309 2922; x_wconf 89' lang='lat' dir='ltr'><strong>numquid</strong></span> <span class='ocrx_word' id='word_1_242' title='bbox 1333 2840 1458 2901; x_wconf 90' lang='lat' dir='ltr'><strong>dicimus</strong></span> <span class='ocrx_word' id='word_1_243' title='bbox 1481 2842 1611 2919; x_wconf 84' lang='lat' dir='ltr'><strong>peritus</strong></span> 
     </span>
     <span class='ocr_line' id='line_1_26' title="bbox 297 2941 1612 3024; baseline 0.001 -22"><span class='ocrx_word' id='word_1_244' title='bbox 297 2945 381 3004; x_wconf 78' lang='lat' dir='ltr'><strong>iura?</strong></span> <span class='ocrx_word' id='word_1_245' title='bbox 407 2945 504 3004; x_wconf 91' lang='lat' dir='ltr'><strong>omnia</strong></span> <span class='ocrx_word' id='word_1_246' title='bbox 529 2943 597 3005; x_wconf 88' lang='lat' dir='ltr'><strong>talia</strong></span> <span class='ocrx_word' id='word_1_247' title='bbox 620 2952 697 3005; x_wconf 90' lang='lat' dir='ltr'><strong>sunt.</strong></span> <span class='ocrx_word' id='word_1_248' title='bbox 729 2942 983 3024; x_wconf 89' lang='lat' dir='ltr'><strong>tribunusplebis</strong></span> <span class='ocrx_word' id='word_1_249' title='bbox 1005 2944 1138 3005; x_wconf 92' lang='lat' dir='ltr'><strong>dicimus.</strong></span> <span class='ocrx_word' id='word_1_250' title='bbox 1170 2944 1289 3024; x_wconf 89' lang='lat' dir='ltr'><strong>quando</strong></span> <span class='ocrx_word' id='word_1_251' title='bbox 1311 2943 1437 3004; x_wconf 87' lang='lat' dir='ltr'><strong>dicimus</strong></span> <span class='ocrx_word' id='word_1_252' title='bbox 1457 2941 1612 3003; x_wconf 89' lang='lat' dir='ltr'><strong>tribunus</strong></span> 
     </span>
     <span class='ocr_line' id='line_1_27' title="bbox 298 3044 1650 3126; baseline -0.001 -21"><span class='ocrx_word' id='word_1_253' title='bbox 298 3044 409 3126; x_wconf 82' lang='lat' dir='ltr'><strong>plebis,</strong></span> <span class='ocrx_word' id='word_1_254' title='bbox 438 3044 576 3106; x_wconf 88' lang='lat' dir='ltr'><strong>tribunus</strong></span> <span class='ocrx_word' id='word_1_255' title='bbox 605 3046 801 3105; x_wconf 90' lang='lat' dir='ltr'><strong>nominativus</strong></span> <span class='ocrx_word' id='word_1_256' title='bbox 831 3054 889 3117; x_wconf 90' lang='lat' dir='ltr'><strong>est,</strong></span> <span class='ocrx_word' id='word_1_257' title='bbox 913 3045 1009 3126; x_wconf 92' lang='lat' dir='ltr'><strong>plebis</strong></span> <span class='ocrx_word' id='word_1_258' title='bbox 1031 3048 1185 3125; x_wconf 87' lang='lat' dir='ltr'><strong>genetivus</strong></span> <span class='ocrx_word' id='word_1_259' title='bbox 1208 3054 1261 3106; x_wconf 88' lang='lat' dir='ltr'><strong>est.</strong></span> <span class='ocrx_word' id='word_1_260' title='bbox 1306 3044 1449 3124; x_wconf 91' lang='lat' dir='ltr'><strong>numquid</strong></span> <span class='ocrx_word' id='word_1_261' title='bbox 1472 3044 1650 3105; x_wconf 74' lang='lat' dir='ltr'><strong>dictinuss</strong></span> 
     </span>
     <span class='ocr_line' id='line_1_28' title="bbox 299 3145 1613 3226; baseline 0.001 -19"><span class='ocrx_word' id='word_1_262' title='bbox 299 3146 437 3207; x_wconf 89' lang='lat' dir='ltr'><strong>tribunus</strong></span> <span class='ocrx_word' id='word_1_263' title='bbox 459 3145 594 3226; x_wconf 73' lang='lat' dir='ltr'><strong>plebem?</strong></span> <span class='ocrx_word' id='word_1_264' title='bbox 629 3165 700 3226; x_wconf 91' lang='lat' dir='ltr'><strong>ergo</strong></span> <span class='ocrx_word' id='word_1_265' title='bbox 729 3166 795 3209; x_wconf 91' lang='lat' dir='ltr'><strong>cum</strong></span> <span class='ocrx_word' id='word_1_266' title='bbox 824 3156 922 3209; x_wconf 90' lang='lat' dir='ltr'><strong>cetera</strong></span> <span class='ocrx_word' id='word_1_267' title='bbox 945 3147 1014 3209; x_wconf 90' lang='lat' dir='ltr'><strong>talia</strong></span> <span class='ocrx_word' id='word_1_268' title='bbox 1037 3150 1156 3209; x_wconf 91' lang='lat' dir='ltr'><strong>nomina</strong></span> <span class='ocrx_word' id='word_1_269' title='bbox 1178 3150 1209 3207; x_wconf 92' lang='lat' dir='ltr'><strong>in</strong></span> <span class='ocrx_word' id='word_1_270' title='bbox 1232 3149 1425 3207; x_wconf 80' lang='lat' dir='ltr'><strong>concitionem</strong></span> <span class='ocrx_word' id='word_1_271' title='bbox 1449 3148 1613 3209; x_wconf 88' lang='lat' dir='ltr'><strong>venientia</strong></span> 
     </span>
     <span class='ocr_line' id='line_1_29' title="bbox 300 3248 1612 3330; baseline 0 -21"><span class='ocrx_word' id='word_1_272' title='bbox 300 3268 358 3309; x_wconf 92' lang='grc'>11011</span> <span class='ocrx_word' id='word_1_273' title='bbox 386 3250 501 3327; x_wconf 90' lang='lat' dir='ltr'><strong>possint</strong></span> <span class='ocrx_word' id='word_1_274' title='bbox 528 3248 617 3310; x_wconf 90' lang='lat' dir='ltr'><strong>alium</strong></span> <span class='ocrx_word' id='word_1_275' title='bbox 645 3249 757 3310; x_wconf 90' lang='lat' dir='ltr'><strong>babere</strong></span> <span class='ocrx_word' id='word_1_276' title='bbox 786 3251 842 3310; x_wconf 92' lang='lat' dir='ltr'><strong>nisi</strong></span> <span class='ocrx_word' id='word_1_277' title='bbox 869 3252 1051 3327; x_wconf 76' lang='lat' dir='ltr'><strong>genetivum,</strong></span> <span class='ocrx_word' id='word_1_278' title='bbox 1086 3268 1179 3330; x_wconf 90' lang='lat' dir='ltr'><strong>quare</strong></span> <span class='ocrx_word' id='word_1_279' title='bbox 1207 3268 1266 3311; x_wconf 91' lang='lat' dir='ltr'><strong>non</strong></span> <span class='ocrx_word' id='word_1_280' title='bbox 1297 3267 1453 3330; x_wconf 90' lang='lat' dir='ltr'><strong>possumus</strong></span> <span class='ocrx_word' id='word_1_281' title='bbox 1483 3256 1515 3309; x_wconf 90' lang='lat' dir='ltr'><strong>et</strong></span> <span class='ocrx_word' id='word_1_282' title='bbox 1547 3250 1612 3310; x_wconf 87' lang='lat' dir='ltr'><strong>boc</strong></span> 
     </span>
     <span class='ocr_line' id='line_1_30' title="bbox 298 3350 1612 3431; baseline 0.001 -20"><span class='ocrx_word' id='word_1_283' title='bbox 298 3350 398 3411; x_wconf 87' lang='lat' dir='ltr'><strong>dicere</strong></span> <span class='ocrx_word' id='word_1_284' title='bbox 422 3369 486 3411; x_wconf 90' lang='lat' dir='ltr'><strong>esse</strong></span> <span class='ocrx_word' id='word_1_285' title='bbox 510 3352 698 3429; x_wconf 72' lang='lat' dir='ltr'><strong>genetivum?</strong></span> <span class='ocrx_word' id='word_1_286' title='bbox 733 3358 782 3411; x_wconf 92' lang='lat' dir='ltr'><strong>aut</strong></span> <span class='ocrx_word' id='word_1_287' title='bbox 804 3360 887 3412; x_wconf 90' lang='lat' dir='ltr'><strong>certe</strong></span> <span class='ocrx_word' id='word_1_288' title='bbox 909 3351 946 3413; x_wconf 90' lang='lat' dir='ltr'><strong>da</strong></span> <span class='ocrx_word' id='word_1_289' title='bbox 967 3353 1040 3413; x_wconf 91' lang='lat' dir='ltr'><strong>mibi</strong></span> <span class='ocrx_word' id='word_1_290' title='bbox 1064 3352 1259 3414; x_wconf 90' lang='lat' dir='ltr'><strong>elocutionem</strong></span> <span class='ocrx_word' id='word_1_291' title='bbox 1283 3351 1320 3413; x_wconf 91' lang='lat' dir='ltr'><strong>de</strong></span> <span class='ocrx_word' id='word_1_292' title='bbox 1342 3352 1510 3414; x_wconf 88' lang='lat' dir='ltr'><strong>accusativo</strong></span> <span class='ocrx_word' id='word_1_293' title='bbox 1536 3352 1612 3431; x_wconf 92' lang='lat' dir='ltr'><strong>plu-</strong></span> 
     </span>
     <span class='ocr_line' id='line_1_31' title="bbox 297 3451 1611 3534; baseline 0.002 -21"><span class='ocrx_word' id='word_1_294' title='bbox 297 3453 361 3514; x_wconf 89' lang='lat' dir='ltr'><strong>rali.</strong></span> <span class='ocrx_word' id='word_1_295' title='bbox 407 3451 463 3514; x_wconf 91' lang='lat' dir='ltr'><strong>boc</strong></span> <span class='ocrx_word' id='word_1_296' title='bbox 491 3471 561 3531; x_wconf 91' lang='lat' dir='ltr'><strong>ergo</strong></span> <span class='ocrx_word' id='word_1_297' title='bbox 584 3455 677 3532; x_wconf 91' lang='lat' dir='ltr'><strong>magis</strong></span> <span class='ocrx_word' id='word_1_298' title='bbox 699 3456 782 3533; x_wconf 88' lang='lat' dir='ltr'><strong>sequi</strong></span> <span class='ocrx_word' id='word_1_299' title='bbox 806 3451 964 3525; x_wconf 90' lang='lat' dir='ltr'><strong>debemus,</strong></span> <span class='ocrx_word' id='word_1_300' title='bbox 989 3456 1128 3534; x_wconf 86' lang='lat' dir='ltr'><strong>qnoniam</strong></span> <span class='ocrx_word' id='word_1_301' title='bbox 1153 3463 1232 3516; x_wconf 82' lang='lat' dir='ltr'><strong>extat</strong></span> <span class='ocrx_word' id='word_1_302' title='bbox 1254 3454 1432 3534; x_wconf 83' lang='lat' dir='ltr'><strong>exemplum.</strong></span> <span class='ocrx_word' id='word_1_303' title='bbox 1480 3456 1512 3515; x_wconf 92' lang='lat' dir='ltr'><strong>in</strong></span> <span class='ocrx_word' id='word_1_304' title='bbox 1540 3454 1611 3516; x_wconf 89' lang='lat' dir='ltr'><strong>Sal-</strong></span> 
     </span>
     <span class='ocr_line' id='line_1_32' title="bbox 298 3553 1653 3635; baseline -0.001 -21"><span class='ocrx_word' id='word_1_305' title='bbox 298 3553 383 3615; x_wconf 90' lang='lat' dir='ltr'><strong>lustio</strong></span> <span class='ocrx_word' id='word_1_306' title='bbox 407 3562 499 3624; x_wconf 84' lang='lat' dir='ltr'><strong>extat,</strong></span> <span class='ocrx_word' id='word_1_307' title='bbox 522 3554 574 3615; x_wconf 88' lang='lat' dir='ltr'><strong>ubi</strong></span> <span class='ocrx_word' id='word_1_308' title='bbox 597 3558 683 3617; x_wconf 90' lang='lat' dir='ltr'><strong>etiam</strong></span> <span class='ocrx_word' id='word_1_309' title='bbox 706 3558 737 3616; x_wconf 91' lang='lat' dir='ltr'><strong>in</strong></span> <span class='ocrx_word' id='word_1_310' title='bbox 760 3554 895 3617; x_wconf 87' lang='lat' dir='ltr'><strong>collativo</strong></span> <span class='ocrx_word' id='word_1_311' title='bbox 918 3573 977 3616; x_wconf 90' lang='lat' dir='ltr'><strong>non</strong></span> <span class='ocrx_word' id='word_1_312' title='bbox 994 3558 1050 3617; x_wconf 90' lang='lat' dir='ltr'><strong>nisi</strong></span> <span class='ocrx_word' id='word_1_313' title='bbox 1066 3558 1234 3635; x_wconf 90' lang='lat' dir='ltr'><strong>genetivum</strong></span> <span class='ocrx_word' id='word_1_314' title='bbox 1255 3557 1450 3617; x_wconf 89' lang='lat' dir='ltr'><strong>inveniamus.</strong></span> <span class='ocrx_word' id='word_1_315' title='bbox 1484 3555 1611 3618; x_wconf 89' lang='lat' dir='ltr'><strong>idcirco</strong></span> <span class='ocrx_word' id='word_1_316' title='bbox 1626 3577 1653 3613; x_wconf 82' lang='grc'><strong>10</strong></span> 
     </span>
     <span class='ocr_line' id='line_1_33' title="bbox 298 3657 864 3736; baseline 0 -19"><span class='ocrx_word' id='word_1_317' title='bbox 298 3658 376 3718; x_wconf 91' lang='lat' dir='ltr'><strong>bunc</strong></span> <span class='ocrx_word' id='word_1_318' title='bbox 398 3658 567 3736; x_wconf 85' lang='lat' dir='ltr'><strong>genetivum</strong></span> <span class='ocrx_word' id='word_1_319' title='bbox 590 3657 690 3718; x_wconf 87' lang='lat' dir='ltr'><strong>dicere</strong></span> <span class='ocrx_word' id='word_1_320' title='bbox 713 3657 864 3719; x_wconf 90' lang='lat' dir='ltr'><strong>debemus.</strong></span> 
     </span>
    </p>

    <p class='ocr_par' dir='ltr' id='par_1_5' title="bbox 179 3758 1613 3947">
     <span class='ocr_line' id='line_1_34' title="bbox 179 3758 1613 3840; baseline 0.001 -17"><span class='ocrx_word' id='word_1_321' title='bbox 179 3771 284 3835; x_wconf 79' lang='lat'><strong>432,28</strong></span> <span class='ocrx_word' id='word_1_322' title='bbox 383 3759 460 3819; x_wconf 82' lang='lat' dir='ltr'><strong>llicit</strong></span> <span class='ocrx_word' id='word_1_323' title='bbox 487 3778 550 3820; x_wconf 92' lang='lat' dir='ltr'><strong>rem</strong></span> <span class='ocrx_word' id='word_1_324' title='bbox 574 3758 706 3820; x_wconf 88' lang='lat' dir='ltr'><strong>stultam:</strong></span> <span class='ocrx_word' id='word_1_325' title='bbox 737 3760 858 3840; x_wconf 86' lang='lat' dir='ltr'><strong>‘plane&#39;</strong></span> <span class='ocrx_word' id='word_1_326' title='bbox 889 3762 930 3823; x_wconf 92' lang='lat' dir='ltr'><strong>ait</strong></span> <span class='ocrx_word' id='word_1_327' title='bbox 950 3761 1121 3822; x_wconf 76' lang='lat' dir='ltr'><strong>‘sciendum</strong></span> <span class='ocrx_word' id='word_1_328' title='bbox 1145 3771 1189 3822; x_wconf 89' lang='lat' dir='ltr'><strong>est</strong></span> <span class='ocrx_word' id='word_1_329' title='bbox 1216 3762 1335 3822; x_wconf 91' lang='lat' dir='ltr'><strong>nomina</strong></span> <span class='ocrx_word' id='word_1_330' title='bbox 1358 3762 1516 3840; x_wconf 87' lang='lat' dir='ltr'><strong>conposita</strong></span> <span class='ocrx_word' id='word_1_331' title='bbox 1544 3782 1613 3824; x_wconf 94' lang='lat' dir='ltr'><strong>non</strong></span> 
     </span>
     <span class='ocr_line' id='line_1_35' title="bbox 298 3861 1613 3947; baseline 0.002 -24"><span class='ocrx_word' id='word_1_332' title='bbox 298 3881 387 3942; x_wconf 90' lang='lat' dir='ltr'><strong>posse</strong></span> <span class='ocrx_word' id='word_1_333' title='bbox 411 3864 567 3941; x_wconf 90' lang='lat' dir='ltr'><strong>conponi&#39;.</strong></span> <span class='ocrx_word' id='word_1_334' title='bbox 598 3872 627 3922; x_wconf 89' lang='lat' dir='ltr'><strong>et</strong></span> <span class='ocrx_word' id='word_1_335' title='bbox 648 3864 783 3943; x_wconf 89' lang='lat' dir='ltr'><strong>superius</strong></span> <span class='ocrx_word' id='word_1_336' title='bbox 806 3863 879 3923; x_wconf 85' lang='lat' dir='ltr'><strong>dixit</strong></span> <span class='ocrx_word' id='word_1_337' title='bbox 899 3862 991 3925; x_wconf 89' lang='lat' dir='ltr'><strong>licere</strong></span> <span class='ocrx_word' id='word_1_338' title='bbox 1014 3862 1100 3924; x_wconf 92' lang='lat' dir='ltr'><strong>nobis</strong></span> <span class='ocrx_word' id='word_1_339' title='bbox 1123 3865 1242 3947; x_wconf 88' lang='lat' dir='ltr'><strong>nomina</strong></span> <span class='ocrx_word' id='word_1_340' title='bbox 1265 3864 1303 3924; x_wconf 89' lang='lat' dir='ltr'><strong>dc</strong></span> <span class='ocrx_word' id='word_1_341' title='bbox 1325 3861 1461 3943; x_wconf 89' lang='lat' dir='ltr'><strong>pluribus</strong></span> <span class='ocrx_word' id='word_1_342' title='bbox 1485 3880 1613 3945; x_wconf 90' lang='lat' dir='ltr'><strong>conpo-</strong></span> 
     </span>
    </p>
   </div>
   <div class='ocr_carea' id='block_1_3' title="bbox 298 4048 1630 4821">
    <p class='ocr_par' dir='ltr' id='par_1_6' title="bbox 298 4048 1630 4821">
     <span class='ocr_line' id='line_1_36' title="bbox 367 4048 1630 4117; baseline 0 -17"><span class='ocrx_word' id='word_1_343' title='bbox 367 4053 383 4100; x_wconf 79' lang='grc'><strong>2</strong></span> <span class='ocrx_word' id='word_1_344' title='bbox 402 4057 440 4099; x_wconf 87' lang='lat' dir='ltr'><strong>est</strong></span> <span class='ocrx_word' id='word_1_345' title='bbox 455 4065 501 4102; x_wconf 89' lang='grc'>0111.</span> <span class='ocrx_word' id='word_1_346' title='bbox 519 4050 550 4111; x_wconf 90' lang='lat' dir='ltr'><strong>A,</strong></span> <span class='ocrx_word' id='word_1_347' title='bbox 566 4050 627 4103; x_wconf 85' lang='lat' dir='ltr'><strong>add.</strong></span> <span class='ocrx_word' id='word_1_348' title='bbox 643 4066 660 4099; x_wconf 86' lang='lat' dir='ltr'><strong>a</strong></span> <span class='ocrx_word' id='word_1_349' title='bbox 713 4050 729 4100; x_wconf 83' lang='grc'>5</span> <span class='ocrx_word' id='word_1_350' title='bbox 746 4050 815 4115; x_wconf 88' lang='lat' dir='ltr'><strong>apud</strong></span> <span class='ocrx_word' id='word_1_351' title='bbox 833 4048 993 4117; x_wconf 83' lang='lat' dir='ltr'><strong>Sallustium]</strong></span> <span class='ocrx_word' id='word_1_352' title='bbox 1012 4051 1111 4104; x_wconf 79' lang='grc'>01111111.</span> <span class='ocrx_word' id='word_1_353' title='bbox 1131 4070 1157 4117; x_wconf 91' lang='lat' dir='ltr'><strong>p.</strong></span> <span class='ocrx_word' id='word_1_354' title='bbox 1175 4052 1233 4112; x_wconf 81' lang='lat' dir='ltr'><strong>tot,</strong></span> <span class='ocrx_word' id='word_1_355' title='bbox 1253 4052 1284 4103; x_wconf 91' lang='lat' dir='ltr'><strong>ll</strong></span> <span class='ocrx_word' id='word_1_356' title='bbox 1304 4066 1379 4114; x_wconf 91' lang='lat' dir='ltr'><strong>quam</strong></span> <span class='ocrx_word' id='word_1_357' title='bbox 1398 4050 1630 4104; x_wconf 85' lang='lat' dir='ltr'><strong>declinationem.</strong></span> 
     </span>
     <span class='ocr_line' id='line_1_37' title="bbox 298 4117 1614 4188; baseline 0.003 -17"><span class='ocrx_word' id='word_1_358' title='bbox 298 4130 322 4171; x_wconf 89' lang='lat' dir='ltr'><strong>et</strong></span> <span class='ocrx_word' id='word_1_359' title='bbox 338 4120 472 4171; x_wconf 85' lang='lat' dir='ltr'><strong>Sallustius</strong></span> <span class='ocrx_word' id='word_1_360' title='bbox 491 4120 515 4168; x_wconf 90' lang='lat' dir='ltr'><strong>in</strong></span> <span class='ocrx_word' id='word_1_361' title='bbox 537 4120 568 4169; x_wconf 92' lang='grc'><strong>111</strong></span> <span class='ocrx_word' id='word_1_362' title='bbox 585 4129 686 4169; x_wconf 85' lang='lat' dir='ltr'><strong>secutus</strong></span> <span class='ocrx_word' id='word_1_363' title='bbox 701 4120 736 4170; x_wconf 90' lang='lat' dir='ltr'><strong>ait</strong></span> <span class='ocrx_word' id='word_1_364' title='bbox 757 4120 876 4170; x_wconf 85' lang='lat' dir='ltr'><strong>‘castella</strong></span> <span class='ocrx_word' id='word_1_365' title='bbox 898 4117 1028 4172; x_wconf 82' lang='lat' dir='ltr'><strong>custodias</strong></span> <span class='ocrx_word' id='word_1_366' title='bbox 1043 4122 1218 4171; x_wconf 85' lang='lat' dir='ltr'><strong>thesaurorum</strong></span> <span class='ocrx_word' id='word_1_367' title='bbox 1233 4122 1259 4170; x_wconf 88' lang='lat' dir='ltr'><strong>in</strong></span> <span class='ocrx_word' id='word_1_368' title='bbox 1281 4122 1435 4172; x_wconf 90' lang='lat' dir='ltr'><strong>deditionem</strong></span> <span class='ocrx_word' id='word_1_369' title='bbox 1450 4122 1614 4188; x_wconf 86' lang='lat' dir='ltr'><strong>acciperen-</strong></span> 
     </span>
     <span class='ocr_line' id='line_1_38' title="bbox 298 4189 1616 4256; baseline 0.005 -17"><span class='ocrx_word' id='word_1_370' title='bbox 298 4193 355 4250; x_wconf 82' lang='lat' dir='ltr'><strong>tur&#39;,</strong></span> <span class='ocrx_word' id='word_1_371' title='bbox 369 4190 441 4241; x_wconf 85' lang='lat' dir='ltr'><strong>Sero.</strong></span> <span class='ocrx_word' id='word_1_372' title='bbox 455 4192 479 4239; x_wconf 84' lang='grc'><strong>111</strong></span> <span class='ocrx_word' id='word_1_373' title='bbox 491 4191 570 4255; x_wconf 80' lang='lat' dir='ltr'><strong>Verg.</strong></span> <span class='ocrx_word' id='word_1_374' title='bbox 580 4190 644 4243; x_wconf 85' lang='lat' dir='ltr'><strong>Aen.</strong></span> <span class='ocrx_word' id='word_1_375' title='bbox 654 4190 690 4239; x_wconf 92' lang='lat' dir='ltr'><strong>Xl</strong></span> <span class='ocrx_word' id='word_1_376' title='bbox 703 4189 752 4241; x_wconf 82' lang='lat'><strong>801</strong></span> <span class='ocrx_word' id='word_1_377' title='bbox 767 4192 905 4241; x_wconf 88' lang='lat' dir='ltr'><strong>secundum</strong></span> <span class='ocrx_word' id='word_1_378' title='bbox 922 4190 1069 4241; x_wconf 85' lang='lat' dir='ltr'><strong>Sallustium</strong></span> <span class='ocrx_word' id='word_1_379' title='bbox 1083 4194 1108 4241; x_wconf 90' lang='lat' dir='ltr'><strong>in</strong></span> <span class='ocrx_word' id='word_1_380' title='bbox 1124 4193 1171 4241; x_wconf 91' lang='grc'>1111</span> <span class='ocrx_word' id='word_1_381' title='bbox 1183 4190 1356 4253; x_wconf 83' lang='lat' dir='ltr'><strong>historiarum,</strong></span> <span class='ocrx_word' id='word_1_382' title='bbox 1370 4193 1412 4256; x_wconf 90' lang='lat' dir='ltr'><strong>qui</strong></span> <span class='ocrx_word' id='word_1_383' title='bbox 1426 4192 1461 4241; x_wconf 87' lang='lat' dir='ltr'><strong>ait</strong></span> <span class='ocrx_word' id='word_1_384' title='bbox 1476 4197 1616 4245; x_wconf 74' lang='lat' dir='ltr'><strong>‘castella</strong></span> 
     </span>
     <span class='ocr_line' id='line_1_39' title="bbox 298 4259 1615 4329; baseline 0.007 -21"><span class='ocrx_word' id='word_1_385' title='bbox 298 4260 427 4310; x_wconf 80' lang='lat' dir='ltr'><strong>cristodias</strong></span> <span class='ocrx_word' id='word_1_386' title='bbox 450 4259 643 4309; x_wconf 88' lang='lat' dir='ltr'><strong>thesaurorum&#39;</strong></span> <span class='ocrx_word' id='word_1_387' title='bbox 667 4275 712 4325; x_wconf 84' lang='lat' dir='ltr'><strong>pro</strong></span> <span class='ocrx_word' id='word_1_388' title='bbox 736 4260 875 4314; x_wconf 88' lang='lat' dir='ltr'><strong>custodiae.</strong></span> <span class='ocrx_word' id='word_1_389' title='bbox 907 4263 943 4311; x_wconf 89' lang='lat' dir='ltr'><strong>ita</strong></span> <span class='ocrx_word' id='word_1_390' title='bbox 970 4263 1037 4311; x_wconf 89' lang='lat' dir='ltr'><strong>enim</strong></span> <span class='ocrx_word' id='word_1_391' title='bbox 1059 4263 1134 4311; x_wconf 88' lang='lat' dir='ltr'><strong>etiam</strong></span> <span class='ocrx_word' id='word_1_392' title='bbox 1159 4264 1243 4328; x_wconf 71' lang='lat' dir='ltr'><strong>Asper</strong></span> <span class='ocrx_word' id='word_1_393' title='bbox 1264 4262 1389 4329; x_wconf 87' lang='lat' dir='ltr'><strong>intellegit</strong></span> <span class='ocrx_word' id='word_1_394' title='bbox 1459 4261 1615 4316; x_wconf 85' lang='lat' dir='ltr'><strong>thesaurus</strong></span> 
     </span>
     <span class='ocr_line' id='line_1_40' title="bbox 299 4328 1615 4397; baseline 0.006 -18"><span class='ocrx_word' id='word_1_395' title='bbox 299 4330 427 4381; x_wconf 86' lang='lat' dir='ltr'><strong>custodias</strong></span> <span class='ocrx_word' id='word_1_396' title='bbox 445 4331 470 4378; x_wconf 90' lang='lat' dir='ltr'><em>A</em></span> <span class='ocrx_word' id='word_1_397' title='bbox 540 4330 556 4380; x_wconf 90' lang='lat' dir='ltr'><strong>o</strong></span> <span class='ocrx_word' id='word_1_398' title='bbox 574 4330 707 4381; x_wconf 86' lang='lat' dir='ltr'><strong>thesauros</strong></span> <span class='ocrx_word' id='word_1_399' title='bbox 726 4330 782 4381; x_wconf 87' lang='lat' dir='ltr'><strong>thes</strong></span> <span class='ocrx_word' id='word_1_400' title='bbox 801 4330 874 4395; x_wconf 87' lang='lat' dir='ltr'><strong>(thee</strong></span> <span class='ocrx_word' id='word_1_401' title='bbox 891 4328 917 4395; x_wconf 87' lang='lat' dir='ltr'><strong>c)</strong></span> <span class='ocrx_word' id='word_1_402' title='bbox 939 4333 1067 4382; x_wconf 87' lang='lat' dir='ltr'><strong>custodias</strong></span> <span class='ocrx_word' id='word_1_403' title='bbox 1086 4332 1142 4382; x_wconf 88' lang='lat' dir='ltr'><strong>tbes</strong></span> <span class='ocrx_word' id='word_1_404' title='bbox 1160 4331 1232 4397; x_wconf 84' lang='lat' dir='ltr'><strong>(thee</strong></span> <span class='ocrx_word' id='word_1_405' title='bbox 1245 4332 1273 4397; x_wconf 86' lang='grc'>0)</span> <span class='ocrx_word' id='word_1_406' title='bbox 1292 4334 1375 4397; x_wconf 84' lang='lat' dir='ltr'><strong>regias</strong></span> <span class='ocrx_word' id='word_1_407' title='bbox 1394 4332 1446 4381; x_wconf 83' lang='lat' dir='ltr'><strong>BG</strong></span> <span class='ocrx_word' id='word_1_408' title='bbox 1462 4332 1615 4387; x_wconf 85' lang='lat' dir='ltr'><strong>thesauros</strong></span> 
     </span>
     <span class='ocr_line' id='line_1_41' title="bbox 300 4398 1536 4469; baseline 0.005 -21"><span class='ocrx_word' id='word_1_409' title='bbox 300 4399 355 4465; x_wconf 88' lang='lat' dir='ltr'><strong>(the</strong></span> <span class='ocrx_word' id='word_1_410' title='bbox 373 4400 436 4451; x_wconf 86' lang='lat' dir='ltr'><strong>add.</strong></span> <span class='ocrx_word' id='word_1_411' title='bbox 452 4398 497 4461; x_wconf 60' lang='grc' dir='ltr'><strong>α’)</strong></span> <span class='ocrx_word' id='word_1_412' title='bbox 513 4402 642 4450; x_wconf 79' lang='lat' dir='ltr'><strong>costodiae</strong></span> <span class='ocrx_word' id='word_1_413' title='bbox 659 4398 715 4463; x_wconf 88' lang='lat' dir='ltr'><strong>(the</strong></span> <span class='ocrx_word' id='word_1_414' title='bbox 734 4402 794 4454; x_wconf 86' lang='lat' dir='ltr'><strong>add.</strong></span> <span class='ocrx_word' id='word_1_415' title='bbox 810 4398 858 4461; x_wconf 82' lang='lat' dir='ltr'><strong>a*)</strong></span> <span class='ocrx_word' id='word_1_416' title='bbox 872 4402 959 4468; x_wconf 87' lang='lat' dir='ltr'><strong>regias</strong></span> <span class='ocrx_word' id='word_1_417' title='bbox 975 4403 997 4451; x_wconf 92' lang='lat' dir='ltr'><em>A</em></span> <span class='ocrx_word' id='word_1_418' title='bbox 1069 4404 1084 4452; x_wconf 79' lang='lat' dir='ltr'><strong>&#39;i</strong></span> <span class='ocrx_word' id='word_1_419' title='bbox 1100 4417 1217 4469; x_wconf 84' lang='lat' dir='ltr'><strong>graecam</strong></span> <span class='ocrx_word' id='word_1_420' title='bbox 1234 4402 1429 4452; x_wconf 84' lang='lat' dir='ltr'><strong>declinationem</strong></span> <span class='ocrx_word' id='word_1_421' title='bbox 1443 4402 1536 4454; x_wconf 84' lang='lat' dir='ltr'><strong>ABG</strong></span> 
     </span>
     <span class='ocr_line' id='line_1_42' title="bbox 300 4468 1616 4526; baseline 0.005 -6"><span class='ocrx_word' id='word_1_422' title='bbox 300 4470 389 4521; x_wconf 81' lang='grc'>811101</span> <span class='ocrx_word' id='word_1_423' title='bbox 409 4484 496 4519; x_wconf 88' lang='lat' dir='ltr'><strong>musas</strong></span> <span class='ocrx_word' id='word_1_424' title='bbox 515 4471 602 4519; x_wconf 86' lang='lat' dir='ltr'><strong>tabula</strong></span> <span class='ocrx_word' id='word_1_425' title='bbox 614 4470 670 4519; x_wconf 90' lang='lat' dir='ltr'><strong>thes</strong></span> <span class='ocrx_word' id='word_1_426' title='bbox 688 4472 786 4521; x_wconf 85' lang='lat' dir='ltr'><strong>tabulas</strong></span> <span class='ocrx_word' id='word_1_427' title='bbox 803 4468 853 4519; x_wconf 77' lang='lat' dir='ltr'><strong>BG</strong></span> <span class='ocrx_word' id='word_1_428' title='bbox 872 4471 913 4521; x_wconf 86' lang='lat' dir='ltr'><strong>tha</strong></span> <span class='ocrx_word' id='word_1_429' title='bbox 927 4488 1014 4522; x_wconf 85' lang='lat' dir='ltr'><strong>musas</strong></span> <span class='ocrx_word' id='word_1_430' title='bbox 1033 4473 1117 4523; x_wconf 89' lang='lat' dir='ltr'><strong>tabula</strong></span> <span class='ocrx_word' id='word_1_431' title='bbox 1136 4472 1178 4521; x_wconf 83' lang='lat' dir='ltr'><strong>tlte</strong></span> <span class='ocrx_word' id='word_1_432' title='bbox 1194 4472 1292 4522; x_wconf 86' lang='lat' dir='ltr'><strong>tabulas</strong></span> <span class='ocrx_word' id='word_1_433' title='bbox 1306 4473 1331 4520; x_wconf 99' lang='lat' dir='ltr'><em>A</em></span> <span class='ocrx_word' id='word_1_434' title='bbox 1404 4472 1437 4523; x_wconf 90' lang='lat'><strong>10</strong></span> <span class='ocrx_word' id='word_1_435' title='bbox 1452 4488 1511 4522; x_wconf 89' lang='lat' dir='ltr'><strong>cnm</strong></span> <span class='ocrx_word' id='word_1_436' title='bbox 1534 4476 1616 4526; x_wconf 85' lang='lat' dir='ltr'><strong>diea-</strong></span> 
     </span>
     <span class='ocr_line' id='line_1_43' title="bbox 300 4541 1617 4608; baseline 0.006 -19"><span class='ocrx_word' id='word_1_437' title='bbox 300 4555 438 4590; x_wconf 81' lang='grc'>1111111011.</span> <span class='ocrx_word' id='word_1_438' title='bbox 458 4555 513 4591; x_wconf 89' lang='lat' dir='ltr'><strong>cum</strong></span> <span class='ocrx_word' id='word_1_439' title='bbox 530 4541 638 4591; x_wconf 88' lang='lat' dir='ltr'><strong>dicimus</strong></span> <span class='ocrx_word' id='word_1_440' title='bbox 650 4541 686 4591; x_wconf 85' lang='lat' dir='ltr'><strong>B:</strong></span> <span class='ocrx_word' id='word_1_441' title='bbox 704 4556 759 4590; x_wconf 90' lang='lat' dir='ltr'><strong>cum</strong></span> <span class='ocrx_word' id='word_1_442' title='bbox 778 4541 893 4590; x_wconf 89' lang='lat' dir='ltr'><strong>dicamus</strong></span> <span class='ocrx_word' id='word_1_443' title='bbox 911 4552 983 4608; x_wconf 89' lang='lat' dir='ltr'><strong>pater</strong></span> <span class='ocrx_word' id='word_1_444' title='bbox 999 4559 1056 4593; x_wconf 90' lang='lat' dir='ltr'><strong>cum</strong></span> <span class='ocrx_word' id='word_1_445' title='bbox 1072 4545 1186 4594; x_wconf 87' lang='lat' dir='ltr'><strong>dicamus</strong></span> <span class='ocrx_word' id='word_1_446' title='bbox 1204 4544 1230 4592; x_wconf 92' lang='lat' dir='ltr'><em>A</em></span> <span class='ocrx_word' id='word_1_447' title='bbox 1283 4543 1315 4593; x_wconf 74' lang='lat' dir='ltr'><strong>ta</strong></span> <span class='ocrx_word' id='word_1_448' title='bbox 1332 4558 1394 4607; x_wconf 88' lang='lat' dir='ltr'><strong>ergo</strong></span> <span class='ocrx_word' id='word_1_449' title='bbox 1410 4543 1520 4608; x_wconf 89' lang='lat' dir='ltr'><strong>incipiet</strong></span> <span class='ocrx_word' id='word_1_450' title='bbox 1541 4546 1617 4597; x_wconf 82' lang='lat' dir='ltr'><strong>BCa</strong></span> 
     </span>
     <span class='ocr_line' id='line_1_44' title="bbox 299 4610 1617 4679; baseline 0.005 -20"><span class='ocrx_word' id='word_1_451' title='bbox 299 4624 360 4676; x_wconf 88' lang='lat' dir='ltr'><strong>ergo</strong></span> <span class='ocrx_word' id='word_1_452' title='bbox 381 4610 469 4675; x_wconf 87' lang='lat' dir='ltr'><strong>incipit</strong></span> <span class='ocrx_word' id='word_1_453' title='bbox 487 4610 512 4658; x_wconf 90' lang='lat' dir='ltr'><em>A</em></span> <span class='ocrx_word' id='word_1_454' title='bbox 584 4612 616 4662; x_wconf 82' lang='lat'><strong>15</strong></span> <span class='ocrx_word' id='word_1_455' title='bbox 640 4626 688 4677; x_wconf 92' lang='lat' dir='ltr'><strong>ego</strong></span> <span class='ocrx_word' id='word_1_456' title='bbox 709 4612 764 4661; x_wconf 91' lang='lat' dir='ltr'><strong>dico</strong></span> <span class='ocrx_word' id='word_1_457' title='bbox 785 4610 881 4675; x_wconf 85' lang='lat' dir='ltr'>A(?)C</span> <span class='ocrx_word' id='word_1_458' title='bbox 901 4628 949 4679; x_wconf 91' lang='lat' dir='ltr'><strong>ego</strong></span> <span class='ocrx_word' id='word_1_459' title='bbox 972 4623 1055 4663; x_wconf 86' lang='lat' dir='ltr'><strong>antem</strong></span> <span class='ocrx_word' id='word_1_460' title='bbox 1075 4616 1130 4665; x_wconf 90' lang='lat' dir='ltr'><strong>dico</strong></span> <span class='ocrx_word' id='word_1_461' title='bbox 1148 4613 1173 4664; x_wconf 87' lang='lat' dir='ltr'><em>B</em></span> <span class='ocrx_word' id='word_1_462' title='bbox 1192 4628 1254 4679; x_wconf 88' lang='lat' dir='ltr'><strong>ergo</strong></span> <span class='ocrx_word' id='word_1_463' title='bbox 1279 4612 1336 4661; x_wconf 89' lang='lat' dir='ltr'><strong>dico</strong></span> <span class='ocrx_word' id='word_1_464' title='bbox 1354 4610 1389 4661; x_wconf 76' lang='lat' dir='ltr'><strong>a*</strong></span> <span class='ocrx_word' id='word_1_465' title='bbox 1462 4613 1497 4664; x_wconf 81' lang='lat'><strong>18</strong></span> <span class='ocrx_word' id='word_1_466' title='bbox 1519 4626 1552 4664; x_wconf 87' lang='lat' dir='ltr'><strong>ut</strong></span> <span class='ocrx_word' id='word_1_467' title='bbox 1572 4622 1617 4667; x_wconf 88' lang='lat' dir='ltr'><strong>sie</strong></span> 
     </span>
     <span class='ocr_line' id='line_1_45' title="bbox 298 4681 1616 4750; baseline 0.008 -23"><span class='ocrx_word' id='word_1_468' title='bbox 298 4682 380 4729; x_wconf 88' lang='lat' dir='ltr'><strong>sit—</strong></span> <span class='ocrx_word' id='word_1_469' title='bbox 398 4682 547 4745; x_wconf 90' lang='lat' dir='ltr'><strong>regiaeom.</strong></span> <span class='ocrx_word' id='word_1_470' title='bbox 568 4681 602 4741; x_wconf 88' lang='lat' dir='ltr'><strong>A,</strong></span> <span class='ocrx_word' id='word_1_471' title='bbox 621 4682 682 4731; x_wconf 86' lang='lat' dir='ltr'><strong>add.</strong></span> <span class='ocrx_word' id='word_1_472' title='bbox 702 4698 718 4730; x_wconf 85' lang='lat' dir='ltr'><strong>a</strong></span> <span class='ocrx_word' id='word_1_473' title='bbox 788 4683 821 4733; x_wconf 79' lang='lat'><strong>25</strong></span> <span class='ocrx_word' id='word_1_474' title='bbox 839 4683 921 4748; x_wconf 88' lang='lat' dir='ltr'><strong>plebis</strong></span> <span class='ocrx_word' id='word_1_475' title='bbox 939 4686 1074 4750; x_wconf 82' lang='lat' dir='ltr'><strong>genetivus</strong></span> <span class='ocrx_word' id='word_1_476' title='bbox 1089 4692 1127 4735; x_wconf 89' lang='lat' dir='ltr'><strong>est</strong></span> <span class='ocrx_word' id='word_1_477' title='bbox 1145 4699 1189 4734; x_wconf 89' lang='grc'>011.</span> <span class='ocrx_word' id='word_1_478' title='bbox 1206 4684 1240 4739; x_wconf 91' lang='lat' dir='ltr'><strong>A,</strong></span> <span class='ocrx_word' id='word_1_479' title='bbox 1254 4684 1316 4733; x_wconf 84' lang='lat' dir='ltr'><strong>add.</strong></span> <span class='ocrx_word' id='word_1_480' title='bbox 1334 4699 1350 4732; x_wconf 89' lang='lat' dir='ltr'><strong>a</strong></span> <span class='ocrx_word' id='word_1_481' title='bbox 1421 4682 1456 4732; x_wconf 78' lang='lat'><strong>26</strong></span> <span class='ocrx_word' id='word_1_482' title='bbox 1475 4699 1540 4735; x_wconf 87' lang='lat' dir='ltr'><strong>eum</strong></span> <span class='ocrx_word' id='word_1_483' title='bbox 1561 4704 1616 4737; x_wconf 84' lang='grc'>0111.</span> 
     </span>
     <span class='ocr_line' id='line_1_46' title="bbox 298 4750 1618 4821; baseline 0.008 -23"><span class='ocrx_word' id='word_1_484' title='bbox 298 4750 333 4809; x_wconf 84' lang='grc' dir='ltr'><strong>Α,</strong></span> <span class='ocrx_word' id='word_1_485' title='bbox 351 4750 442 4802; x_wconf 77' lang='lat' dir='ltr'><strong>adda</strong></span> <span class='ocrx_word' id='word_1_486' title='bbox 512 4752 661 4801; x_wconf 81' lang='lat' dir='ltr'><strong>aeternalia</strong></span> <span class='ocrx_word' id='word_1_487' title='bbox 680 4751 763 4803; x_wconf 81' lang='lat' dir='ltr'><strong>ABG</strong></span> <span class='ocrx_word' id='word_1_488' title='bbox 831 4752 866 4804; x_wconf 77' lang='lat'><strong>‘29</strong></span> <span class='ocrx_word' id='word_1_489' title='bbox 884 4752 1119 4821; x_wconf 86' lang='lat' dir='ltr'><strong>hocaequimagis</strong></span> <span class='ocrx_word' id='word_1_490' title='bbox 1138 4755 1260 4804; x_wconf 87' lang='lat' dir='ltr'><strong>debemus</strong></span> <span class='ocrx_word' id='word_1_491' title='bbox 1278 4753 1304 4804; x_wconf 88' lang='lat' dir='ltr'><em>B</em></span> <span class='ocrx_word' id='word_1_492' title='bbox 1373 4754 1498 4815; x_wconf 88' lang='lat' dir='ltr'><strong>qnoniam</strong></span> <span class='ocrx_word' id='word_1_493' title='bbox 1517 4770 1618 4807; x_wconf 83' lang='lat' dir='ltr'><strong>exstat</strong></span> 
     </span>
    </p>
   </div>
   <div class='ocr_carea' id='block_1_4' title="bbox 298 4818 1616 4939">
    <p class='ocr_par' dir='ltr' id='par_1_7' title="bbox 298 4818 1616 4939">
     <span class='ocr_line' id='line_1_47' title="bbox 299 4818 1616 4938; baseline 0.01 -71"><span class='ocrx_word' id='word_1_494' title='bbox 299 4818 363 4938; x_wconf 53' lang='lat' dir='ltr'><strong>ipa*</strong></span> <span class='ocrx_word' id='word_1_495' title='bbox 383 4820 502 4883; x_wconf 85' lang='lat' dir='ltr'><strong>qnoniam</strong></span> <span class='ocrx_word' id='word_1_496' title='bbox 522 4829 571 4871; x_wconf 90' lang='lat' dir='ltr'><strong>stat</strong></span> <span class='ocrx_word' id='word_1_497' title='bbox 587 4820 612 4869; x_wconf 91' lang='lat' dir='ltr'><em>A</em></span> <span class='ocrx_word' id='word_1_498' title='bbox 681 4821 715 4873; x_wconf 79' lang='lat'><strong>30</strong></span> <span class='ocrx_word' id='word_1_499' title='bbox 731 4822 756 4870; x_wconf 91' lang='lat' dir='ltr'><strong>in</strong></span> <span class='ocrx_word' id='word_1_500' title='bbox 777 4822 896 4873; x_wconf 87' lang='lat' dir='ltr'><strong>collatino</strong></span> <span class='ocrx_word' id='word_1_501' title='bbox 912 4824 985 4874; x_wconf 78' lang='lat' dir='ltr'><strong>nea</strong></span> <span class='ocrx_word' id='word_1_502' title='bbox 1003 4824 1139 4874; x_wconf 89' lang='lat' dir='ltr'><strong>incolatiuo</strong></span> <span class='ocrx_word' id='word_1_503' title='bbox 1155 4825 1180 4873; x_wconf 93' lang='lat' dir='ltr'><em>A</em></span> <span class='ocrx_word' id='word_1_504' title='bbox 1199 4826 1223 4873; x_wconf 91' lang='lat' dir='ltr'><strong>in</strong></span> <span class='ocrx_word' id='word_1_505' title='bbox 1242 4824 1375 4874; x_wconf 84' lang='lat' dir='ltr'><strong>collection</strong></span> <span class='ocrx_word' id='word_1_506' title='bbox 1394 4838 1417 4877; x_wconf 86' lang='lat' dir='ltr'><strong>e.</strong></span> <span class='ocrx_word' id='word_1_507' title='bbox 1431 4824 1562 4887; x_wconf 75' lang='lat' dir='ltr'><strong>sortasse</strong></span> <span class='ocrx_word' id='word_1_508' title='bbox 1587 4830 1616 4879; x_wconf 88' lang='lat' dir='ltr'><strong>in</strong></span> 
     </span>
     <span class='ocr_line' id='line_1_48' title="bbox 298 4892 440 4939; baseline -0.014 0"><span class='ocrx_word' id='word_1_509' title='bbox 298 4906 311 4939; x_wconf 88' lang='lat' dir='ltr'><strong>e</strong></span> <span class='ocrx_word' id='word_1_510' title='bbox 322 4892 440 4939; x_wconf 78' lang='lat' dir='ltr'><strong>erratione</strong></span> 
     </span>
    </p>
   </div>
   <div class='ocr_carea' id='block_1_5' title="bbox 0 0 1680 5442">
    <p class='ocr_par' dir='ltr' id='par_1_8' title="bbox 0 0 1680 5442">
     <span class='ocr_line' id='line_1_49' title="bbox 0 0 1680 5442; baseline 0 1"><span class='ocrx_word' id='word_1_511' title='bbox 0 0 1680 5442; x_wconf 95' lang='lat' dir='ltr'><strong> </strong></span> 
     </span>
    </p>
   </div>
  </div>
 </body>
</html>
