3350 5442
591 350 825 413 COlllblldNTVlll
1287 350 1346 413 121

1176 472 1197 513 p.
1211 462 1286 501 55-57
1300 457 1322 500 lt.

88 543 175 624 syllaba
195 543 274 602 arsiu
296 539 400 611 babet,
424 540 553 602 secunda
575 538 687 619 syllaba
708 540 815 601 thesin.
862 539 933 617 quid
961 542 985 599 si
1008 545 1147 617 quattuor
1169 539 1346 619 syllabarum

86 646 174 709 fueriti
195 644 269 704 duae
292 651 378 705 erunt
398 645 430 703 in
453 644 511 703 arsi
534 651 563 703 et
585 642 660 703 duae
681 643 712 702 iu
734 642 819 702 tbesi.
851 642 970 721 quidsi
992 643 1076 703 octo?
1099 648 1236 722 quattuor
1258 642 1348 703 babet

86 752 142 811 arsis
163 754 347 826 etquattuor
369 745 471 807 thesis.
517 744 587 823 quid
615 747 641 805 si
662 753 723 805 tres
745 752 826 815 sunt,
855 745 884 805 id
914 751 958 805 est
985 742 1056 825 quid
1079 746 1105 805 si
1126 746 1222 824 impar
1243 763 1347 805 nume·

85 853 137 913 rus?
160 852 183 910 si
209 852 306 929 impar
334 866 477 909 numerus
503 848 607 918 luerit,
637 848 775 925 quotiens
802 846 900 940 media
928 845 1039 927 syllaba
1068 855 1219 907 accentum
1248 846 1345 917 habet,

68 957 142 1016 tarsis
160 951 277 1013 babebit
298 968 390 1012 unum
413 958 528 1031 tempus
550 958 580 1011 et
601 950 694 1011 thesis
716 949 792 1018 duo;
817 951 954 1027 quotiens
976 950 1059 1028 prior
1081 947 1190 1027 syllaba
1213 948 1348 1010 habuerit

84 1062 211 1124 aceolum,
240 1055 317 1115 arsis
343 1051 466 1116 babebit
492 1053 550 1113 duo
578 1060 712 1132 tempora
739 1059 768 1112 et
794 1051 886 1112 thesis
915 1069 1015 1111 uuum.
1059 1060 1092 1111 nt
1118 1060 1189 1131 puta
1210 1050 1348 1113 Camillus

84 1157 180 1237 quaudo
211 1156 352 1225 dicimus,
388 1174 458 1216 ecce
489 1154 587 1217 media
620 1153 731 1233 syllaba
765 1163 919 1214 accentum
950 1152 1052 1213 babet:
1087 1153 1210 1213 dicimus
1237 1154 1266 1213 in
1290 1154 1349 1213 arsi

84 1280 156 1322 unum
178 1265 204 1319 et
225 1262 257 1318 in
278 1258 356 1318 thesi
379 1257 446 1317 dno.
490 1255 632 1318 Romulus
654 1255 771 1337 quando
793 1256 926 1325 dicimus,
950 1258 1045 1335 prima
1068 1254 1176 1334 syllaba
1197 1254 1286 1315 babet
1302 1274 1348 1315 ac-

83 1372 194 1424 centum:
238 1360 366 1421 dicimus
393 1359 450 1420 duo
477 1362 509 1420 iu
537 1360 610 1427 arsi,
641 1377 732 1419 uuum
759 1360 791 1419 in
819 1358 906 1419 thesi.
951 1375 1022 1436 ergo
1051 1360 1080 1418 in
1109 1359 1187 1427 istis,
1217 1356 1266 1417 ubi
1290 1375 1349 1418 uon

59 1474 139 1527 nsunt
158 1463 290 1543 aequales
312 1461 456 1541 syllabae,
486 1461 603 1542 quando
632 1460 739 1522 debeat
760 1462 835 1521 arsis
864 1460 922 1521 duo
951 1459 1061 1522 habere
1084 1468 1232 1540 tempora,
1257 1478 1349 1519 unum

83 1568 169 1636 diesis,
190 1564 234 1625 rel
256 1564 375 1643 quando
396 1582 489 1625 numu
512 1566 584 1625 arsis
606 1571 636 1624 et
657 1563 716 1623 duo
738 1560 846 1633 thesis,
871 1581 906 1623 ex
929 1570 1051 1624 accentu
1075 1562 1197 1641 colligis.
1236 1581 1303 1623 nam
1326 1564 1351 1623 si

83 1668 163 1729 media
182 1665 291 1747 syllaba
314 1675 467 1727 accentum
490 1666 636 1735 babuerit,
659 1664 781 1727 ultimae
802 1663 931 1744 syllabae
947 1666 1044 1743 iungis
1059 1664 1143 1745 plura
1159 1673 1301 1746 tempora,
1319 1672 1352 1725 nt

82 1772 143 1831 arsis
161 1768 264 1829 babeat
285 1787 392 1837 rmum,
416 1768 508 1829 thesis
530 1768 605 1838 duo:
634 1770 659 1829 si
688 1769 769 1847 prior
796 1766 916 1845 syllaba¹
935 1767 1072 1828 babuerit
1093 1776 1264 1839 accentum,
1291 1770 1349 1829 arsi

83 1874 164 1949 iungis
183 1869 267 1951 plura
289 1879 435 1950 tempora.

55 1994 72 2033 s
98 1994 114 2003 ”
150 1974 293 2034 Numerus
315 1972 507 2053 syllabarum:
530 1979 563 2033 ut
585 1974 660 2033 scias
682 1990 759 2033 unus
781 1974 908 2053 quisque
930 1989 983 2049 pes
1007 1979 1077 2051 quot
1092 1972 1200 2033 babeat
1215 1971 1350 2053 syllabas,

82 2077 141 2136 duas
160 2086 216 2137 tres
238 2082 380 2153 quattuor
402 2078 531 2156 quinque
553 2092 612 2135 sex.
655 2073 722 2154 plus
751 2092 810 2134 non
833 2073 941 2145 habes,
971 2074 1028 2135 hoo
1058 2081 1219 2155 estusque
1242 2075 1278 2137 ad
1301 2094 1351 2137 sex

80 2179 188 2259 syllabas
208 2177 374 2239 ascendunt
394 2178 495 2257 pedes,
520 2175 525 2260 Ι
575 2208 580 2223 =

150 2281 293 2360 Tempus:
315 2287 349 2340 ut
369 2282 458 2349 scias,
481 2298 561 2341 unus
581 2281 706 2360 quisquo
728 2298 780 2359 pes
802 2286 875 2359 quot
896 2278 1004 2340 habeat
1026 2285 1169 2360 tempora.
1199 2286 1267 2359 puta
1283 2300 1351 2360 pyr·

80 2384 178 2443 ricbius
196 2383 255 2443 duo
283 2382 375 2443 babet
402 2391 544 2462 tempora.
589 2382 713 2443 diximus
742 2383 821 2442 enim
850 2380 928 2458 quod
956 2400 1014 2442 una
1043 2380 1151 2461 syllaba
1180 2382 1353 2443 naturaliter

52 2504 70 2542 u
80 2486 163 2545 brevis
183 2503 273 2547 unum
296 2494 415 2565 tempus
436 2484 541 2554 habet,
564 2482 674 2564 syllaba
696 2502 767 2545 vero
788 2483 833 2543 rol
857 2482 1028 2544 naturaliter
1044 2483 1130 2561 longa
1148 2483 1192 2544 vol
1207 2486 1352 2563 positione

80 2588 155 2666 longa
176 2588 232 2649 duo
254 2586 346 2649 babet
368 2595 510 2667 tempora.
543 2604 613 2665 ergo
635 2586 815 2667 pyrrichius,
841 2588 979 2663 quoniam
1003 2584 1103 2646 ambas
1126 2586 1230 2646 breves
1253 2585 1351 2657 babet,

79 2690 130 2751 duo
149 2689 234 2751 babet
255 2699 399 2770 tempora.
445 2688 589 2768 dactylus,
614 2689 753 2766 quoniam
775 2696 836 2750 tres
859 2688 957 2757 babet,
983 2707 1071 2750 unam
1094 2687 1210 2766 longam
1235 2696 1264 2749 et
1280 2689 1352 2749 duas

78 2792 185 2863 troes,
207 2800 346 2871 quattuor
367 2791 459 2853 habet
479 2799 624 2871 tempora.

150 2896 233 2957 llodo
255 2893 452 2955 resolutiones
475 2893 566 2955 debes
581 2893 822 2954 animadvertere.
855 2892 998 2953 resolutio
1019 2901 1071 2962 est,
1095 2894 1164 2972 quia
1181 2891 1251 2953 lieet
1265 2892 1422 2964 nubis425,
1440 2905 1470 2951 13

52 3016 124 3075 spro
144 2998 256 3059 duabus
277 2996 375 3075 longis
397 3003 534 3075 quattuor
557 2996 663 3057 breves
685 3014 797 3074 ponere
820 3001 871 3056 aut
892 3014 946 3075 pro
969 3013 1027 3055 una
1049 2993 1135 3073 longa
1159 2994 1233 3056 duas
1248 2994 1353 3056 breves

78 3118 186 3177 ponere.
229 3106 298 3180 puta
321 3098 471 3178 spondeus
493 3100 590 3159 estin
612 3097 734 3158 heroico
758 3106 868 3165 metro:
891 3116 947 3177 pro
969 3096 1101 3177 spondeo
1124 3096 1193 3157 lieet
1208 3097 1280 3158 milri
1300 3119 1353 3179 po-

79 3221 140 3261 nere
160 3201 449 3281 proceleumaticom.
495 3201 603 3281 quare?
633 3198 772 3260 resolutio
796 3200 875 3259 enim
898 3200 1023 3261 duarum
1045 3197 1202 3277 longarum
1224 3199 1352 3277 singula-

77 3324 133 3363 mm
154 3305 221 3365 lacit
242 3304 533 3384 proceleumaticum,
579 3302 653 3363 haec
676 3304 754 3363 enim
778 3301 921 3362 resolutio
945 3311 1001 3363 est:
1031 3310 1063 3362 nt
1092 3302 1117 3363 si
1139 3302 1286 3381 spondeus
1309 3309 1354 3363 est

78 3416 101 3465 et
124 3409 302 3486 superiorem
332 3406 457 3486 spondei
484 3404 624 3485 syllabam
659 3404 769 3473 solvas,
806 3412 835 3464 et
867 3405 966 3465 iecisti
993 3411 1200 3483 anapaestum;
1229 3406 1300 3465 item
1329 3408 1354 3465 si

51 3508 190 3587 uspondei
210 3511 409 3589 posteriorem
430 3507 573 3587 syllabam
594 3507 703 3584 solvas,
729 3515 759 3567 et
780 3507 877 3568 iecisti
900 3506 1057 3585 dactylum.
1096 3523 1167 3583 ergo
1190 3505 1270 3567 solve
1291 3510 1352 3586 pri·

78 3628 162 3681 orem,
193 3620 221 3672 et
241 3612 340 3672 iecisti
367 3619 559 3691 anapaestum
588 3616 727 3671 manente
750 3608 861 3689 syllaba
889 3610 1069 3688 posteriore;
1100 3606 1179 3669 solve
1207 3611 1375 3689 posterio-¹

78 3732 143 3783 rem,
166 3722 198 3773 et
217 3714 314 3774 iecisti
336 3712 483 3793 dactylum
506 3719 644 3774 manente
672 3712 782 3793 syllaba
804 3714 921 3792 priore;
951 3710 1030 3772 solve
1053 3710 1169 3781 ambaS,
1199 3718 1228 3771 et
1257 3711 1351 3771 iecisti

77 3814 352 3891 proceleumaticum.
412 3823 443 3875 ut
478 3824 549 3896 puta
582 3815 733 3876 videamus
767 3813 915 3894 exempla:
951 3813 1002 3873 ubi
1035 3811 1156 3873 solvitur
1193 3815 1350 3893 posterior,

78 3922 181 3978 'arma
203 3919 398 3995 virumque
419 3924 539 3989 cano,'
564 3938 645 3979 arma
668 3919 694 3977 vi
718 3916 851 3998 dactylus
874 3924 919 3977 est
940 3934 994 3994 pro
1017 3914 1165 3994 spondeo:
1190 3914 1242 3975 ubi
1264 3915 1351 3976 solvi-

61 4026 116 4077 :tur
133 4020 231 4097 prior,
255 4019 474 4081 ‘fluviorum
496 4039 560 4081 rex
583 4018 796 4087 Eridanus;'
821 4019 891 4079 lluvi
914 4017 989 4079 duae
1011 4017 1117 4078 breves
1140 4026 1209 4078 sunt
1224 4036 1278 4096 pro
1294 4036 1351 4077 rma

78 4118 165 4198 longa:
196 4121 248 4182 ubi
276 4121 428 4183 solvuntur
455 4122 573 4192 ambae,
597 4123 709 4183 faciunt
732 4128 870 4198 quattuor
893 4120 1014 4189 breves,
1039 4118 1168 4196 ‘genua
1196 4118 1350 4187 labant';

78 4239 157 4297 genua
179 4223 208 4284 la
230 4232 370 4304 quattuor
391 4225 497 4287 breves
519 4231 601 4294 sunt,
624 4224 811 4303 accipiuntur
832 4241 889 4302 pro
911 4221 1024 4283 duabus
1047 4220 1151 4298 longis
1184 4236 1256 4296 ergo
1279 4221 1352 4282 haee

132 4446 148 4496 3
163 4447 191 4497 id
209 4456 248 4497 est
266 4447 340 4512 quasi
358 4448 431 4511 inpar
446 4447 468 4497 C
535 4447 589 4496 dui
607 4448 689 4511 impar
707 4461 829 4495 uumerus
842 4446 983 4508 posteriore
997 4444 1051 4492 locu
1068 4458 1113 4492 om.
1128 4441 1162 4503 Α,
1178 4442 1238 4491 add.
1253 4441 1283 4493 u*

80 4514 207 4566 lettbesi
225 4518 308 4567 ABG
377 4518 460 4582 prima
480 4516 710 4581 syllabahprior
727 4518 824 4581 syllaba
842 4516 903 4565 Oro
921 4515 991 4579 prior
1008 4513 1104 4577 syllabu
1122 4512 1181 4561 AB
1251 4512 1284 4563 13
1303 4514 1353 4563 arsi

82 4588 148 4651 *rugis
164 4588 191 4637 B
208 4590 258 4637 arsi
274 4588 359 4654 iungit
377 4588 492 4639 Ae.arsi
510 4587 635 4653 iungasC
703 4587 737 4639 16
756 4594 874 4650 quattuor
890 4598 935 4633 sex
954 4591 978 4631 et
996 4581 1045 4633 huo
1060 4590 1099 4631 est
1117 4583 1249 4646 (quattuor
1264 4592 1288 4631 et
1305 4582 1353 4631 boc

82 4670 108 4703 -o
123 4658 142 4708 0
158 4667 276 4722 quattuor
291 4674 338 4707 sex
357 4670 381 4707 et
397 4658 445 4707 hoe
458 4655 495 4720 L)
514 4657 573 4722 plus
591 4671 641 4706 non
658 4656 737 4705 hebes
755 4672 836 4719 usque
852 4653 938 4703 ABG
945 4653 967 4701 L
1038 4654 1070 4704 17
1089 4653 1229 4702 ascendunt
1244 4654 1266 4703 L
1283 4670 1353 4702 acee-

81 4726 129 4773 duut
145 4728 228 4779 ABG
283 4728 317 4777 29
338 4744 394 4777 ecee
414 4728 497 4777 iecisti
515 4737 669 4792 anapaeston
687 4754 722 4763 -—
741 4743 798 4776 ecce
817 4726 899 4775 iecisti
919 4724 1045 4787 (luctylum
1066 4722 1249 4773 lilussmunnur
1262 4724 1352 4774 Pdilol.

80 4796 152 4846 1.th
168 4803 210 4855 (a.
231 4797 311 4863 1857)
329 4814 355 4861 p.
373 4798 422 4849 591
489 4796 669 4862 anapestonA
735 4790 933 4859 asturiarum]
956 4794 1162 4858 Ver9.yeor9.l
1182 4794 1233 4844 482
1286 4793 1353 4842 beri—

82 4866 147 4916 tauus
163 4869 217 4919 BG
231 4867 376 4919 heredauus
394 4883 463 4919 corr.
482 4866 620 4917 heridanus
638 4866 663 4915 Α
733 4866 767 4918 36
786 4864 883 4932 genua]
907 4867 985 4928 Very.
1002 4865 1066 4914 Aen.
1088 4864 1135 4913 Xll
1152 4863 1203 4914 905
