3350 5442
340 350 403 416 110
908 350 1061 413 rotund

321 503 327 517 ,
363 461 511 515 par-sar„

337 542 385 602 illa
409 550 439 601 et
460 540 509 601 illa
530 542 629 602 littera
651 541 722 601 lacit
743 540 978 620 quattuordecim
1002 538 1138 619 syllabas,
1163 549 1192 602 et
1213 539 1263 601 illa
1286 547 1316 600 at
1336 538 1386 600 ills
1409 547 1454 601 tot
1475 540 1546 611 lacit,
1567 562 1611 602 uec

337 644 468 704 ulterius,
507 644 591 703 Sinni
613 652 658 703 est
679 642 755 703 liber
778 642 937 721 Capitonis.

217 773 323 836 42232
420 748 500 825 Ergo
521 748 595 805 istae
618 752 687 805 sunt
711 744 913 805 semivocales.
960 751 1126 821 sequuntur
1149 754 1256 806 martae.
1302 752 1401 806 mutae
1424 755 1493 806 sunt
1514 764 1611 816 norem,

336 847 684 926 bodghkpqt.
714 846 1251 925 exhisduaesuperllnaevidentur,
1275 846 1387 927 ketq‚
1412 848 1546 927 quoniam
1567 867 1611 926 pro

335 951 392 1010 illis
414 969 430 1008 c
454 957 552 1029 potest
574 950 652 1027 poni.
684 948 758 1010 nibil
780 950 915 1017 interest,
939 956 1036 1009 utrum
1060 967 1113 1027 per
1135 948 1153 1008 k
1177 949 1289 1010 scribas
1305 968 1340 1009 an
1357 967 1411 1029 per
1434 967 1453 1027 q
1476 967 1511 1009 an
1532 968 1635 1027 perca

336 1051 410 1111 nibil
440 1054 580 1122 interest,
610 1060 710 1111 tamen
739 1059 785 1111 est
811 1049 910 1129 aliqua
931 1051 1104 1111 differentia.
1149 1050 1225 1129 apud
1254 1053 1382 1112 maiores
1405 1060 1520 1111 nostros
1540 1052 1615 1127 longe

335 1154 410 1214 aliae
438 1151 560 1228 regulae
590 1152 723 1220 lucrant,
753 1152 830 1230 apud
859 1172 912 1213 nos
940 1148 1027 1229 lang'c
1055 1152 1128 1213 aliae
1151 1160 1229 1214 sunt.
1275 1154 1403 1214 maiores
1427 1155 1532 1223 nostri,
1554 1172 1614 1233 qno·

335 1258 538 1334 tieuscumque
567 1274 582 1315 a
611 1254 804 1331 sequebatur,
834 1273 889 1333 per
918 1253 936 1313 k
959 1252 1144 1315 scribebant:
1175 1264 1244 1337 puta
1267 1253 1363 1315 kanna
1387 1255 1478 1317 karus
1500 1254 1616 1315 kalamus

334 1367 431 1418 toturn
459 1376 513 1436 per
542 1356 561 1416 k
588 1354 773 1425 scribebant,
802 1357 942 1434 quoniam
972 1376 987 1417 a
1016 1355 1204 1435 sequebatur.
1250 1356 1338 1417 modo
1368 1376 1428 1417 non
1460 1356 1615 1417 scribuntur

335 1462 392 1521 nisi
417 1459 476 1518 duo
505 1458 663 1518 admodum
685 1446 791 1525 verba,
822 1458 971 1535 Karthago
999 1466 1028 1518 et
1054 1456 1219 1528 Kalendae,
1249 1465 1292 1527 et,
1317 1467 1348 1519 ut
1370 1460 1442 1519 dicit
1464 1458 1526 1529 ille,
1549 1459 1647 1538 quodtt

336 1561 440 1621 laisum
464 1569 522 1629 est,
546 1568 645 1639 caput.
677 1558 765 1619 modo
788 1561 867 1619 enlm
891 1578 944 1639 per
967 1579 982 1619 c
1006 1559 1161 1627 scribitur;
1185 1562 1298 1639 antiqui
1320 1580 1374 1639 per
1398 1561 1415 1621 k
1439 1560 1616 1641 scribebant,

336 1664 453 1742 quando
481 1661 619 1722 volebant
646 1661 806 1738 signiticari
835 1660 913 1739 quod
942 1680 957 1721 a
987 1662 1177 1739 sequebatur.
1224 1662 1428 1723 stultissimam
1465 1680 1526 1723 rem
1560 1663 1619 1721 dicit

335 1766 408 1826 iuba
431 1766 468 1825 de
491 1764 546 1825 lrac
568 1782 615 1824 re:
639 1763 710 1822 dicit
733 1763 823 1822 ‘mibi
840 1762 954 1824 ridetur
976 1762 1055 1823 illius
1077 1766 1121 1823 rei
1144 1782 1231 1824 causa
1248 1764 1339 1824 scribi
1362 1782 1416 1843 per
1438 1765 1474 1832 k,
1499 1764 1563 1824 ideo
1583 1767 1617 1824 sir

334 1869 427 1927 luisse
450 1868 652 1945 conpositam,
681 1873 726 1935 ut,
756 1864 876 1944 qnando
898 1868 1075 1926 sententiam
1098 1886 1114 1925 a
1135 1866 1284 1927 iudicibus
1312 1866 1510 1945 accipiebant,
1534 1867 1617 1945 perk

336 1968 504 2029 scriberent
526 1974 630 2046 caput,
656 1969 737 2044 qnasi
761 1966 970 2029 condemnatio
993 1965 1140 2046 capitalis,
1164 1967 1241 2047 quod
1266 1968 1322 2028 boc
1344 1970 1443 2047 ipsum
1466 1977 1552 2048 caput
1572 1980 1647 2047 pern

336 2071 353 2131 k
378 2069 651 2131 condemnaretur’.
698 2069 774 2129 banc
797 2069 870 2129 dixit
892 2067 941 2129 ille
963 2070 1119 2129 rationem.
1157 2088 1229 2147 crgo
1252 2070 1340 2130 modo
1363 2088 1418 2131 nos
1441 2089 1496 2149 par
1518 2088 1534 2130 c
1555 2072 1619 2129 scri·

334 2174 441 2234 bimus.
485 2174 558 2234 item
591 2172 705 2250 antiqui
735 2174 844 2240 nostri,
880 2172 1015 2249 quotiens
1048 2190 1067 2231 ιι
1100 2170 1297 2248 sequebatur,
1326 2190 1422 2251 perq
1450 2170 1618 2233 scribebant.

334 2274 424 2335 modo
447 2281 491 2333 est
514 2271 614 2351 regula
637 2274 763 2351 optima,
787 2271 893 2333 melior
915 2271 953 2332 ab
976 2274 1106 2351 antiqua.
1138 2292 1296 2352 numquam
1320 2291 1479 2352 possumus
1502 2293 1553 2333 nos
1572 2293 1620 2353 per

335 2395 354 2455 q
376 2376 525 2445 scribere,
551 2377 607 2434 nisi
628 2382 698 2454 post
719 2392 738 2451 q
760 2382 902 2454 sequatur
924 2394 944 2435 ιι
967 2382 996 2435 et
1017 2382 1118 2453 postu
1140 2374 1195 2435 alia
1212 2384 1353 2455 sequatur
1370 2375 1490 2445 vocalis,
1515 2384 1619 2455 utputa

335 2482 403 2557 qnia
430 2478 498 2539 ideo
525 2496 580 2556 per
607 2498 626 2557 q
649 2454 821 2545 scribimus,
850 2478 918 2553 quia
948 2484 1015 2556 post
1037 2496 1056 2537 u
1079 2478 1215 2556 sequitur
1237 2475 1355 2550 vocalis.
1399 2479 1425 2539 si
1447 2485 1546 2540 autem
1568 2490 1648 2537 nona

240 2626 243 2635 .
334 2589 474 2661 sequatur
496 2580 552 2641 alia
574 2579 696 2649 vocalis,
720 2597 775 2658 per
797 2597 814 2637 c
836 2578 1010 2648 scribimus,
1039 2586 1072 2639 ut
1094 2580 1119 2637 si
1142 2578 1275 2640 dicamus
1296 2598 1379 2649 cum,
1409 2598 1465 2658 per
1487 2600 1503 2640 c
1524 2578 1619 2639 scribi·

336 2702 410 2745 mus.
448 2683 558 2764 qnape?
581 2683 719 2761 quoniam
741 2690 809 2759 post
832 2700 850 2739 ιι
873 2698 932 2741 non
958 2682 1091 2760 sequitur
1114 2679 1308 2742 alia·vocalis.
1355 2682 1420 2743 ideo
1443 2700 1499 2761 per
1520 2701 1537 2742 c
1557 2682 1620 2741 scri·

337 2785 448 2853 bimus,
472 2786 612 2863 quoniam
635 2802 802 2843 consonans
823 2785 967 2862 sequitur.
1004 2782 1022 2843 b
1046 2782 1204 2863 aliquando
1227 2784 1365 2863 aspiratio
1389 2792 1447 2853 est,
1471 2782 1620 2861 aliquando

335 2887 447 2955 littera,
471 2894 542 2965 puta
565 2886 753 2965 ‘quisquis
775 2883 894 2944 bonos
918 2884 1083 2954 tumuli’;
1108 2884 1154 2946 bic
1177 2888 1318 2966 aspiratio
1341 2894 1399 2945 est:
1430 2888 1553 2963 ‘terga
1573 2886 1621 2943 la·

335 2990 498 3065 tigamus
520 2987 660 3055 basta';
685 2987 733 3047 bic
757 2986 760 3065 1
784 3005 840 3065 pro
863 2986 960 3048 littera
983 2985 1119 3047 habetur.
1150 3004 1227 3063 quae
1249 2988 1287 3047 sit
1309 2989 1382 3048 ratio
1405 2988 1493 3057 baec,
1519 2989 1549 3047 in
1569 2984 1649 3066 syl-a

296 3098 307 3113 ⁸
335 3090 409 3151 labis
436 3090 582 3156 disemum
613 3108 649 3147 ex
677 3091 793 3149 ratione
820 3088 1000 3168 syllabarum
1023 3087 1238 3166 intellegimus,
1268 3088 1317 3149 ubi
1339 3090 1378 3149 sit
1399 3090 1553 3167 aspiratio,
1574 3088 1621 3148 ubi

335 3192 442 3254 littera.
474 3209 584 3271 yvero
608 3197 638 3250 et
658 3209 674 3250 a
696 3207 821 3268 graecae
844 3198 927 3259 sunt;
950 3191 1003 3251 sed
1021 3192 1107 3251 etiam
1124 3190 1201 3271 apud
1225 3209 1279 3251 nos
1298 3192 1339 3251 sic
1362 3190 1516 3261 habentur,
1540 3208 1621 3269 quem

406 3414 418 3464 l
439 3413 498 3462 Xlll
521 3412 634 3476 syllabas
654 3412 737 3462 illaC
804 3414 819 3460 2
840 3408 922 3478 Sinni]
944 3412 993 3462 sini
1012 3412 1045 3463 B.
1068 3412 1100 3461 de
1123 3410 1205 3462 Sinala·
1220 3412 1348 3477 Capitonis
1366 3411 1430 3465 libra
1449 3414 1582 3477 disputarit
1600 3410 1619 3461 1,

335 3485 466 3535 Barbarus
490 3486 613 3546 eplerncr.
638 3484 716 3547 antiq.
741 3480 854 3544 (Ztsclrr.
873 3482 895 3544 s.
918 3480 1112 3546 Altertkumsac.)
1131 3500 1156 3536 u,
1178 3482 1244 3532 18⁴7
1260 3496 1289 3545 p.
1310 3482 1376 3533 1057
1452 3482 1621 3547 dauperllnac

335 3556 453 3603 uidentur
475 3554 492 3601 k
515 3565 539 3601 et
557 3569 572 3615 q
592 3554 712 3617 quoniam
731 3552 756 3600 A
779 3567 954 3618 superuacuae
974 3561 1032 3601 sarrit
1051 3552 1068 3601 k
1085 3562 1109 3600 et
1128 3568 1143 3614 q
1162 3554 1281 3615 quoniam
1305 3554 1328 3600 L
1347 3552 1492 3617 superlluae
1512 3553 1622 3600 uidentur

336 3624 351 3672 k
371 3634 395 3673 ει
410 3642 425 3688 q
439 3623 558 3672 uidentur
572 3638 629 3672 esse
646 3622 792 3686 super-linae
809 3623 928 3686 quostiam
948 3624 1025 3673 BCa
1113 3622 1129 3671 o
1146 3622 1209 3671 nihil
1226 3622 1330 3672 interest
1347 3626 1490 3685 posteriore
1507 3626 1560 3673 iaco
1576 3636 1620 3672 ora.

336 3694 390 3745 BG
458 3692 491 3742 10
509 3702 536 3741 nt
554 3693 614 3742 dicit
630 3692 673 3741 ille
691 3692 759 3753 qnod
777 3691 870 3742 laisum
889 3704 927 3743 est
941 3691 1012 3742 BCa
1028 3701 1055 3741 ut
1073 3692 1135 3741 111111
1153 3692 1198 3741 ills
1210 3692 1276 3756 quud
1295 3692 1417 3742 cinisum
1438 3702 1477 3742 cst
1494 3693 1519 3740 A
1538 3700 1563 3740 nt
1580 3691 1622 3738 illa

335 3764 496 3834 qcialsum
515 3774 554 3812 cst
570 3764 594 3812 L
665 3763 696 3813 11
716 3762 812 3825 antiqui
832 3778 877 3828 per
896 3763 913 3811 k
932 3764 1076 3812 scribebant
1095 3762 1222 3825 quomodo
1242 3763 1361 3811 rrolebant
1380 3761 1525 3828 significare
1543 3760 1622 3811 solisi-

335 3850 401 3885 mam
419 3834 503 3883 dicit'
497 3848 557 3882 anua
577 3832 608 3881 de
626 3830 674 3881 hac
692 3848 718 3881 re
738 3832 803 3880 dixit
816 3832 878 3882 mihi
895 3834 994 3882 uidetur
1013 3833 1062 3882 illis
1077 3833 1112 3880 rei
1131 3846 1207 3881 carisa
1225 3832 1301 3881 scribi
1322 3846 1367 3896 per
1388 3831 1475 3882 kidco
1493 3834 1529 3881 sic
1549 3831 1623 3879 inisse

334 3906 460 3971 possitnm
479 3911 507 3952 nt
519 3902 620 3967 quando
634 3902 783 3952 sententiam
797 3917 812 3949 a
828 3904 952 3952 iudicibus
966 3902 1122 3967 accipiebant
1140 3917 1185 3968 per
1198 3901 1214 3950 k
1227 3902 1370 3951 scribebant
1390 3902 1491 3981 quanda
1506 3900 1623 3951 uolebant

334 3991 496 4072 signilleari
490 3990 642 4068 solissimam
660 3989 764 4054 kapitou
783 3988 864 4054 kaput
883 3990 956 4051 qnasi
972 3990 1150 4039 condemnatio
1170 3989 1286 4055 capitalis
1306 3990 1330 4039 L
1394 3968 1624 4038 lasciuissimus

335 4060 383 4125 'db
393 4058 547 4127 utilissimam
555 4058 628 4123 AB
639 4076 806 4141 potissimam,
824 4076 988 4133 ratissimam,
1007 4078 1176 4139 aptissimam,
1196 4076 1356 4124 scitissimam
1377 4079 1416 4125 ael
1434 4073 1622 4124 subtilissimam

333 4150 439 4198 coniecit
453 4146 610 4196 llerclrla'nua
622 4145 713 4197 Pastor.
730 4161 752 4196 a
768 4146 858 4210 llllp,
873 4146 938 4196 2011.
961 4146 1099 4194 solitariam
1118 4146 1225 4195 litteram
1244 4146 1329 4195 dicitl
1323 4146 1390 4196 iuba.
1411 4143 1547 4193 dehacre
1564 4144 1621 4190 milri

334 4218 435 4265 sirletur
451 4218 531 4267 solius
553 4216 591 4263 rei
609 4226 685 4279 caput
703 4216 780 4263 scribi
796 4231 842 4281 per
862 4216 892 4277 k,
913 4216 988 4277 idque
1006 4216 1042 4263 sic
1063 4215 1143 4265 luisse
1166 4217 1333 4279 compositum
1363 4226 1402 4267 teu
1426 4214 1522 4272 Briak,
1547 4212 1623 4263 Iubae

335 4287 464 4337 adalman·
479 4288 528 4335 rel.
545 4286 678 4337 Ultruiecti
697 4302 722 4334 a.
742 4284 809 4336 1054
825 4300 851 4346 p.
871 4288 897 4335 8.
918 4293 1061 4348 corr-aptam
1079 4287 1187 4335 codicum
1204 4288 1356 4348 scripturam
1373 4286 1473 4349 reliqui,
1489 4292 1623 4346 propterea

335 4358 402 4422 quod
417 4358 468 4407 diri
481 4360 578 4421 aequit,
597 4357 685 4421 paribus
704 4354 785 4405 cerdis
803 4355 885 4405 [auae
905 4359 1091 4406 senteutentiaru
1105 4360 1265 4418 expresserit
1282 4356 1423 4418 Pompeius.
1457 4361 1565 4403 aetnam
1582 4355 1624 4402 kae

335 4431 376 4477 ille
393 4430 500 4478 noluisse
516 4427 623 4485 videtur,
637 4426 716 4490 kaput
731 4440 780 4487 per
798 4424 815 4473 k
831 4428 940 4474 litteram
958 4426 1043 4487 scribi,
1060 4426 1128 4491 quad
1139 4442 1170 4475 ea
1187 4427 1358 4476 insectandis
1374 4424 1480 4476 iudicum
1498 4426 1623 4486 capitalem

335 4498 557 4548 condamnationem
579 4498 734 4562 sipnificaret
805 4496 837 4544 13
861 4496 892 4544 de
916 4495 962 4544 bac
984 4511 1011 4545 re
1036 4496 1097 4545 dicit
1115 4496 1177 4545 milri
1197 4496 1239 4547 Ga
1257 4497 1289 4545 de
1310 4494 1357 4545 hnc
1375 4512 1401 4545 re
1421 4494 1482 4544 milri
1502 4494 1560 4544 AB

335 4569 393 4615 ideo
412 4568 434 4615 si
453 4566 573 4617 luisset}
660 4566 692 4616 18
712 4566 801 4615 melior
817 4566 849 4615 ab
868 4567 971 4627 antiqua
992 4565 1062 4615 sca
1088 4566 1176 4616 melior
1193 4568 1294 4630 antiqua
1312 4566 1336 4615 A
1424 4578 1563 4628 possumus
1581 4577 1624 4611 nos

335 4637 425 4686 aaa:
446 4652 492 4686 nos
510 4652 554 4684 om.
579 4637 603 4686 A
692 4637 725 4685 22
748 4650 825 4698 qnare
844 4650 939 4699 —per
958 4650 971 4683 c
993 4636 1127 4685 scribimus
1144 4652 1190 4688 om.
1209 4636 1244 4699 A,
1264 4637 1324 4685 add.
1344 4651 1361 4683 u
1450 4636 1483 4685 21
1503 4634 1623 4683 liueraiu

336 4706 442 4768 agitatis
460 4707 577 4756 dicemus
595 4706 713 4766 (dicitnnq
726 4706 777 4755 AG
794 4705 886 4754 dieitur
899 4714 924 4753 ut
938 4704 974 4764 L)
993 4714 1053 4770 puta
1066 4706 1148 4756 ABG
1154 4707 1178 4756 1,
1230 4705 1345 4770 quisquis
1356 4704 1441 4753 honus
1454 4704 1527 4754 AL:
1548 4706 1622 4766 Verp.

336 4775 439 4826 Anuli
458 4776 508 4826 4113
595 4773 677 4842 terga]
705 4777 783 4840 Verp.
801 4776 867 4829 Aen,
888 4776 960 4825 Villi
977 4775 1029 4826 010
1117 4778 1150 4827 25
1169 4792 1234 4841 qnae
1254 4778 1287 4827 sit
1310 4776 1372 4826 ratio
1389 4774 1452 4825 haec
1476 4790 1509 4825 ex
1532 4776 1624 4825 rstioue

336 4846 489 4915 syllabarum
508 4847 591 4899 ABG
605 4847 654 4898 hoc
668 4862 701 4897 ex
717 4849 815 4898 ratione
832 4846 988 4913 syllabarum
1008 4847 1031 4897 L
