3350 5442
282 320 346 386 542
794 319 1065 403 [patamonis]

308 443 330 483 p.
344 432 402 473 rara.
416 432 440 473 rs
453 429 475 471 r.

367 512 534 573 Pronomen
556 509 636 590 quod
658 509 767 571 dicitur
788 509 869 571 idem
890 518 922 571 et
942 508 1106 571 masculino
1136 516 1166 571 et
1187 517 1296 571 neutro
1317 511 1426 570 servit:
1454 527 1527 569 nam
1551 516 1583 569 et

283 597 361 658 idem
378 596 465 656 homo
481 595 592 656 dicitur
614 602 644 655 et
665 595 743 656 idem
767 602 894 675 tempus.
924 598 949 655 is
972 613 1134 673 pronomen
1157 596 1200 655 sic
1222 594 1402 663 declinabis
1427 596 1453 654 is
1475 594 1581 663 homo,
1664 628 1666 631 >

284 684 349 743 eius
371 683 399 741 ei
422 700 489 741 eum
513 680 549 739 ab
573 699 622 748 eo,
647 689 676 740 et
698 679 853 760 pluraliter
880 682 903 740 ii
925 698 1028 740 eorum
1050 681 1095 739 eis
1118 680 1162 740 rel
1184 682 1223 740 iis
1245 698 1296 740 eos
1318 682 1363 740 eis
1383 680 1429 740 rel
1452 682 1509 750 iis;
1534 681 1581 741 le·

284 768 429 827 mininum
452 784 486 826 ea
509 767 573 825 eius
601 766 629 823 ei
658 783 722 824 eam
751 764 788 824 ab
816 784 865 834 ea,
895 772 925 825 et
951 764 1106 844 pluraliter
1128 783 1179 825 eae
1203 783 1305 825 earum
1327 768 1372 824 eis
1392 762 1440 824 vel
1461 766 1503 825 iis
1528 784 1581 825 eas

284 854 328 913 eis
351 850 396 911 vel
419 852 472 921 iis;
495 858 634 911 neutrum
656 850 686 909 id
709 851 774 909 eius
797 851 825 910 ei
848 849 878 910 id
901 848 938 910 ab
961 869 1010 919 eo,
1039 857 1069 909 et
1096 849 1251 930 pluraliter
1279 868 1314 910 ea
1341 868 1445 910 eorum
1466 852 1507 911 iis
1532 850 1608 911 vele

284 938 328 997 eis
351 954 385 997 ea
408 937 446 995 iis
468 934 512 995 vel
536 936 589 994 eis.
635 934 703 994 ideo
725 934 802 994 volui
825 935 882 994 boc
904 953 1069 1014 pronomen
1098 934 1278 995 declinatum
1300 953 1380 1004 esse,
1410 936 1480 1014 quia
1505 937 1583 996 iacit

283 1019 432 1101 aliquibus
455 1019 657 1087 dubietatem,
680 1021 842 1098 praecipue
865 1022 897 1080 in
919 1022 1086 1081 accusativo
1109 1038 1189 1080 casu.
1233 1019 1311 1080 unde
1335 1022 1360 1080 si
1384 1019 1440 1080 tibi
1463 1023 1582 1081 mentio

283 1108 375 1167 irrerit
390 1106 519 1166 nominis
533 1103 677 1164 neutralis
699 1107 729 1163 in
753 1107 920 1165 accusativo
942 1105 1100 1183 singulari,
1124 1108 1168 1165 sic
1191 1104 1280 1176 dicis,
1304 1112 1427 1185 utputa
1450 1109 1526 1185 ‘per
1550 1106 1581 1166 id

284 1191 425 1270 templum
448 1194 659 1259 transeamus',
688 1190 760 1268 ‘per
789 1189 819 1249 id
849 1190 969 1269 pelagus
997 1191 1169 1267 navigemus
1180 1194 1199 1257 ³,
1223 1194 1295 1269 ‘per
1317 1190 1348 1251 id
1371 1192 1430 1250 iter
1452 1209 1581 1269 progre-

284 1276 428 1336 diamur'.
461 1277 508 1334 cui
533 1274 568 1334 ad
591 1280 727 1334 ornatum
750 1272 866 1334 adiecta
888 1282 934 1334 est
955 1293 1003 1334 ern
1026 1274 1136 1354 syllaba
1159 1283 1190 1334 et
1211 1276 1283 1335 lacit
1305 1276 1400 1345 idem,
1423 1293 1484 1335 non
1506 1278 1620 1355 quiam

285 1361 363 1421 aliud
393 1360 539 1437 significat
566 1358 596 1419 id
627 1368 656 1419 et
684 1359 764 1419 aliud
788 1359 882 1430 idenr;
911 1359 962 1418 sed
985 1358 1065 1419 idem
1088 1361 1222 1421 ornatius
1244 1360 1384 1428 dicimus,
1408 1379 1468 1439 quo
1489 1361 1583 1421 modo

284 1446 419 1527 quidam,
449 1444 516 1505 dam
545 1444 655 1523 syllaba
684 1443 720 1504 ad
748 1453 884 1505 ornatum
914 1447 1054 1514 accessit,
1078 1463 1137 1529 nop
1160 1446 1230 1524 quia
1253 1444 1332 1505 aliud
1354 1446 1504 1522 significat
1528 1448 1582 1525 qui

285 1539 314 1591 et
336 1530 416 1591 aliud
439 1529 568 1609 quidam.
613 1532 656 1590 sic
685 1529 779 1600 idem,
809 1532 853 1589 sic
880 1530 1000 1599 eadem,
1028 1537 1208 1609 acceperunt
1239 1530 1305 1589 dem
1328 1528 1487 1608 syllabam,
1519 1548 1582 1589 non

283 1624 317 1676 ut
338 1613 416 1676 aliud
441 1616 657 1691 significarent,
682 1613 734 1675 sed
758 1622 790 1675 ut
812 1615 960 1694 euphonia
983 1624 1075 1674 esset.
1114 1617 1225 1674 etenim
1247 1614 1378 1675 studium
1400 1615 1458 1673 luit
1480 1617 1581 1675 omni-

284 1700 339 1761 bus
357 1702 508 1767 musicam
536 1699 711 1760 latinitatem
740 1708 770 1759 et
798 1700 828 1760 id
857 1700 981 1770 addere,
1010 1699 1088 1779 quod
1112 1701 1141 1759 in
1166 1716 1253 1759 aures
1275 1697 1445 1767 laberetur,
1470 1698 1501 1759 id
1526 1700 1617 1760 ‹te-1⁵

284 1803 380 1853 mere,
405 1784 483 1864 quod
506 1783 657 1844 rancidius
680 1784 844 1845 olienderet
867 1785 1010 1846 auditum.
1038 1782 1059 1829 ⁰

367 1868 453 1929 Dicta
476 1879 545 1930 sunt
568 1868 806 1949 desprononrine
834 1869 884 1930 illa
917 1889 992 1950 quae
1021 1869 1108 1950 paulo
1136 1868 1263 1929 obscura
1290 1868 1446 1939 videntur3
1475 1878 1581 1929 cetera

284 1974 300 2015 a
323 1953 517 2033 diligentibus
540 1954 720 2033 artigraphis
743 1955 828 2034 palene
853 1956 998 2015 declinata
1021 1962 1104 2024 sunt,
1128 1973 1203 2035 quae
1225 1953 1312 2014 facile
1336 1955 1482 2034 reperias.

832 2124 882 2185 lili
904 2123 1029 2185 vuaso

233 2259 238 2277 ·
300 2242 305 2260 ‘
368 2242 534 2302 Verborum
563 2244 639 2303 ratio
666 2244 706 2303 ita
736 2240 792 2303 lata
821 2250 880 2312 est,
910 2252 942 2304 ut
965 2245 1107 2312 nominis,
1137 2247 1177 2304 ita
1204 2262 1322 2324 quoque
1351 2245 1494 2305 inusitata
1522 2252 1579 2313 est
1593 2258 1618 2299 ω

286 2335 317 2389 ut
339 2330 371 2388 in
394 2324 563 2388 nominibus
586 2326 795 2387 demonstravi.
832 2346 959 2407 namque
982 2328 1109 2406 plurima
1133 2331 1163 2388 in
1185 2328 1300 2398 verbis,
1322 2348 1399 2409 quae
1422 2330 1582 2390 rancidulo

286 2412 497 2481 audiebantur,
527 2410 618 2492 polita
640 2419 722 2481 sunt,
745 2420 778 2473 ut
806 2430 860 2492 per
889 2412 1064 2474 anomaliam
1093 2411 1211 2473 mollius
1231 2422 1386 2483 sonarent,
1410 2432 1501 2493 quam
1524 2433 1583 2494 per

287 2506 398 2559 rectam
422 2496 570 2575 regulam,
599 2515 687 2576 quam
710 2506 812 2577 postea
835 2498 979 2558 dicemus.
1010 2496 1014 2576 l
1047 2496 1137 2558 verba
1158 2498 1256 2558 tribus
1278 2499 1374 2559 modis
1395 2500 1580 2578 accipimus:

286 2586 414 2645 dicimus
426 2581 514 2643 verba
528 2601 582 2662 pro
603 2580 744 2651 fallaciis,
770 2589 801 2643 ut
823 2590 895 2661 puta
918 2583 1021 2643 ‘dedit
1043 2584 1117 2643 milri
1140 2581 1264 2652 verba';
1287 2584 1414 2644 dicimus
1436 2602 1493 2663 pro
1516 2602 1582 2645 ser·

286 2666 423 2729 monibus
445 2666 628 2747 quibusque,
657 2674 690 2727 ut
717 2669 806 2727 ‘lecit
829 2666 919 2728 verba
941 2667 1079 2738 Cicero’;
1109 2668 1236 2728 dicimus
1263 2667 1353 2728 verba
1383 2668 1472 2739 baec,
1502 2682 1617 2748 quaero

286 2772 341 2834 per
363 2752 466 2813 modos
493 2760 523 2813 et
551 2761 685 2832 tempora
713 2761 742 2812 et
771 2770 914 2832 personas
943 2752 1137 2813 declinamus
1182 2760 1251 2813 sunt
1277 2762 1376 2813 autem
1399 2754 1581 2833 principalia
1664 2749 1665 2754 ’

286 2838 377 2899 verba
401 2840 494 2899 activa
519 2840 634 2917 passiva
657 2844 762 2898 neutra
784 2840 952 2898 communia
983 2838 1170 2916 deponentia.
1215 2837 1252 2897 de
1274 2840 1384 2898 ceteris
1404 2856 1477 2897 vero
1498 2838 1582 2898 dice·
1664 2825 1665 2882 l

288 2942 352 2983 rnus
374 2924 441 2984 istis
463 2922 615 2983 catholicis
638 2929 668 2983 et
689 2921 881 2999 generalibus
903 2922 1067 3001 explicatis.
1111 2924 1205 2983 activa
1228 2931 1297 2982 sunt
1318 2921 1427 3001 quibus
1449 2941 1505 2983 nos
1518 2922 1582 2983 ali·

288 3007 359 3088 quid
382 3024 470 3084 agere
493 3008 708 3084 significamus,
723 3014 765 3067 ..ut
787 3006 854 3084 lego
876 3008 951 3084 legis
972 3006 1062 3084 legit,
1086 3005 1186 3067 scribo
1201 3005 1310 3067 scribis
1323 3005 1440 3066 scribit.
1464 3010 1581 3085 passiva

287 3098 356 3151 sunt
377 3109 452 3170 quae
481 3090 518 3151 de
546 3088 650 3151 activis
677 3099 854 3161 nascuntur,
883 3090 993 3171 quibus
1020 3110 1075 3153 nos
1104 3093 1164 3170 pati
1187 3089 1298 3171 aliquid
1319 3094 1527 3161 enuntiamus,
1550 3098 1617 3151 uta

288 3176 370 3253 legor
398 3176 506 3252 legeris
534 3176 659 3253 legitur,
689 3176 804 3237 scribor
832 3176 975 3237 scriberis
1002 3175 1157 3237 scribitur.
1201 3176 1348 3236 neutralia
1375 3184 1445 3235 sunt
1470 3177 1584 3255 quibus

275 3275 343 3321 'nos
366 3278 420 3319 nec
443 3278 530 3337 agere
554 3280 608 3321 nec
631 3264 690 3341 pati
707 3261 818 3342 aliquid
841 3262 1091 3332 demonstramus,
1116 3269 1147 3322 ut
1170 3261 1260 3321 sedeo
1281 3263 1366 3322 iaceo
1387 3269 1433 3323 sto
1461 3270 1492 3321 et
1514 3263 1580 3330 alin,
1664 3289 1665 3292 ¹

288 3347 318 3406 in
341 3343 452 3424 quibus
474 3345 587 3406 nullum
610 3348 760 3424 negotium
783 3355 828 3407 est
851 3366 905 3408 nec
928 3346 1035 3427 agendi
1057 3365 1113 3407 nec
1134 3346 1277 3425 patiendi.
1320 3349 1489 3407 communia
1512 3356 1584 3408 sunt

288 3448 363 3509 quae
386 3432 416 3490 in
440 3448 473 3488 or·
496 3429 651 3501 desinunt,
675 3449 834 3511 numquam
858 3434 890 3493 in
911 3452 945 3502 o,
968 3439 1000 3491 et
1021 3439 1080 3491 tam
1103 3448 1190 3508 agere
1205 3450 1293 3510 quam
1317 3434 1379 3511 pati
1401 3434 1581 3509 significant,

290 3524 320 3576 ut
342 3516 486 3575 criminor
514 3515 612 3584 illum,
642 3518 785 3577 criminor·
814 3517 851 3577 ab
879 3517 944 3578 illo:
973 3535 1027 3577 nec
1056 3518 1136 3576 enim
1164 3516 1290 3577 dicimus
1324 3518 1454 3577 crimino
1486 3518 1616 3578 tutuno

289 3599 466 3679 deponentia
494 3606 577 3669 sunt,
608 3601 686 3679 quod
716 3601 865 3680 deponant
892 3604 1096 3681 passivitatem
1124 3609 1154 3661 et
1181 3608 1300 3662 sumant
1327 3603 1523 3671 activitatem,
1554 3610 1584 3660 et

289 3703 370 3744 eum
385 3687 500 3763 passive
532 3688 725 3747 enuntientur
755 3688 784 3746 in
809 3704 823 3743 r
846 3687 961 3757 littera,
991 3686 1068 3746 nihil
1094 3693 1193 3747 tamen
1222 3686 1387 3765 patiuntur,
1411 3686 1465 3746 sed
1487 3686 1582 3747 solum

290 3779 394 3847 agunt,
423 3778 455 3829 ut
483 3767 579 3831 luctor
607 3769 731 3831 luctaris
758 3769 900 3841 luctatur,
930 3774 1070 3831 convivor
1098 3770 1203 3850 loquor
1234 3772 1390 3831 nanciscor
1417 3779 1449 3831 et
1482 3778 1581 3831 cetera

290 3854 369 3915 talia.
414 3874 483 3915 sane
507 3855 580 3915 illud
602 3874 771 3925 monemus,
796 3876 855 3935 quo
877 3856 965 3917 modo
987 3858 1019 3916 in
1040 3856 1212 3917 nominibus
1241 3858 1336 3916 maior
1363 3857 1516 3934 quantitas
1538 3865 1583 3915 est

290 3938 444 4000 rarasculiui
467 3947 497 3999 et
518 3940 653 4001 seminini
675 3944 810 4018 generis,
834 3943 935 4002 neutri
958 3958 1027 4001 vero
1049 3942 1147 4001 minor
1169 3948 1199 4001 et
1220 3941 1398 4009 communis,
1429 3942 1475 4001 sic
1497 3949 1528 4000 et
1550 3944 1580 4000 in
1593 3956 1615 3993 ιι

292 4024 390 4084 vorbis
412 4022 505 4084 multa
533 4030 601 4085 sunt
628 4028 738 4095 activa,
768 4026 859 4087 multa
888 4044 982 4106 aeque
1010 4028 1147 4105 passiva,
1170 4043 1230 4086 non
1252 4033 1334 4086 tanta
1356 4026 1505 4087 neutralia
1527 4044 1581 4086 nec

290 4110 458 4169 ‹zourmuuia
481 4126 537 4169 nec
560 4108 749 4187 deponentia.
794 4118 824 4171 et
846 4120 969 4191 propter
991 4112 1048 4171 hoc
1070 4112 1173 4189 regula
1196 4113 1359 4171 activorum
1381 4113 1581 4190 passivorum·

291 4213 348 4337 qqe
372 4194 403 4253 in
425 4196 603 4340 ilrlnmensum
627 4193 793 4255 tenditur!
805 4206 974 4258 ceterorum
996 4215 1068 4257 vero
1086 4196 1249 4257 verborum
1271 4195 1393 4274 regulae
1415 4214 1432 4255 a
1455 4194 1581 4274 diligen·

291 4281 313 4338 ti
337 4298 372 4338 us
395 4297 429 4339 co
453 4280 587 4356 iguntur.

360 4448 494 4499 deoseis
515 4449 669 4502 veliisom.
692 4450 720 4499 V
786 4448 890 4517 ssquia]
912 4454 954 4515 qai
977 4453 1004 4501 V
1071 4451 1151 4517 Sper
1167 4451 1235 4501 idem
1251 4451 1373 4517 templum
1391 4453 1438 4505 Vs
1507 4450 1582 4516 ilper

292 4519 339 4567 iter
357 4520 533 4585 perga-edimur
549 4521 576 4569 V
584 4535 630 4585 per
646 4520 694 4570 iter
710 4521 932 4587 pergrediamurs
985 4520 1016 4575 13
1033 4518 1110 4587 idem]
1129 4522 1219 4571 lisdem
1238 4523 1265 4572 V
1277 4522 1394 4577 isdems
1447 4522 1481 4573 14
1499 4531 1582 4571 essent

297 4589 320 4636 V
374 4590 406 4640 15
425 4590 544 4639 musicani
564 4590 640 4641 editio
658 4591 815 4642 Basileenets
868 4590 995 4642 laboretur
1012 4593 1038 4642 id
1062 4592 1173 4641 demeret
1196 4592 1223 4642 V
1273 4592 1306 4641 lo
1326 4592 1474 4643 offendisset
1497 4593 1524 4640 V

295 4658 325 4709 17
338 4658 513 4715 uiderentnrg
570 4660 603 4711 24
623 4658 724 4710 fallacia
740 4662 786 4716 Vs
834 4661 867 4709 25
881 4661 944 4711 haec
957 4670 982 4712 et
999 4677 1064 4727 quae
1082 4662 1107 4712 V
1112 4673 1129 4715 ς
1179 4661 1213 4712 36
1231 4661 1582 4727 deponantpassiuitatemet

293 4737 393 4777 sumant
407 4730 558 4779 actiuitatem
572 4745 629 4779 cum
647 4745 664 4787 ς
677 4732 805 4796 deponant
817 4732 975 4796 passiuitetie
989 4741 1013 4781 et
1029 4740 1131 4781 stimant
1149 4731 1283 4781 netiuitatis
1295 4741 1320 4781 et
1334 4746 1391 4780 cum
1405 4732 1434 4780 V
1480 4730 1516 4782 39
1531 4746 1580 4780 mo·

294 4812 382 4847 namur
405 4800 451 4853 νς
497 4800 522 4849 in
542 4800 659 4850 omnibus
678 4802 726 4853 Vs
773 4799 805 4850 41
822 4797 892 4867 sunt]
910 4800 1046 4856 lateranis
1092 4808 1211 4863 aequest
1225 4801 1385 4868 passinus⁴
1410 4799 1582 4854 earnm
