3350 5442
611 357 683 421 nus
711 357 840 420 11-3
1306 350 1371 422 469

123 461 237 508 ,1171111
253 463 275 506 1³.
1207 468 1308 509 ,11317
1323 465 1345 506 L.

77 475 275 622 pbsteritum
302 545 467 625 perlectum
495 551 613 625 tempus
640 548 672 606 in
702 549 732 608 ri
760 548 890 618 iaciens,
919 554 953 607 ut
979 546 1129 627 praedixi,
1152 479 1270 627 qubndo
1291 546 1370 627 quod

76 665 187 726 graece
217 641 372 726 προλέγω
405 653 566 720 monstram
600 647 740 728 praedico
773 655 872 711 autem
905 649 1060 728 praedicas
1087 650 1159 709 item
1193 647 1369 710 brevitatem

77 751 227 830 primitivi
248 766 369 810 servans
391 751 505 829 primae
528 755 589 820 est,
613 752 808 829 praeteritum
824 751 991 830 perlectum
1007 761 1123 831 tempus
1137 752 1170 811 in
1185 753 1231 812 avi
1247 752 1369 820 iaciens,

77 859 114 914 ut
136 852 321 932 praedicavi,
349 869 416 912 cum
445 851 524 931 quod
551 869 659 931 graece
681 847 842 932 κηρύσσω
867 853 1025 930 significat.
1070 861 1099 914 et
1121 852 1219 913 indico
1240 862 1301 914 tam
1323 855 1369 913 in·

47 955 158 1016 caliois
179 955 266 1033 longa
288 956 298 1014 i
322 953 529 1024 antecedente,
554 962 586 1015 ut
608 954 685 1033 apud
701 953 859 1031 Virgilium
879 952 958 1016 libro
976 955 995 1018 1.
1003 955 1150 1017 Aeneidos
1171 956 1226 1014 ‘et
1247 952 1369 1015 divum

77 1057 235 1137 templis
257 1055 398 1116 indicit
418 1054 624 1126 bonorem’,
648 1055 725 1136 apud
749 1055 877 1116 eundem
897 1054 976 1116 libro
998 1055 1050 1116 Vll

230 1157 298 1218 hoc
320 1164 356 1218 et
376 1165 451 1218 tum
472 1157 659 1219 Aeneadis
681 1157 857 1218 indicere
879 1156 979 1218 bella
1001 1157 1170 1229 Latinus,

78 1279 117 1320 cx
140 1277 199 1340 quo
220 1259 384 1338 perlectum
407 1258 503 1320 indixi
525 1261 573 1331 lit,
596 1266 628 1322 ut
643 1257 780 1320 Lucanus
802 1258 881 1320 libro
903 1257 951 1341 fll
975 1260 1207 1340 ‘indixitque
1231 1262 1370 1331 nelas’;

77 1381 169 1442 quam
192 1361 324 1431 indicas,
347 1367 380 1422 ut
403 1360 482 1441 apud
505 1361 660 1423 Horatium
682 1362 848 1428 carminum
870 1359 983 1422 librol

434 1481 485 1524 me
508 1463 636 1525 tabula
658 1481 763 1525 sacer

232 1567 357 1626 votiva
379 1567 509 1644 paries
531 1566 678 1631 indicat
698 1565 808 1627 uvida

234 1668 480 1748 suspendisse
503 1669 650 1748 potenti

232 1771 454 1830 vestimenta
476 1771 589 1830 maris
612 1768 691 1840 deo,

80 1880 112 1932 nt
135 1871 214 1951 apud
236 1871 374 1933 Ovidium
398 1873 429 1932 in
452 1871 493 1932 Xl
515 1869 593 1931 libro
614 1871 894 1951 metamorphoseon

37 1993 63 2030 ιε,
233 1975 353 2034 omnia
375 1975 554 2044 servavit,
577 1973 721 2052 lapidis
743 1973 846 2036 color
867 1973 1014 2035 indicat
1036 1956 1147 2044 illud,
1199 1981 1204 1990 “

79 2076 159 2156 apud
182 2076 310 2136 eundem
332 2077 364 2137 in
387 2075 438 2136 XV

233 2195 368 2238 cornua
389 2177 517 2238 fronte
540 2179 656 2254 gerit,
679 2196 783 2257 quem
806 2177 912 2239 vobis
934 2178 1080 2240 indicat
1101 2185 1244 2250 auctor;

78 2301 116 2341 cr
139 2297 198 2360 quo
220 2280 387 2359 perlectum
408 2280 441 2340 lit
463 2279 602 2340 indicavi.
647 2279 722 2340 duco
749 2297 867 2361 quoque
890 2299 910 2342 u
932 2280 1019 2359 longa
1041 2280 1234 2341 antecedente
1257 2289 1316 2340 tam
1339 2282 1369 2340 in

77 2381 211 2462 simplici
238 2399 326 2460 quarn
353 2383 384 2441 in
412 2380 550 2443 omnibus
578 2382 846 2465 compositionibus
874 2384 978 2443 tertiae
1005 2384 1223 2461 coniugationis
1251 2389 1309 2452 est,
1339 2391 1368 2443 ut

36 2503 64 2540 so
78 2485 199 2546 abduco
214 2482 352 2554 abducis,
376 2482 490 2544 adduco
505 2482 647 2554 adducis,
670 2484 803 2545 subduco
818 2484 975 2554 subducis,
998 2484 1107 2544 induco
1122 2483 1253 2555 inducis,
1277 2484 1369 2545 educo

79 2588 201 2656 educis,
225 2585 256 2646 id
279 2592 324 2646 est
347 2585 480 2646 extraho.
525 2587 556 2645 in
579 2603 636 2647 una
659 2593 772 2647 tantum
800 2589 1014 2667 compositione
1036 2586 1131 2647 educo
1152 2602 1172 2645 u
1195 2585 1279 2646 brari
1301 2605 1369 2666 pro·

76 2691 179 2750 iertur
201 2687 386 2749 differentiae
410 2705 513 2758 causa,
537 2689 708 2766 significans
731 2690 846 2760 nutrio,
870 2695 900 2749 et
914 2694 977 2749 tum
992 2687 1089 2750 solum
1110 2689 1225 2768 primae
1239 2695 1285 2749 est
1300 2705 1369 2748 eon-

77 2793 257 2870 iugationis,
280 2797 313 2850 ut
335 2790 412 2869 apud
434 2787 591 2868 Virgilium
613 2792 644 2851 in
667 2789 745 2851 libro
768 2790 795 2852 x

233 2898 412 2972 quattuor
434 2890 494 2952 hic
516 2893 686 2962 iuvenes,
710 2891 869 2954 totidem
890 2909 981 2973 quos
1003 2891 1136 2953 educat
1156 2889 1279 2954 erns.

39 3015 65 3054 ss
79 3005 184 3058 tamen
206 2994 324 3055 videtur
345 2993 440 3054 educo
462 2993 570 3054 educas
585 2993 709 3055 verbum
731 2993 941 3056 rationabilius
962 3013 979 3056 a
1003 2996 1122 3055 nomine
1145 2991 1268 3064 verbali,
1291 2994 1368 3073 quod

78 3106 126 3160 est
150 3097 208 3158 dux
230 3096 331 3167 ducis,
354 3096 521 3158 derivatum
543 3097 608 3156 iure
629 3099 743 3176 primae
760 3115 826 3158 esse
842 3097 1076 3175 coniugationis,
1099 3104 1132 3158 ut
1150 3104 1265 3176 tempus
1280 3099 1369 3157 etiarn

78 3202 212 3262 nominis
234 3193 469 3278 in’paenultima
491 3197 574 3258 uerbi
596 3207 745 3260 servatum
767 3200 925 3278 significat.

167 3303 353 3364 Consonante
379 3317 497 3380 quoque
525 3317 709 3385 quacumque
738 3300 850 3381 absque
877 3319 891 3362 s
919 3301 1113 3362 antecedente
1140 3302 1171 3361 in
1193 3318 1228 3360 co
1249 3301 1332 3361 finita
1356 3296 1369 3382 Ι

76 3403 173 3466 verba
200 3405 315 3484 primae
343 3409 412 3464 sunt
440 3403 672 3480 coniugationis,
702 3410 734 3462 ut
761 3421 854 3483 pecco
886 3420 1007 3483 peccas,
1037 3403 1118 3464 calco
1145 3401 1255 3473 calcas,
1289 3401 1371 3462 sulco

38 3525 64 3564 ao
78 3507 195 3576 sulcas,
218 3505 315 3567 mulco
338 3505 466 3575 mulces,
491 3510 597 3565 trunco
619 3512 753 3575 truncas,
782 3504 920 3566 Lucanus
941 3505 973 3564 in
997 3503 1075 3565 libro
1097 3501 1134 3563 Vl
1162 3503 1370 3564 ‘caesorum

79 3618 259 3670 truncare
287 3607 470 3668 cadavera
497 3609 649 3685 regum',
679 3625 715 3668 ex
742 3624 801 3686 quo
823 3607 1011 3685 componitur
1033 3604 1178 3668 obtrunco
1200 3605 1382 3666 obtruncas'

77 3713 124 3771 sie
158 3711 249 3770 etiam
282 3708 407 3770 verbum
444 3709 545 3769 inesco
576 3711 706 3778 inescas,
740 3708 820 3787 quod
853 3707 1012 3768 Terentius
1040 3710 1070 3768 in
1102 3705 1245 3785 Adelphis
1276 3707 1370 3786 ponit,

76 3814 224 3874 ‘nescis
245 3813 422 3873 inescare
445 3810 627 3881 homines,
652 3811 818 3880 Sannio’,
843 3813 958 3889 primae
980 3817 1025 3870 est
1047 3809 1278 3887 coniugationis,
1301 3809 1371 3869 licet

152 4069 168 4119 5
187 4066 251 4116 libro
268 4067 350 4131 primo
369 4073 433 4116 tecta
452 4065 526 4116 simul
544 4065 632 4117 diuum
652 4062 752 4130 templis
768 4063 865 4114 indicat
882 4063 1003 4115 bonorem
1021 4072 1045 4116 t:
1061 4063 1128 4120 Aen.
1143 4063 1218 4117 1632
1274 4065 1370 4117 alibro

81 4133 140 4204 Vll]
159 4137 249 4190 octo
318 4137 483 4186 lintinisP
550 4135 703 4186 8Lueauus
722 4131 833 4201 libroll]
855 4137 911 4186 ml
964 4132 1036 4200 but]
1056 4136 1123 4185 etP
1169 4133 1368 4203 earmlibrol]

78 4205 160 4272 5,13
244 4207 275 4257 11
296 4206 690 4268 uuidea1.man.nmersor.tn
707 4202 832 4254 Buiuidu
848 4214 859 4255 t
876 4205 1022 4268 uiuidoPs
1103 4202 1135 4257 13
1152 4207 1304 4257 uestimenta
1323 4206 1371 4256 deo

79 4278 160 4328 maris
177 4277 294 4326 Pmaris
312 4277 360 4327 dec
379 4277 555 4326 uestimentae
637 4276 669 4326 14
687 4271 761 4323 inXl
781 4273 845 4324 libro
863 4272 933 4341 met]
953 4274 1042 4328 arba
1131 4275 1162 4325 15
1180 4283 1205 4325 et
1223 4275 1286 4326 illud
1301 4291 1369 4326 corr.

81 4349 155 4398 illurn
174 4347 200 4398 B
271 4345 303 4398 lc
321 4347 347 4396 in
363 4343 420 4412 XV]
440 4345 466 4394 in
481 4343 529 4395 ΧΗ
548 4343 607 4409 Brf
622 4345 648 4395 in
667 4343 818 4394 duodecimo
831 4345 871 4396 P:
887 4361 910 4399 r.
929 4343 979 4396 aab
1062 4344 1094 4395 17
1112 4345 1204 4410 geritq.
1220 4361 1289 4400 coar.
1304 4346 1371 4412 gerit

81 4433 158 4482 quem
179 4415 203 4466 B
224 4418 289 4484 gerit
307 4430 407 4480 quaes
477 4415 549 4466 uobis
572 4415 615 4480 ille
632 4415 726 4464 indicat
744 4421 832 4464 auctor
850 4415 876 4464 Β
944 4423 1026 4479 actor,
1045 4413 1070 4468 lt.
1087 4429 1110 4468 e.
1130 4423 1269 4466 cetorumt
1336 4414 1370 4464 20

81 4489 164 4538 educo
182 4487 219 4536 cis
237 4487 264 4536 id
282 4493 321 4537 est
339 4484 443 4536 extraho
463 4485 489 4535 in
506 4497 558 4535 una
577 4492 587 4533 t
611 4483 690 4534 educo
712 4484 799 4535 educis
819 4485 846 4534 id
865 4491 903 4534 est
922 4483 1025 4535 extraho
1045 4483 1120 4533 Extra
1143 4481 1207 4535 haee
1229 4485 1254 4534 in
1279 4497 1329 4534 urna
1347 4486 1372 4535 P

81 4559 164 4607 educo
184 4555 242 4606 inde
258 4555 344 4606 educis
358 4570 390 4606 ex
409 4555 489 4621 (corr.
509 4550 594 4615 extra)
614 4553 705 4605 hocin
726 4569 775 4604 urna
790 4553 815 4604 B
866 4552 899 4604 23
918 4555 944 4603 in
962 4553 1026 4604 libro
1044 4549 1080 4618 X]
1100 4571 1124 4604 o.
1143 4553 1195 4605 518
1263 4555 1297 4606 25
1314 4570 1370 4602 uer·

81 4627 145 4676 biall
163 4625 219 4675 BP
285 4626 320 4678 30
337 4625 455 4675 Lucanus
476 4626 501 4674 in
520 4624 582 4675 libre
599 4621 645 4690 Vl]
666 4639 689 4678 v.
708 4625 759 4675 584
830 4638 961 4674 caesorum
980 4623 1046 4673 bello
1065 4631 1182 4673 truncare
1201 4637 1232 4681 ςε
1255 4637 1369 4674 cesorum

80 4705 200 4747 truncare
219 4696 285 4761 oepit
302 4695 427 4745 cadauera
441 4694 564 4762 regumf
628 4693 663 4744 32
681 4695 783 4745 inaesco
797 4695 912 4744 inaeseas
928 4695 951 4743 P
1007 4694 1031 4742 iu
1049 4691 1181 4760 Adelphis]
1204 4695 1268 4754 112,
1289 4696 1321 4745 ta

80 4767 115 4819 33
140 4767 224 4815 neseis
246 4767 374 4816 inaesoare
393 4767 557 4828 Picenarum,
576 4779 705 4830 superare.
728 4765 762 4819 al.
786 4779 851 4818 raon.
871 4764 954 4813 aeaeis
975 4763 1001 4813 B
1078 4760 1174 4813 Sannio
1193 4776 1209 4820 ς
1228 4763 1327 4814 insanio
1346 4763 1371 4815 B

81 4851 144 4890 eane
163 4835 226 4902 Pis
