3350 5442
319 364 359 426 92
883 368 1034 428 rottrmt

318 573 350 637 p.
372 549 436 614 430
464 555 529 615 ride
554 534 628 629 q'nid
656 557 688 614 in
710 558 864 633 principio
891 562 1012 615 tractat.
1055 560 1198 615 ceterum
1221 572 1294 615 cum
1317 550 1425 615 Servii
1447 571 1616 615 commen·
1663 522 1664 527 ¹

317 651 437 715 tarium
464 675 484 715 a
510 651 665 738 Pompeio
693 663 886 739 usurpatum
914 674 984 717 esse
1013 652 1103 734 dico,
1132 674 1197 718 non
1216 650 1285 716 'hoe
1307 651 1394 735 dieo,
1423 652 1481 717 hos
1505 650 1616 716 libros

318 754 373 839 qui
400 776 485 818 nune
513 754 620 819 Servii
648 753 702 821 vel
731 755 837 840 Sergii
865 755 993 819 nomine
1021 753 1170 840 inseripti
1197 753 1347 819 feruntur
1375 755 1416 820 ab
1445 752 1616 819 selectos

317 876 407 937 esse,
435 855 492 919 sed
519 856 673 942 quoniam
699 856 759 923 hos
788 858 877 943 ipsos
910 878 952 921 ex
984 856 1134 921 uberiore
1168 856 1400 920 commentario
1434 866 1617 941 excerptos

318 978 389 1021 esse
411 957 564 1044 adparet,
587 958 732 1043 pleniore
755 968 788 1023 et
809 959 963 1023 uberiore
978 956 1085 1023 Servii
1107 956 1191 1023 libro
1206 956 1397 1043 Pompeium
1419 978 1513 1020 usum
1538 978 1616 1019 esse

317 1058 518 1146 putabimus.
562 1059 604 1123 de
631 1082 791 1125 consensu
823 1071 933 1125 autem
963 1060 1132 1145 utriusque
1161 1058 1367 1144 grammatici
1394 1079 1457 1145 quo
1485 1058 1616 1122 certius

318 1170 497 1241 constaret,
520 1162 713 1247 praesertim
728 1184 801 1227 cum
817 1161 924 1227 Servii
946 1160 1170 1227 adnotationes
1186 1183 1273 1225 nune
1294 1158 1504 1246 conpluribus
1528 1158 1615 1223 locis

317 1261 486 1347 dispersae
513 1259 678 1347 legantur,
708 1262 815 1328 Servii
842 1260 948 1345 locos,
977 1263 1035 1328 ubi
1057 1262 1190 1327 eaedem
1212 1285 1264 1327 res
1287 1263 1330 1327 ab
1353 1284 1390 1327 eo
1414 1270 1614 1343 1155155151,

316 1363 458 1428 numeris
490 1364 684 1450 paginarum
717 1374 750 1430 51
775 1386 931 1429 versuum
959 1386 1050 1429 meae
1078 1364 1230 1429 editionis
1257 1364 1292 1431 in
1319 1362 1522 1449 marginibus
1553 1362 1614 1426 ad-

317 1465 449 1551 scriptis
471 1464 627 1529 indicavi.

399 1567 452 1631 De
473 1565 606 1653 reliquis
629 1567 818 1634 auctoribus
843 1568 1031 1654 aPompeio
1055 1567 1211 1633 adhibitis
1225 1567 1340 1659 'minus
1362 1574 1501 1633 constat.
1531 1588 1616 1630 nam

317 1668 493 1733 maximam
514 1678 640 1754 partem
663 1691 773 1735 eorum
794 1692 877 1757 quac
899 1670 954 1735 ille
977 1669 1018 1734 de
1041 1678 1186 1735 veterum
1210 1670 1405 1756 scriptorum
1427 1690 1488 1733 usu
1511 1678 1544 1733 et
1570 1670 1615 1733 de

317 1770 466 1836 doctrina
493 1771 714 1857 antiquiorum
741 1771 1030 1855 grammaticorum
1058 1770 1196 1837 tradidit
1217 1770 1305 1835 haud
1338 1771 1436 1835 dubie
1458 1792 1501 1835 ex
1523 1792 1615 1834 eom-

316 1872 474 1937 mentario
498 1873 622 1956 Servii,
646 1896 710 1960 quo
733 1895 812 1938 usus
835 1883 887 1938 est
908 1874 1075 1955 uberiore,
1099 1894 1196 1961 quam
1218 1895 1304 1951 nune
1326 1864 1501 1953 habemus,
1525 1873 1613 1957 peti-

316 1973 375 2038 vit.
404 1996 519 2039 verum
541 1983 650 2040 15111511
671 1972 751 2038 nihil
773 1996 891 2039 150555
913 1986 980 2057 est,
1003 1998 1061 2039 cur
1076 1997 1114 2041 ea
1129 1976 1237 2039 omnia
1253 1973 1330 2039 olim
1351 1975 1385 2037 in
1406 1972 1468 2036 hoe
1483 1973 1615 2056 scripta

316 2076 420 2141 fuisse
441 2086 591 2161 putemus
614 2075 667 2141 vel
689 2076 795 2162 ipsum
817 2076 1009 2163 Pompeium
1037 2076 1175 2142 aliorum
1197 2075 1482 2160 grammaticorum
1504 2072 1613 2139 libros

316 2176 470 2243 habuisse
496 2200 660 2263 negemus.
697 2175 893 2263 generaliter
920 2186 1029 2242 autem
1055 2178 1254 2265 antiquiores
1282 2178 1401 2241 artium
1429 2177 1613 2263 scriptores

316 2280 511 2345 memoravit
537 2278 588 2342 his
617 2278 712 2362 loeis,
740 2302 771 2366 p.
794 2280 836 2344 53
863 2290 892 2343 et
918 2300 1063 2359 nusquam
1090 2286 1245 2345 voluerant
1272 2284 1327 2343 1105
1354 2283 1453 2343 dicere
1480 2284 1531 2342 isti
1557 2284 1616 2356 qui

317 2387 507 2445 instituerunt
534 2393 644 2460 artent,
671 2402 767 2461 qnare
792 2392 932 2461 quattuor
959 2386 1059 2446 breves
1084 2401 1143 2462 pro
1173 2386 1289 2446 1115111
1317 2388 1412 2460 tonpis
1435 2392 1613 2459 ponantur,·

316 2490 440 2562 teptnas
460 2494 560 2548 tamen
582 2492 613 2548 in
635 2491 773 2565 antiqm's,
796 2505 874 2563 qnae
895 2490 933 2549 sit
953 2491 1047 2563 ratio,
1072 2506 1104 2571 p.
1130 2484 1190 2548 100
1211 2488 1301 2547 nabes
1323 2490 1353 2547 in
1377 2488 1505 2561 antiquis
1527 2490 1613 2546 arti-

317 2590 383 2664 tus,
406 2608 438 2671 p.
463 2586 523 2650 116
553 2591 638 2667 opud
660 2607 759 2651 omnes
785 2598 901 2651 constet
927 2593 980 2665 qui
999 2594 1185 2667 scripserunt
1213 2590 1250 2649 de
1270 2591 1395 2663 repetis,
1423 2607 1456 2670 p.
1481 2583 1542 2647 123
1565 2590 1613 2647 itn

317 2694 498 2765 definierunt
524 2695 653 2768 antiqui,
683 2712 716 2775 p.
741 2688 802 2752 124
828 2692 918 2753 115151
946 2692 1001 2753 boc
1028 2695 1059 2752 in
1081 2694 1202 2767 antiqno
1223 2698 1364 2763 tractatu,
1387 2708 1420 2772 p.
1445 2685 1612 2763 1981151·-

316 2798 439 2856 masin
466 2794 641 2869 quinetiam
666 2794 782 2857 artibus
808 2810 867 2853 non
893 2796 1012 2869 quidem
1036 2794 1238 2870 frequentatis
1265 2796 1356 2854 etiem
1384 2799 1516 2853 octavum
1544 2808 1612 2851 esse

316 2912 428 2969 5511151,
450 2914 483 2978 p.
498 2891 561 2956 240
583 2899 745 2957 insertans
768 2897 853 2971 apud
869 2900 1028 2972 pterosque
1041 2896 1242 2973 artiorapitos,
1265 2914 1297 2978 p.
1319 2890 1383 2957 265
1404 2894 1458 2955 sed
1476 2895 1611 2968 quinque

316 3005 385 3057 sunt
412 3000 465 3073 qui
484 3014 544 3073 per
571 3014 670 3058 omnes
695 3005 775 3059 artes
804 3007 929 3073 possunt
950 3001 1092 3076 inveniri,
1115 3017 1148 3081 p.
1170 2993 1232 3057 297
1256 3000 1417 3057 invenimus
1437 2999 1468 3057 in
1491 2997 1611 3055 artibus

317 3102 380 3159 r'stis
401 3100 581 3174 imparibus,
604 3118 635 3182 p.
652 3096 716 3161 324
730 3104 884 3175 quaeritur
905 3101 990 3177 apud
1010 3100 1210 3176 ortiproptros,
1233 3106 1303 3173 quot
1322 3100 1417 3157 modis
1437 3098 1526 3158 55515
1549 3098 1611 3156 de-

314 3203 433 3273 ficiant,
455 3218 488 3281 p.
510 3197 574 3262 364
599 3204 763 3275 quaesitum
790 3214 833 3263 est
860 3204 912 3262 din
940 3202 1025 3279 apud
1051 3202 1257 3277 artiprnptios,
1281 3218 1314 3283 p.
1336 3196 1400 3259 444
1421 3202 1452 3259 in
1474 3200 1610 3259 omnibus

317 3292 436 3377 quidem
457 3302 703 3389 arnons'nabetis
724 3306 797 3364 istas
818 3312 878 3365 tres
899 3305 1056 3365 divisiones
1071 3338 1109 3347 —-
1133 3304 1188 3363 1151
1209 3305 1308 3362 nntius
1330 3303 1525 3378 artiprapttns
1545 3318 1608 3376 po-

318 3406 372 3463 tnit
392 3405 506 3476 515111,
535 3405 648 3465 notetis
669 3412 767 3465 temen
789 3408 979 3482 intimaris,
1006 3426 1039 3489 p.
1062 3402 1103 3467 63
1131 3408 1246 3465 11155115
1272 3406 1350 3465 enim
1377 3406 1408 3463 in
1436 3420 1494 3464 non
1516 3407 1609 3463 nullis

317 3508 459 3577 metricis,
487 3524 519 3588 p.
541 3502 603 3567 281
634 3524 810 3582 quamquam
838 3512 995 3584 zefferinus
1022 3510 1052 3567 in
1080 3510 1273 3585 etymotopiis,
1303 3502 1610 3587 parapaniso

318 3612 349 3668 in
377 3608 491 3668 artibus
518 3609 717 3673 denntnonnm
739 3613 910 3684 plenissime
936 3627 1124 3688 expressum,
1153 3629 1183 3693 p.
1207 3606 1268 3670 237
1296 3610 1420 3682 tepimns
1446 3608 1530 3684 apud
1558 3625 1609 3667 501

318 3712 370 3785 qui
394 3712 578 3785 scripserunt
604 3711 642 3771 de
671 3715 861 3786 orpementis.
897 3708 1089 3775 nominatim
1117 3717 1225 3772 autem
1247 3704 1371 3770 nullum
1393 3706 1523 3792 saepius
1546 3727 1606 3791 ap·

318 3804 456 3894 pellavit
477 3829 575 3894 quam
597 3808 755 3892 Probum,
777 3812 870 3875 cuius
892 3810 1043 3876 instituta
1065 3808 1145 3873 artis
1172 3810 1275 3874 citata
1297 3817 1372 3871 sunt
1393 3830 1426 3894 p.
1449 3808 1506 3889 93,
1531 3807 1607 3889 128,

320 3908 397 3991 135,
421 3908 496 3990 137,
521 3910 596 4001 155,
622 3910 698 3980 105,
723 3912 800 3993 176,
824 3912 902 3993 187,
924 3912 945 3975 2
966 3910 1005 3992 0,
1027 3911 1106 3989 211,
1129 3910 1209 3993 235,
1232 3910 1312 3992 200,
1334 3908 1409 3990 291,
1432 3909 1506 3991 307,
1528 3910 1607 3991 387,

317 4010 396 4093 409;
425 4008 586 4075 catholiea
607 4034 638 4097 p.
662 4011 718 4093 92,
741 4012 803 4076 205
830 4024 875 4077 et·
890 4012 1032 4077 fortasse
1053 4012 1125 4093 326,
1148 4012 1327 4097 eademque
1348 4033 1415 4075 non
1436 4009 1607 4076 nominato

317 4123 450 4178 anctore
472 4112 639 4198 exscripta
661 4122 738 4177 sunt
765 4136 797 4200 p.
823 4114 891 4177 173.
916 4112 1004 4199 ipsos
1026 4124 1136 4178 autem
1158 4111 1260 4179 libros
1284 4112 1383 4177 Probi
1406 4134 1426 4175 a
1448 4112 1607 4197 Pompeio

318 4214 419 4279 lectos
447 4236 520 4279 esse
546 4214 581 4276 in
608 4213 722 4300 primis
752 4215 893 4302 probant
920 4214 1016 4297 haee,
1045 4238 1077 4301 p.
1103 4214 1163 4281 150
1191 4222 1311 4296 scripsit
1337 4226 1434 4279 antem
1462 4218 1505 4277 ad
1524 4218 1608 4277 nunc

318 4324 413 4381 locum
436 4322 547 4381 Probus
568 4336 659 4380 511511
680 4321 804 4389 libram·
825 4324 878 4380 iste
899 4324 1046 4381 institutor
1060 4324 1121 4381 iarn
1135 4329 1228 4381 artem
1250 4324 1383 4397 scripsit,
1406 4336 1465 4379 non
1486 4321 1608 4394 scripsit

314 4422 474 4498 perfectis,
496 4423 551 4481 sed
570 4423 614 4481 od
633 4438 682 4482 501
703 4426 756 4497 pai
776 4426 874 4482 rtotnnt
895 4440 926 4482 se
948 4424 1101 4498 perfectos
1122 4440 1185 4483 1111
1207 4430 1239 4486 51
1261 4442 1293 4506 p.
1319 4418 1379 4483 190
1401 4424 1607 4482 habentinam

317 4524 424 4583 timum
446 4523 537 4583 Probi
564 4524 601 4583 rie
631 4526 684 4584 isto
713 4527 847 4599 penettro
868 4528 1025 4603 scriptum,
1054 4531 1166 4584 tanttnn
1188 4526 1274 4585 modo
1302 4526 1356 4584 1155
1377 4526 1471 4584 sotum
1492 4530 1608 4583 tractat

318 4628 349 4685 in
371 4628 422 4685 itio
442 4625 526 4685 libro.
562 4619 679 4685 deinde
700 4623 780 4707 legit
801 4621 973 4687 Claudium
995 4620 1203 4689 Sacerdotem
1225 4646 1259 4709 p.
1278 4622 1351 4707 213,
1374 4622 1492 4687 Iubam
1514 4643 1546 4707 p.
1563 4622 1607 4687 32

319 4722 429 4804 5140,
453 4723 596 4808 Capram
617 4746 651 4809 p.
676 4724 753 4806 132,
779 4723 854 4805 180,
877 4724 954 4805 206,
977 4724 1055 4809 332,
1079 4724 1311 4789 Terentianum
1333 4746 1365 4810 p.
1390 4724 1446 4807 15,
1469 4723 1527 4804 34,
1549 4722 1606 4806 42,

318 4823 369 4904 49,
391 4825 443 4907 57,
466 4824 615 4909 quamvis
637 4824 797 4911 quaedam
819 4846 861 4889 ex
884 4824 924 4889 iis
946 4846 1029 4911 quae
1052 4824 1159 4911 Capro
1182 4833 1215 4889 et
1243 4824 1440 4893 Terentiano
1464 4825 1607 4890 auctori-
