3350 5442
618 292 621 298 ’
682 317 755 383 nas
1327 314 1369 380 tv

1222 437 1244 480 p.
1258 428 1308 468 toto
1320 426 1343 468 P.

85 507 173 569 babet.
220 509 459 570 interiectionem
480 505 612 588 ¹violentis
639 525 695 587 pro
716 525 807 568 sensu
829 505 1042 585 intellegimus,
1066 508 1202 588 quotiens
1225 508 1370 586 signifieat

84 613 316 680 miserationem,
339 620 372 672 ut

227 713 359 774 omibi
381 713 616 793 praeteritos
637 712 781 773 celerat
801 714 831 773 si
853 711 919 772 La.

82 815 220 876 artimtlus
248 823 309 884 est,
337 815 477 892 quotiens
510 815 640 874 vocativo
663 815 743 874 casui
771 813 947 894 applicatur:
977 812 1148 875 adverbium
1178 813 1368 876 exclamantis
1413 849 1417 855 ,

62 926 133 986 sest,
162 919 303 996 quotiens
330 918 500 978 invocamus
529 915 616 986 deos,
641 923 676 977 ut
702 935 720 976 o
747 914 863 977 caelum
891 924 1020 978 eterra.
1053 950 1087 960 -
1118 916 1299 991 lnteriectio,
1323 917 1368 979 vel

81 1016 151 1097 quod
173 1019 333 1078 interiecta
356 1020 394 1078 sit
417 1017 581 1088 mentibus,
604 1017 650 1078 vel
672 1016 752 1094 quod
776 1036 811 1077 ex
841 1019 946 1078 ellectu
970 1019 1060 1079 animi
1082 1025 1228 1080 nascatur.
1258 1053 1300 1062 -
1325 1020 1438 1090 Vitat,
1452 1028 1485 1078 28

82 1139 180 1181 evax:
204 1118 266 1180 beu
289 1129 320 1180 et
341 1137 412 1180 evax
435 1127 465 1180 et
485 1137 579 1200 papae
602 1118 782 1199 etreliqua,
811 1119 881 1180 licet
903 1119 980 1200 apud
1004 1119 1123 1182 Latinos
1145 1121 1368 1180 interiectiones

82 1229 157 1291 sunt,
173 1221 255 1301 apud
270 1222 401 1283 Graecos
417 1231 516 1283 tamen
531 1219 685 1282 adverbia:
709 1221 767 1281 beu
782 1240 838 1300 pro
855 1222 926 1282 dicit
941 1221 1087 1292 Graecus,
1112 1240 1165 1282 nos
1182 1220 1238 1282 beu
1259 1220 1365 1282 solum.

85 1357 111 1365 -
131 1321 236 1393 Quod
259 1323 342 1386 ideo
357 1323 482 1385 Latini
504 1341 575 1383 non
597 1323 757 1383 iaciunt:
780 1322 839 1383 heu
862 1322 930 1384 inde
952 1322 1300 1402 intellegimus,.quando
1321 1325 1412 1384 in-ao

52 1427 212 1486 interiectio
234 1433 302 1495 ost,
324 1424 441 1505 quando
463 1422 651 1485 adverbium:
681 1425 707 1484 si
729 1423 851 1486 verbum
873 1427 1015 1506 sequitur,
1040 1424 1210 1486 adverbium
1233 1427 1366 1496 iacimus,

81 1538 110 1586 ut
130 1528 217 1588 ‘beu
241 1528 327 1606 luge
348 1534 433 1589 nate
456 1525 556 1594 dea’;
580 1526 717 1605 quotiens
732 1524 855 1587 alteram
870 1534 984 1606 partein
1001 1529 1148 1608 sequitur,
1174 1525 1178 1610 Ι
1202 1529 1368 1590 interiectio

83 1637 137 1699 est,
158 1638 194 1690 ut
220 1633 274 1690 ‘ei
296 1628 388 1689 mibi
410 1627 537 1708 qualis
567 1629 661 1687 erat’
691 1635 721 1687 et
743 1626 829 1688 ‘heu
858 1646 925 1708 qua
954 1647 1048 1690 nunc
1076 1627 1192 1690 tellus
1212 1609 1387 1709 inquit’.'

84 1765 116 1774 -
137 1732 183 1791 Vt
204 1731 327 1800 nefas,
351 1731 556 1810 pronefas:
580 1748 635 1808 pro
658 1730 743 1792 neias
764 1729 851 1810 plena
875 1739 929 1792 est.
962 1727 1031 1811 [pro
1053 1729 1199 1810 luppiter,
1223 1729 1281 1791 beu
1304 1733 1466 1811 pie-39‘2‚1

82 1841 121 1892 tas
146 1835 172 1894 si
201 1832 291 1894 simul
317 1833 482 1911 iungimus,
510 1831 730 1893 interiectiones
752 1833 909 1900 iaciamus:
941 1833 966 1892 si
987 1850 1173 1911 separamus,
1203 1831 1365 1914 adverbia}

54 1934 119 1992 estc
140 1942 170 1994 et
191 1953 248 2014 pro
270 1934 420 2015 luppiter,
444 1935 487 1996 sic
502 1941 531 1993 et
545 1933 604 1994 beu
620 1935 724 2013 pietas.
740 1969 783 1979 —
804 1936 990 1995 docentus
1011 1935 1396 2002 interiectionibusze

83 2037 108 2094 in
127 2035 174 2096 bis
195 2035 452 2098 interiectionibus
476 2054 534 2096 non
556 2042 682 2114 possunt
697 2037 772 2097 certi
786 2044 927 2096 accentus
949 2037 1092 2115 reperivi,
1117 2055 1192 2114 quac
1207 2037 1367 2098 inconditis

83 2137 198 2199 vocibus
219 2146 370 2208 constant,
400 2146 433 2198 ut
459 2137 516 2198 beu
544 2155 587 2197 va.
623 2139 698 2198 certi
720 2143 790 2198 sunt
811 2145 951 2198 accentus
978 2139 1009 2196 in
1038 2137 1101 2198 istis
1136 2156 1211 2218 quae
1242 2147 1367 2218 possunt

83 2237 234 2318 vlistingui,
258 2247 292 2301 ut
312 2257 406 2320 papae
428 2246 509 2300 attat.

568 2408 618 2470 DE
639 2406 878 2470 onassttusttu

55 2541 74 2576 τῖ’
159 2527 422 2590 barbarismus
444 2536 500 2589 est
521 2544 590 2588 una
612 2546 699 2606 pars
722 2529 923 2588 orationis:
948 2530 1015 2589 vitia
1038 2530 1182 2589 orationis
1204 2537 1273 2590 sunt
1294 2529 1394 2600 duo-5

85 2630 187 2702 decim,
209 2629 415 2693 barbarismus
436 2628 631 2691 soloecismus
652 2630 817 2710 acyrologia
833 2631 1007 2690 cacenlaton
1030 2628 1216 2708 pleonasmos
1239 2633 1365 2710 perisso·

84 2731 152 2809 logia
174 2732 353 2811 macrologia
376 2731 534 2812 tautologia
558 2731 668 2820 ellipsis
690 2733 833 2811 tapinosis
856 2731 1093 2812 cacosyntheton.

605 2832 623 2871 s
710 2834 727 2873 e
815 2835 830 2870 e

145 3039 206 3091 coa.
224 3039 305 3090 Bm.
318 3038 379 3089 XIV
396 3041 422 3089 2.
438 3035 482 3088 2*.
534 3039 619 3101 liquo
636 3039 766 3087 interiecta
816 3045 954 3087 nascantur
1006 3045 1033 3086 ut
1046 3053 1128 3088 ennnx
1148 3037 1195 3088 ben
1216 3047 1240 3087 et
1258 3055 1365 3092 ennox

144 3111 241 3175 iaput
262 3111 355 3159 latinos
424 3108 520 3174 Seput
541 3123 649 3174 graecos
720 3107 768 3157 beu
788 3107 830 3172 pio
900 3123 990 3158 nosen
1010 3108 1064 3157 sole
1136 3109 1166 3159 lt
1188 3109 1299 3174 ingimus

89 3177 115 3227 lb
132 3179 253 3230 aduentus
324 3178 357 3229 lo
374 3179 499 3243 repperiri
571 3178 602 3227 lt
620 3185 724 3226 constat
778 3177 810 3227 21
831 3177 984 3244 solyeisnrus
1036 3179 1228 3242 bitaytonorve
1248 3194 1363 3234 nantum.

86 3261 232 3300 ranvnocvnc
250 3263 332 3300 nonoo
351 3245 356 3310 Ι
1394 3251 1397 3268 “

146 3435 292 3504 domibi]
317 3439 396 3503 Verp.
418 3437 483 3486 Aen.
502 3435 627 3487 vntotto
695 3435 779 3486 8ben
801 3451 847 3502 pro
869 3435 1000 3486 Putecbius
1071 3436 1101 3486 ll
1121 3435 1169 3486 ben
1189 3427 1362 3504 lngelVerp.

88 3508 252 3562 nonnata
323 3504 487 3573 laetentur]
512 3505 772 3572 Verp.Aen.ll274
844 3505 892 3554 beu
911 3504 984 3571 qnae]
1006 3507 1084 3570 Verp.
1100 3507 1165 3558 Aen.
1187 3508 1208 3557 ll
1227 3508 1261 3559 ott
