3350 5442
331 343 393 409 582
639 351 656 377 '
762 348 810 410 DE
833 348 957 412 ovans
979 348 1187 412 uoutrttuvs

371 453 467 492 mae
482 451 507 490 a,

357 466 369 506 Ρ
414 531 522 592 Libido
544 534 663 608 generis
685 533 836 604 lerninini,
866 542 899 595 ut
919 530 1099 596 Prudentius
1123 533 1241 613 (psycb.
1265 530 1316 614 87)
1340 535 1509 613 ‘prostrata
1532 535 1615 594 iaces.
1663 580 1664 631 ,

331 634 475 694 lutulenta
498 631 618 695 libido'.
1663 648 1664 683 ι

417 736 513 796 Locus
534 737 655 812 generis
677 739 850 812 masculini,
875 738 1003 799 utillud
1029 736 1125 816 (Sulp.
1147 737 1214 797 Sca.
1238 739 1312 797 diui.
1340 736 1370 807 l,
1394 734 1425 816 7)
1449 735 1550 797 ‘locus
1573 735 1616 794 ille
1663 754 1664 815 ζ

330 839 488 898 maximam
510 835 633 916 parabat
656 839 824 900 invidiam’.
870 841 1026 919 pluraliter
1049 841 1112 900 loca
1135 839 1277 917 Virgilius
1299 839 1385 899 dixit.

417 939 420 1020 )
445 939 521 1000 Laus
536 941 669 1017 generis
698 942 849 1011 seminini,
880 948 910 1001 ιιι
932 943 1113 1004 Prudentius
1136 939 1240 1019 (steph.
1265 939 1293 1010 1,
1316 937 1367 1021 82)
1392 941 1463 1001 ‘illa
1485 940 1550 1000 laus
1572 957 1634 998 ιιι-ε

330 1042 408 1102 culta
431 1060 491 1102 non
514 1041 587 1102 est'.

415 1144 529 1204 Lumen
557 1145 678 1221 generis
706 1147 820 1214 neutri,
849 1153 882 1205 ut
910 1145 1050 1207 Sidonius
1077 1143 1191 1223 (carm.
1223 1140 1274 1214 19,
1297 1141 1334 1224 4)
1364 1144 1495 1205 ‘lumina
1523 1153 1616 1202 restra

330 1247 459 1306 natant’.

414 1347 575 1408 Lavacrum
603 1349 723 1424 generis
751 1351 865 1418 neutri,
895 1358 926 1409 ut
954 1349 1132 1410 Prudentius
1163 1347 1274 1426 (stcpli.
1300 1346 1354 1418 10,
1380 1345 1451 1426 158)
1477 1348 1564 1408 ‘dum
1586 1349 1617 1407 ad

332 1449 481 1510 lavacrum
502 1450 710 1529 praeconando
732 1451 882 1511 curritis’.
1627 1470 1645 1502 n

414 1553 501 1612 Livor
515 1554 636 1629 generis
649 1553 800 1622 feminini,
823 1560 857 1613 ut
872 1552 1016 1614 Iuvencus
1032 1553 1055 1631 11
1070 1549 1142 1633 369)
1167 1553 1252 1613 tmon
1267 1553 1343 1613 livor
1358 1553 1511 1612 daemonis
1527 1554 1615 1611 atrs’.

414 1655 544 1714 Lucrum
571 1654 691 1731 generis
717 1657 833 1724 neutri,
863 1662 896 1714 ut
918 1655 1058 1715 Paulinus
1081 1653 1186 1732 (curm.
1212 1652 1266 1724 17,
1289 1651 1362 1734 274)
1385 1655 1481 1715 ‘sacri
1502 1653 1615 1713 lucrum

330 1757 480 1816 cumulans
501 1755 632 1816 talenti'.

414 1858 539 1934 Lignum
562 1858 680 1934 generis
703 1858 816 1926 neutri,
841 1869 875 1918 ut
897 1860 928 1918 in
950 1877 1055 1937 regum
1079 1858 1174 1936 ‘ligna
1196 1857 1415 1937 inputribilia'.

413 1959 519 2020 Limen
534 1961 653 2036 generis
667 1961 783 2029 neutri,
800 1967 832 2019 ut
848 1959 989 2037 Virgilius
1006 1960 1052 2037 (A.
1068 1959 1105 2019 Vl
1120 1957 1192 2020 427.
1214 1960 1254 2020 xl
1268 1957 1340 2041 423)
1357 1959 1477 2020 ‘limine
1491 1961 1615 2038 primo'.
1627 1977 1645 2014 e

413 2061 498 2123 Litus
519 2062 638 2139 generis
660 2064 775 2130 neutri,
799 2069 832 2120 ut
854 2061 994 2139 Virgilius
1018 2058 1064 2139 (A.
1088 2057 1153 2140 12)
1178 2060 1376 2142 ‘Laviniaque
1399 2063 1481 2121 venit
1501 2061 1616 2121 litora’.

412 2164 523 2242 Liquer
544 2163 663 2240 generis
685 2162 858 2233 masculini,
882 2171 914 2222 ut
929 2162 1106 2224 Prudentius
1130 2159 1191 2241 (ap.
1207 2160 1280 2243 670)
1304 2164 1463 2223 ‘sustinuit
1482 2180 1615 2240 gressum

329 2264 439 2325 domini
460 2264 588 2326 famulus
609 2263 734 2343 liquor’.

413 2366 562 2444 Legumen
585 2369 704 2443 generis
730 2367 843 2434 neutri,
866 2371 899 2426 ut
920 2366 1052 2428 Isidorus
1072 2367 1239 2444 ‘legumina
1252 2368 1345 2428 mari'
1368 2376 1400 2428 et
1421 2366 1494 2427 illud
1518 2367 1615 2443 ‘legu-

328 2471 407 2528 mina
430 2469 549 2530 multa’.

412 2569 509 2630 Labor
532 2572 653 2648 generis
675 2570 848 2639 masculini,
871 2578 903 2630 ut
925 2570 996 2632 illud
1020 2571 1122 2632 ‘labor
1144 2574 1200 2632 isto
1223 2590 1282 2632 nou
1304 2573 1362 2632 erit
1384 2573 1516 2631 irritus'.

414 2669 418 2752 )
448 2671 625 2732 Ludibrium
653 2675 774 2749 generis
809 2675 922 2741 neutri,
958 2681 991 2733 ut
1022 2673 1097 2734 illud
1124 2671 1271 2734 ‘ludibria
1298 2673 1392 2734 multa
1425 2681 1557 2733 sectatus
1589 2681 1614 2730 et

329 2773 458 2851 iugula'.

412 2875 533 2936 Luciler
554 2878 675 2953 generis
696 2876 866 2947 masculini,
890 2884 923 2936 ut
944 2875 1086 2937 Sidonius
1108 2872 1235 2937 ‘nitidus
1255 2877 1407 2937 Lucifer'.

412 2977 501 3056 Lapis
523 2979 643 3055 generis
665 2979 838 3047 mascidini,
864 2984 896 3039 ut
910 2977 1090 3039 Prudentius
1106 2978 1167 3058 (cp.
1185 2979 1292 3055 precs.
1307 2975 1337 3047 2,
1353 2974 1406 3057 33)
1430 2977 1525 3056 ‘lapis
1548 2997 1640 3038 screa

328 3085 429 3138 nostro
451 3079 525 3140 linus
548 3080 725 3140 offensaculo
748 3082 821 3142 est'.

412 3181 510 3259 Lepus
524 3182 643 3259 generis
658 3182 827 3252 masculini,
851 3190 884 3243 ut
898 3182 1045 3242 Ausonius
1061 3183 1286 3260 ‘investigatum
1301 3183 1375 3243 lerri
1390 3181 1477 3242 dolus
1488 3181 1586 3260 lepori
1594 3183 1612 3239 ’.

412 3451 517 3502 bloeus
535 3455 600 3508 Non,
621 3454 669 3504 211
692 3454 828 3516 caan-37,
848 3456 873 3507 2.
897 3453 939 3515 76,
961 3456 992 3505 14
1009 3469 1066 3505 cxc.
1085 3454 1161 3508 Odor.
1181 3455 1242 3515 551,
1262 3455 1294 3506 27
1311 3455 1385 3506 Seru.
1400 3457 1427 3504 in
1449 3455 1528 3518 Ver-9.
1548 3455 1609 3508 Aen.

327 3522 401 3575 1300
473 3524 504 3574 12
526 3523 622 3572 lucrum
642 3523 706 3577 Non.
726 3524 778 3574 210
850 3524 981 3587 l‘lliquor
1000 3527 1083 3576 Prisc.
1101 3525 1159 3588 170,
1180 3525 1213 3575 la
1282 3523 1546 3589 salopiensum

394 3592 427 3642 27
445 3592 518 3658 lepus
541 3596 624 3647 Prisc.
646 3594 764 3658 104,19.
787 3593 906 3658 160,15.
926 3595 985 3655 264,
1001 3595 1018 3646 6

395 3853 408 3902 1
427 3850 504 3900 libido
526 3879 558 3888 —
578 3851 700 3901 lutulenta
720 3850 798 3900 libido
817 3851 863 3900 doc
880 3855 934 3903 loco
952 3854 1044 3902 omissa
1063 3877 1094 3886 —
1112 3849 1470 3902 αιιιε241ιιο11ε11ιιιῠιιΜ
1540 3850 1609 3899 lemi-

325 3918 388 3986 uini]
411 3921 459 3970 ned
479 3923 545 3972 MV
552 3923 576 3970 L
629 3923 690 3971 iacis
713 3923 738 3970 V
742 3923 767 3971 L
785 3922 844 3970 istis
863 3920 896 3969 M
951 3926 968 3972 2
987 3921 1113 3971 luculenta
1132 3923 1155 3971 L
1175 3921 1284 3970 luculeta
1300 3921 1332 3970 M
1383 3920 1400 3970 3
1420 3921 1554 3971 masculini
1565 3937 1607 3968 ssi.

325 3991 356 4040 Μ
366 3993 392 4039 V
397 3991 420 4039 L
524 3991 606 4041 locum
625 3991 655 4040 M
758 3992 788 4042 ll
809 3991 851 4040 hic
868 3991 930 4040 livor
949 3983 967 4056 ἦ
988 3985 1160 4056 πελιδνότης
1177 3981 1385 4055 κα1ὁφθόνος
1403 3991 1534 4042 deidion.
1550 4006 1605 4055 ‚qen

322 4063 369 4112 eol.
391 4061 425 4110 lV
439 4077 467 4125 p,
484 4062 548 4124 574,
566 4062 609 4112 71.
631 4067 677 4110 aut
697 4061 760 4109 livor
782 4062 884 4127 generis
907 4060 1040 4110 masculini
1059 4086 1091 4094 —
1109 4067 1162 4107 ater
1184 4062 1286 4124 scripsit
1304 4062 1496 4124 grammaticus,
1519 4070 1563 4111 cut
1585 4062 1607 4107 in

323 4147 435 4182 errorem
457 4131 572 4182 inductus
597 4138 635 4180 est
655 4132 714 4181 uitio
733 4134 876 4194 empturas
901 4131 971 4194 apud
988 4130 1128 4192 lunarum,
1146 4129 1229 4179 rabidi
1246 4144 1307 4179 mox
1325 4129 1389 4180 livor
1408 4130 1541 4180 daemonis
1557 4139 1608 4177 ater

323 4217 379 4250 crim
399 4211 493 4252 terrore
511 4204 578 4267 rapit
596 4210 707 4251 mentem
798 4202 830 4251 12
849 4201 890 4250 his
906 4215 1006 4250 sacrum
1028 4198 1105 4249 lucris
1128 4199 1260 4250 cumulans
1279 4199 1401 4250 talentum
1418 4202 1543 4251 Paulinus

325 4271 356 4322 13
374 4276 505 4322 cumulans
524 4271 557 4319 M
574 4272 704 4321 stimulans
728 4271 755 4320 V
758 4271 782 4320 L
853 4271 887 4320 14
903 4273 929 4320 in
948 4284 1055 4336 regnum
1074 4268 1108 4317 M
1128 4285 1142 4317 e
1164 4284 1254 4335 regum
1275 4270 1307 4319 L.
1326 4269 1443 4321 inlibris
1461 4285 1546 4336 regim
1562 4285 1606 4317 non

322 4343 437 4407 teguntur
451 4341 540 4398 acrba:
556 4357 591 4392 etc
609 4342 693 4392 exodo
711 4339 745 4406 (c.
761 4340 809 4406 35)
827 4342 912 4392 citauit
928 4341 1096 4406 Hieronymus
1114 4354 1153 4402 ep.
1168 4339 1211 4402 04,
1228 4341 1245 4391 9
1265 4338 1325 4403 (sol.
1345 4343 1355 4390 1
1370 4357 1399 4406 p.
1416 4338 1468 4392 360
1484 4341 1526 4393 ed.
1549 4341 1604 4388 Val-

323 4412 401 4475 larr.)
421 4414 530 4478 legimus
545 4413 571 4462 in
591 4412 724 4463 exodo-
744 4412 809 4475 pilos
829 4425 964 4476 caprarum
988 4419 1012 4459 et
1030 4411 1100 4476 ligna
1120 4409 1287 4474 inputribilis,
1307 4427 1453 4474 qumqumn
1466 4412 1493 4460 in
1510 4412 1604 4474 uulgata

322 4483 527 4544 interpretatione
543 4483 560 4533 l.
576 4498 598 4531 c.
618 4482 687 4547 ligna
705 4480 860 4547 inputribilis
876 4497 926 4532 non
943 4482 1097 4531 inueniuntur
1150 4479 1181 4530 15
1196 4479 1276 4545 prime
1289 4480 1321 4529 M
1375 4480 1407 4532 10
1426 4481 1522 4530 lauinia
1535 4490 1605 4542 atque

324 4551 347 4600 L
399 4554 431 4604 19
451 4553 579 4616 [tegumen
595 4578 628 4587 —
649 4551 726 4600 multa
744 4551 861 4602 bociaco
879 4554 970 4601 omnen
986 4559 1046 4600 ante
1064 4551 1097 4600 24
1115 4548 1206 4598 lueiler
1222 4549 1297 4599 dubet
1312 4551 1352 4600 L:
1371 4551 1485 4617 ligamen
1502 4558 1526 4600 et
1543 4551 1605 4614 ligu-

323 4623 392 4671 mina
408 4630 514 4686 unoque
528 4625 582 4672 loco
597 4621 628 4670 M
637 4624 662 4671 V·
670 4622 691 4668 L
736 4622 869 4685 gsidnrus
883 4621 917 4670 M
930 4621 1048 4685 vsiderus
1063 4622 1095 4670 L.
1115 4620 1231 4682 exempla
1247 4620 1313 4669 unde
1328 4625 1409 4682 petita
1424 4623 1475 4671 sint
1488 4637 1536 4671 non
1551 4635 1604 4668 con

322 4699 374 4741 stat
443 4693 477 4741 22
495 4692 575 4741 mults
592 4690 712 4756 sectatus]
730 4691 850 4741 multatus
868 4691 902 4740 M
969 4690 1003 4741 23
1021 4687 1119 4756 iugula]
1137 4689 1197 4756 gula
1215 4689 1290 4741 ML:
1304 4691 1430 4740 iocularia
1446 4693 1488 4741 sci
1499 4692 1552 4740 ioca
1570 4692 1604 4737 oct

323 4760 405 4809 ioeuls
422 4763 526 4812 coniecit
539 4763 667 4824 Huuptius
737 4763 768 4810 24
783 4762 878 4812 nitidus
896 4759 986 4810 lueilcr
999 4776 1049 4810 non
1066 4762 1166 4810 inuenta
1181 4769 1240 4810 sant
1257 4761 1328 4824 apud
1341 4759 1471 4811 Sidoniam
1521 4760 1604 4810 27111-

323 4831 447 4892 vestigato
466 4831 532 4879 lerrs
548 4831 619 4880 dolos
638 4831 717 4895 lepori
734 4835 838 4883 coniecit
853 4832 989 4897 Hauptius.
1022 4830 1091 4894 apud
1104 4830 1239 4880 Ausonium
1256 4831 1332 4883 uerba
1348 4845 1398 4880 non
1416 4832 1516 4881 inuata
1527 4837 1582 4879 sunt
