3350 5442
297 385 360 452 530
808 386 1075 469 [Phthsstlohls]

296 577 330 640 in
351 583 421 640 arte
442 574 565 639 Donati
587 573 778 661 exponenda
799 572 940 638 maxime
963 572 1075 638 studia
1100 573 1389 658 grammaticorum
1412 574 1590 639 versaban-

297 686 364 757 tur,
388 676 529 762 soriptus
553 684 612 742 est.
650 698 726 741 nam
748 676 905 741 minorem
927 685 1030 742 artem
1052 676 1177 741 Donati
1199 683 1330 740 secutus
1353 675 1407 740 hie
1428 698 1590 761 gramma·

296 780 380 846 tious
410 779 451 844 de
479 786 552 844 octo
583 779 731 865 partibus
759 779 914 843 orationis
942 777 1099 845 disseruit
1131 787 1164 844 et
1193 777 1337 842 maximo
1364 777 1591 865 exemplorum

296 902 429 947 numero
462 889 616 966 congesto
646 891 679 946 et
711 878 983 947 declinationibus
1022 881 1189 946 nominum
1222 879 1380 967 adpositis
1413 891 1592 967 praecepta

295 983 381 1048 illius
404 980 591 1048 illustravit.
623 983 663 1048 de
685 983 875 1068 pronomine
889 1003 968 1048 vero
983 985 1082 1048 etiam
1104 985 1281 1048 maximam
1302 993 1431 1069 partem
1453 1006 1496 1048 ex
1516 983 1591 1070 ipsa

297 1086 421 1152 Donati
444 1094 514 1151 arte
535 1085 689 1172 repetivit
711 1083 761 1149 his
783 1084 992 1170 praemissis,
1014 1091 1052 1150 de
1070 1091 1250 1167 pronomine
1264 1097 1334 1151 vero
1355 1090 1434 1150 nihil
1454 1095 1590 1166 apertius

293 1195 365 1266 fieri
381 1198 496 1270 potest,
528 1209 618 1268 quom
640 1192 784 1267 quomodo
807 1191 838 1250 in
860 1198 928 1251 orta
948 1193 1074 1266 lenimus
1095 1192 1218 1252 Donati.
1264 1186 1459 1253 eruditionis
1480 1197 1589 1258 actem

296 1288 386 1356 nulla
400 1293 434 1356 in
450 1289 510 1356 hoc
532 1286 614 1355 libro
637 1297 714 1354 sunt
727 1289 883 1374 vestigia,
899 1311 1004 1375 neque
1017 1287 1085 1353 ulla
1098 1298 1247 1355 veterum
1262 1291 1459 1378 scriptorum
1482 1313 1591 1356 exem·

295 1392 351 1480 pla
373 1393 540 1479 adscripta
562 1401 650 1456 sunt.

382 1494 435 1560 Ad
465 1493 551 1558 huno
577 1493 678 1578 igitur
699 1491 818 1558 librum
846 1493 1032 1580 respexisse
1053 1492 1183 1559 videtur
1205 1496 1232 1559 is
1255 1495 1311 1582 qui
1332 1494 1366 1558 in
1387 1492 1501 1559 codice
1522 1493 1590 1558 Va-

296 1598 403 1664 ticano
433 1596 515 1661 1492
550 1595 591 1660 de
623 1593 692 1660 vita
716 1596 814 1682 Aspri
847 1595 994 1682 scripsit,
1028 1617 1103 1660 eum
1130 1605 1207 1682 post
1232 1618 1272 1661 ea
1297 1617 1382 1682 quae
1409 1596 1452 1661 de
1477 1605 1590 1662 vetere

296 1699 510 1785 grammatico
538 1720 581 1762 ex
608 1697 686 1761 Iulii
715 1695 894 1783 Capitolini
923 1698 993 1763 vita
1018 1696 1178 1763 Antonini
1209 1697 1421 1783 neglegenter
1454 1697 1591 1764 collecta

297 1801 447 1868 exhibuit
469 1798 606 1865 alterum
628 1800 727 1864 etiam
749 1798 908 1866 minorem
929 1800 1033 1865 fuisse
1054 1799 1198 1887 Asprum
1221 1800 1389 1882 scriberet,
1412 1801 1470 1886 qui
1491 1799 1589 1887 paulo

297 1915 371 1992 post
393 1903 630 1989 Hieronymum
652 1902 802 1967 vixisset.
846 1924 922 1967 nam
944 1902 1036 1968 illum
1056 1912 1201 1968 veterem
1221 1901 1382 1968 Antonini
1402 1901 1591 1988 philosophi

295 2006 464 2093 aequalem
490 2003 594 2067 fuisse
615 2002 738 2086 voluit,
766 2003 853 2069 huno
880 2004 1103 2069 recentiorem.
1146 2004 1234 2070 idem
1263 2005 1368 2070 secuti
1389 2014 1468 2069 sunt
1489 2005 1512 2068 ii
1534 2006 1590 2092 qui

295 2109 330 2172 in
352 2106 464 2172 codice
487 2104 648 2172 Vaticano
679 2106 758 2170 1491
788 2105 965 2172 Aemilium
991 2105 1134 2192 Asprum
1163 2115 1195 2171 et
1222 2105 1256 2169 in
1278 2105 1391 2172 codice
1412 2106 1589 2192 Reginensi

298 2209 378 2274 1818
406 2207 507 2294 Aspri
537 2208 667 2275 maioris
696 2216 800 2272 artem
831 2209 1078 2296 inscripserunt.
1123 2208 1256 2274 diversa
1281 2208 1407 2274 ratione
1434 2211 1487 2274 usi
1515 2220 1591 2273 sunt

296 2312 437 2377 editores
466 2308 544 2373 inde
571 2331 592 2374 a
619 2309 766 2396 principe
793 2309 955 2392 editione,
984 2311 1041 2397 qui
1063 2333 1137 2376 cum
1158 2322 1246 2377 recte
1267 2309 1505 2376 intellexissent
1525 2332 1591 2375 non

295 2435 391 2501 posse
414 2412 500 2477 hunc
521 2408 641 2476 librum
663 2413 766 2477 veteri
788 2411 1001 2497 grammatico
1023 2412 1136 2495 tribui,
1151 2422 1189 2480 ut
1211 2413 1253 2478 ab
1275 2411 1333 2477 illo
1355 2412 1589 2493 discernerent,

296 2515 397 2602 Aspri
418 2513 554 2579 iunioris
577 2523 680 2578 artem
701 2515 949 2601 inscripserunt.
992 2513 1237 2579 Lindemannus
1260 2535 1339 2578 vero
1367 2524 1502 2602 propter
1523 2513 1589 2579 cul-

295 2627 366 2683 tum
388 2614 519 2682 dicendi
540 2637 643 2700 genus
666 2615 752 2682 hunc
773 2615 932 2682 iuniorem
953 2617 1010 2703 qui
1032 2616 1152 2681 dieitur
1172 2615 1318 2703 Asprum
1346 2637 1412 2681 non
1432 2617 1589 2681 recentio-

295 2741 364 2784 rem
393 2741 464 2783 esse
491 2718 658 2784 Prisciano
692 2717 905 2784 existimavit.
950 2719 1003 2783 cui
1030 2719 1236 2784 consentiens
1264 2719 1417 2785 Osannus
1450 2717 1589 2805 symbol.

295 2820 356 2886 litt.
379 2819 414 2884 II
437 2842 468 2906 p.
491 2819 565 2901 305,
589 2841 662 2884 cum
685 2841 830 2906 eaquae
852 2841 873 2884 a
895 2819 1069 2886 Consentio
1094 2818 1134 2884 de
1154 2821 1250 2886 barb.
1273 2844 1306 2906 p.
1328 2820 1404 2902 402,
1429 2821 1470 2886 15
1495 2831 1529 2886 et
1555 2822 1589 2884 in

296 2923 459 3009 excerptis
475 2920 615 2986 Charisii
630 2943 662 3008 p.
679 2921 750 3001 534,
765 2922 808 2986 39
823 2921 924 3008 Aspri
945 2924 1075 2987 nomine
1095 2922 1240 2988 citantur
1260 2923 1336 2987 huic
1357 2922 1476 2987 iuniori
1491 2945 1588 3010 quem

296 3024 376 3090 dicit
403 3024 512 3088 nescio
541 3045 604 3109 quc
633 3023 731 3088 modo
759 3021 960 3089 vindicanda
987 3033 1135 3110 putaret,
1162 3022 1283 3090 librum
1311 3045 1377 3088 non
1405 3027 1486 3090 satis
1509 3026 1588 3089 inte·

295 3147 390 3211 grum
418 3125 461 3189 ad
487 3146 546 3189 nos
573 3124 735 3211 perlatum
764 3147 836 3190 esse
859 3127 994 3191 censuit.
1039 3125 1177 3213 denique
1199 3126 1408 3192 Hermannus
1430 3125 1587 3212 Hagenus

295 3229 328 3292 in
351 3225 451 3292 schol.
475 3225 629 3291 Barnous.
654 3224 696 3290 ad
710 3224 812 3312 Verg.
835 3226 941 3293 bucol.
965 3237 1063 3315 atque
1084 3250 1196 3314 georg.
1213 3228 1335 3316 (suppl.
1351 3227 1460 3294 annal.
1475 3227 1586 3315 philol.

296 3331 360 3395 vol.
384 3327 448 3414 IV)
471 3352 503 3415 p.
527 3328 587 3393 728
611 3327 652 3392 de
674 3327 775 3394 altero
791 3327 892 3416 Aspri
913 3330 997 3397 libro
1021 3330 1074 3395 vel
1097 3331 1329 3397 commentario
1352 3327 1387 3395 in
1409 3331 1586 3413 Donatum,

296 3455 391 3520 quem
414 3453 434 3495 a
456 3429 629 3496 scholiasta
650 3430 808 3496 Beruensi
830 3433 864 3495 in
880 3432 982 3516 Verg.
1004 3453 1115 3517 georg.
1137 3431 1187 3497 IV
1207 3433 1270 3498 238
1292 3433 1425 3498 citatum
1448 3455 1522 3499 esse
1542 3435 1587 3497 in·

296 3533 433 3615 telloxit,
449 3532 571 3616 dicens,
587 3533 738 3619 quamvis
760 3531 847 3597 hunc
862 3535 940 3598 satis
963 3532 1130 3598 diversum
1151 3557 1224 3600 esse
1244 3534 1287 3600 ah
1302 3543 1373 3600 arte
1388 3557 1474 3621 quae
1487 3536 1586 3620 vulgo

296 3636 399 3702 fertur
414 3634 558 3716 videret,
575 3645 697 3715 tamen,
712 3656 754 3699 ne
769 3633 852 3700 duos
867 3635 970 3701 fuisse
981 3635 1109 3722 Aspros
1124 3637 1205 3702 artis
1220 3637 1449 3724 explanatores
1465 3647 1585 3702 statue-

296 3749 356 3820 ret,
372 3739 420 3804 ita
441 3759 514 3802 eum
537 3759 610 3801 eum
631 3735 688 3801 illa
710 3735 972 3823 coniungendam
995 3760 1067 3803 esse
1081 3739 1299 3823 existimavit,
1314 3747 1351 3805 ut
1365 3741 1453 3804 hunc
1467 3735 1584 3805 librum

296 3841 336 3906 de
357 3862 421 3925 quo
442 3862 529 3903 nunc
544 3837 669 3923 agimus
693 3839 812 3925 partim
834 3851 967 3905 auctum
989 3840 1110 3926 partim
1133 3840 1339 3906 decurtatum
1362 3863 1436 3906 esse
1451 3840 1585 3906 diceret.

295 3942 383 4030 quod
405 3964 469 4025 quo
492 3940 587 4006 modo
610 3941 682 4006 fieri
704 3941 848 4026 potuerit
869 3964 933 4008 non
953 3942 1127 4028 intellego,
1151 3941 1314 4030 siquidem
1329 3951 1396 4008 tam
1413 3942 1584 4008 dissimilia

296 4052 371 4109 sunt
399 4043 524 4126 omnia,
553 4065 635 4130 quae
661 4045 696 4108 in
723 4041 851 4110 duobus
878 4042 973 4111 libris
1003 4045 1126 4131 scripta
1149 4053 1240 4125 sunt,
1261 4054 1299 4109 ut
1321 4066 1427 4132 neque
1448 4044 1582 4110 alterum
1643 4045 1654 4072 '

296 4170 338 4212 ex
368 4146 469 4211 altero
498 4144 631 4211 ductum
658 4167 762 4231 neque
790 4154 963 4232 utrumque
990 4169 1034 4211 ex
1054 4146 1169 4213 eodem
1191 4147 1283 4212 fonte
1306 4146 1494 4212 derivatum
1515 4169 1583 4213 esse

294 4249 463 4336 adpareat.

381 4349 447 4415 Sed
473 4348 602 4415 omuino
630 4347 724 4414 huius
754 4351 824 4416 sive
852 4350 989 4415 iunioris
1017 4351 1088 4417 sive
1111 4351 1244 4416 Aemilii
1266 4350 1367 4436 Aspri
1393 4351 1476 4418 artis
1498 4351 1583 4417 nulla

295 4473 449 4540 umquam
472 4475 492 4518 a
513 4451 733 4536 grammaticis
755 4453 845 4517 facta
866 4461 918 4518 est
939 4452 1071 4518 mentio.
1101 4475 1180 4518 nam
1201 4475 1284 4540 quas
1306 4455 1509 4540 antiquiores
1531 4454 1582 4519 ad·

296 4555 419 4642 scripto
441 4555 541 4641 Aspri
569 4555 698 4618 nomine
727 4555 913 4621 citaverunt
941 4552 1083 4622 dubitari
1109 4555 1223 4643 nequit
1244 4556 1388 4640 quin-ad
1409 4557 1582 4621 Aemilium

296 4660 455 4743 Asprum,
477 4665 621 4721 veterem
642 4656 906 4741 grammaticum,
929 4657 1049 4744 dequo
1065 4656 1468 4744 disputavitRibheokius
1490 4659 1579 4746 proll.

295 4760 330 4823 in
352 4758 451 4842 Verg.
478 4779 511 4844 p.
536 4757 594 4822 128
617 4779 706 4844 sqq.,
738 4756 912 4824 referenda
944 4761 1027 4843 sint,
1060 4761 1256 4825 recentiores
1285 4761 1519 4827 commentario
1551 4762 1582 4825 in

296 4860 479 4939 Donatum,
501 4857 611 4943 quiin
633 4881 732 4924 manu
755 4862 885 4946 seriptis
907 4861 999 4929 libris
1021 4861 1131 4948 Aspro
1152 4861 1325 4945 tribuitur,
1346 4863 1400 4926 usi
1422 4873 1514 4948 sunt;
1542 4864 1580 4929 ab
