3350 5442
630 344 868 410 couuaurvu
1123 321 1126 327 '
1334 340 1399 406 aaa
1437 297 1441 307 ’

1213 462 1236 504 p.
1249 451 1338 492 aaa-88
1351 450 1373 492 1.

103 538 186 598 niam
208 533 288 597 nulla
315 534 496 614 praepositio
525 551 580 613 per
603 540 614 594 t
634 533 824 604 terminatum
858 531 1040 612 ubicumque
1065 532 1180 593 iuvenis
1204 530 1399 610 praepositio·

104 649 186 708 uem,
210 636 304 718 perd
329 643 382 698 est.
428 636 522 713 siquis
544 635 697 715 scripserit
719 652 773 715 per
796 641 816 706 t,
839 633 1058 696 barbarismum
1080 634 1160 703 iacit,
1183 633 1323 712 quoniam
1344 649 1400 712 per

103 739 219 801 litteras
241 747 359 818 peccat3
383 755 443 798 non
467 736 675 798 soloecismum
695 737 774 805 lacit,
800 735 853 796 sed
869 734 1096 798 barbarismum.
1130 733 1311 814 ubicumque
1327 751 1399 812 ergo

104 841 287 920 praepositio
309 847 362 914 est,
386 857 441 920 per
456 837 475 898 d
490 837 606 907 scribis,
631 836 667 898 ad
689 843 815 918 patrem,
837 837 875 899 ad
896 837 1010 906 iorum;
1032 837 1214 898 econtrario
1229 838 1399 898 coniunctio

75 961 161 1023 aper
185 952 196 1003 ι
217 940 369 1008 scribitur,
392 948 430 1002 at.
465 957 535 1018 ergo
558 939 699 1019 quoniam
722 937 850 1000 diximus
864 940 1105 1000 coniunctionem
1128 957 1192 1000 esse
1214 945 1252 1009 at,
1276 946 1306 1000 ot
1327 957 1398 1000 cou-

102 1043 234 1123 polsitio,
258 1059 334 1120 quae
355 1041 426 1103 inde
447 1043 487 1112 tlt,
511 1039 648 1102 similiter
670 1047 767 1101 servat
789 1046 934 1109 naturam,
958 1049 1060 1118 atque,
1084 1039 1114 1101 id
1137 1048 1183 1102 est
1209 1059 1271 1102 non
1293 1060 1347 1121 per
1369 1040 1398 1111 d,

103 1145 160 1207 sed
182 1164 238 1225 per
260 1154 280 1206 ι.
326 1145 352 1204 si
374 1146 404 1206 a't
426 1143 554 1206 dicimus
576 1141 657 1202 illam
679 1143 928 1212 coniunctionem,
951 1143 1007 1203 ista
1029 1150 1074 1204 εει
1095 1144 1270 1224 conpositio.

192 1247 307 1309 Accidit
329 1248 417 1306 etiam
440 1244 523 1307 ordo.
569 1242 642 1305 ordo
665 1245 908 1306 coniunctionum
931 1242 979 1304 bic
1002 1250 1060 1313 εει,
1089 1245 1167 1325 quod
1194 1253 1265 1306 sunt
1285 1243 1401 1325 aliquae
1412 1255 1472 1317 418,
1484 1255 1519 1306 23

102 1351 332 1431 praepositivae,
357 1353 426 1409 sunt
447 1347 666 1428 postpositivae,
689 1355 758 1408 sunt
779 1345 904 1407 mediae.
940 1347 1155 1426 praepositivae
1176 1349 1402 1409 coniunctiones
1413 1323 1519 1389 Μ

67 1450 233 1533 mquidem
256 1448 366 1511 multae
380 1456 464 1518 suut;
487 1445 603 1509 habetis
617 1444 682 1507 illas
704 1447 782 1528 apud
797 1447 928 1510 Probum
943 1447 1082 1526 digestas.
1111 1456 1181 1529 puta
1195 1457 1226 1511 at
1240 1457 1270 1510 et
1284 1459 1343 1511 ast:
1361 1451 1400 1510 ita

104 1554 246 1623 dicimus,
270 1555 312 1612 ‘at
334 1558 488 1636 postquam
512 1550 610 1620 venit',
635 1550 677 1609 ‘at
699 1557 858 1629 postquam
872 1548 971 1612 medio
985 1551 1104 1629 incepta
1119 1552 1253 1613 virorum
1267 1555 1333 1622 est',
1348 1553 1403 1613 ‘at

104 1663 217 1736 pater
239 1655 502 1732 omnipoteus'.
527 1655 568 1713 ‘at
582 1655 768 1732 postquam';
792 1654 961 1733 ‘postquam
978 1653 1020 1714 at'
1036 1671 1096 1714 non
1111 1671 1269 1734 possumus
1283 1653 1399 1716 dicere:

104 1766 157 1819 aut
173 1757 216 1816 ‘at
230 1759 343 1835 pater’;
360 1757 457 1834 ‘pater
480 1757 521 1815 at’
538 1753 660 1814 omniuo
681 1772 741 1815 non
756 1761 843 1833 potes
856 1754 966 1815 dicere.
997 1753 1133 1816 similiter
1155 1762 1214 1826 ast,
1238 1760 1313 1828 ‘ast
1334 1774 1400 1835 ego

104 1878 195 1940 quae
217 1857 337 1918 divum
360 1855 523 1918 incedo'.
547 1854 689 1935 numquid
706 1855 778 1916 dixit
793 1872 849 1934 ego
863 1857 926 1917 asti
942 1858 1018 1924 istae
1032 1865 1258 1938 praeponuntur
1273 1877 1401 1938 semper.

67 1961 178 2024 millae
199 1966 421 2040 postponuntur
443 1975 577 2036 semper,
601 1975 672 2037 que,
696 1958 722 2018 si
738 1956 819 2018 dicas
834 1959 1021 2037 primusque3
1037 1977 1098 2020 non
1120 1967 1204 2040 potes
1227 1959 1400 2041 dicereque

103 2064 236 2143 primus:
252 2059 400 2140 illiusque,
416 2060 584 2140 ipsiusque:
608 2077 667 2120 uon
683 2077 842 2138 possumus
857 2059 957 2122 dicere
979 2079 1036 2140 que
1051 2060 1143 2132 illius..
1163 2079 1221 2140 que
1235 2063 1337 2142 ipsius.
1360 2065 1400 2123 si·

104 2164 219 2226 militer
242 2162 312 2232 ‘hcc
327 2168 426 2223 autem
449 2161 507 2222 lac'
523 2180 577 2242 pro
594 2179 629 2222 eo
644 2159 724 2241 quod
740 2169 785 2223 est
800 2162 911 2222 ‘autem
924 2160 981 2222 boc
995 2162 1065 2223 iac’.
1094 2162 1148 2224 sed
1161 2165 1217 2226 ista
1231 2165 1400 2245 praeposita

104 2267 256 2328 invenitur
271 2263 350 2345 apud
366 2265 506 2340 comicos,
518 2266 549 2325 in
565 2262 732 2325 elocutione
747 2264 899 2324 communi
909 2265 1112 2343 postponitur;
1129 2266 1206 2345 apud
1216 2267 1347 2329 comicos
1357 2275 1400 2330 ta·

104 2385 177 2429 men
199 2369 367 2428 invenimus
387 2364 468 2446 quod
483 2367 687 2447 praeponitur.
719 2371 764 2426 εει
780 2366 867 2426 etiam
883 2365 991 2437 media,
1013 2374 1048 2428 ut
1063 2374 1108 2428 est
1120 2369 1225 2446 igitur;
1241 2376 1273 2430 et
1285 2388 1399 2451 quaqua

66 2497 91 2538 aa
103 2477 193 2551 parte
215 2487 286 2532 usus
304 2469 398 2530 tueris
413 2467 468 2530 hac
484 2468 702 2538 coniunctione,
718 2466 816 2536 stabit,
837 2471 842 2542 Ι
862 2468 961 2546 ‘igitur
976 2470 1023 2529 iac
1037 2468 1117 2538 boc',
1133 2471 1192 2531 ‘lac
1207 2469 1265 2533 boc
1277 2473 1398 2550 igitur';

104 2559 226 2653 quaqua
240 2577 324 2652 parte
339 2568 469 2631 volueris
484 2570 528 2631 uti
542 2569 598 2631 hac
613 2570 829 2639 coniunctione,
845 2571 967 2649 poteris.
995 2571 1052 2632 iste
1067 2580 1112 2634 est
1125 2571 1201 2635 ordo
1216 2575 1399 2636 coniunctio·

104 2693 191 2736 num.
223 2672 276 2735 sed
291 2679 391 2734 tamen
413 2670 486 2733 illud
508 2672 680 2734 meminisse
703 2670 803 2741 debes,
826 2673 1124 2754 coniunctionespro
1142 2675 1399 2739 coniunctionibus

103 2795 198 2856 posse
213 2777 284 2856 poni
299 2774 377 2855 apud
392 2782 539 2855 auctores.
563 2772 650 2835 nobis
667 2791 726 2834 nou
741 2772 819 2836 licet.
843 2791 882 2836 ne
897 2774 977 2836 dicas
992 2775 1065 2837 milri
1080 2794 1161 2855 ergo,
1177 2779 1316 2855 quoniam
1330 2799 1400 2842 usus

104 2888 152 2941 est
174 2877 322 2958 Vergilius
344 2875 508 2957 cdpulativa
529 2894 585 2956 pro
608 2874 796 2947 disiunctiva,
824 2875 919 2938 debeo
942 2884 972 2939 ει
993 2895 1049 2956 ego
1070 2879 1111 2940 ita
1133 2879 1242 2955 iacere.
1288 2898 1399 2961 nequa·

65 3005 90 3047 ev
103 2999 196 3062 quam
218 2981 297 3042 licet.
342 2978 392 3040 ille
415 2979 493 3040 enim
516 2976 619 3039 lrabuil
640 2979 845 3040 auctoritatem
867 2980 940 3040 artis
960 2980 1107 3059 poeticae.

567 3146 617 3238 ou
638 3147 938 3212 rnrarosrvroun

192 3271 377 3352 Praepositio
400 3269 477 3331 dicta
502 3275 613 3338 osteo,
638 3267 714 3348 quod
737 3269 769 3328 in
790 3268 939 3349 loquendo
953 3243 1156 3351 praeponitur,
1179 3281 1221 3334 ut·
1229 3275 1307 3354 siqui
1322 3274 1400 3338 dicat
1410 3299 1470 3356 418,
1483 3303 1516 3351 32

103 3373 196 3456 ‘apud
220 3375 358 3440 amicos';
382 3388 470 3432 nemo
493 3376 591 3450 potest
612 3369 714 3430 dicere
734 3368 857 3432 ‘amicos
879 3371 984 3451 apud':
1017 3372 1086 3435 ideo
1109 3375 1187 3438 dicta
1207 3381 1398 3458 praepositio,
1410 3369 1471 3430 441,
1483 3370 1517 3420 3⁶

102 3477 245 3558 quoniam
268 3476 300 3535 in
323 3472 472 3554 loquendo
495 3473 701 3552 praeponitur,
729 3479 800 3552 puta
828 3473 908 3552 apud
936 3475 1060 3547 amicos,
1096 3476 1174 3557 apud
1204 3481 1396 3561 propinquos,
1411 3436 1498 3496 517,1

67 3578 184 3660 aoapud
208 3575 319 3645 fideles,
343 3575 421 3654 apud
445 3575 557 3636 doctos
602 3576 783 3654 praepositio
807 3593 878 3653 ergo
901 3575 977 3636 dicta
1001 3585 1046 3637 est
1067 3576 1104 3638 ab
1128 3597 1173 3649 eo,
1196 3582 1273 3660 quod
1299 3583 1330 3646 in
1352 3583 1398 3645 lo·

102 3680 225 3760 quendo
253 3679 454 3760 praeponitur.
504 3693 564 3738 non
591 3675 783 3755 generaliter:
823 3694 891 3737 uam
919 3686 989 3740 sunt
1015 3677 1130 3758 aliquae
1162 3686 1398 3765 praepositiones

102 3801 181 3862 quae
204 3783 293 3843 etiam
315 3785 542 3861 postponuntur.
588 3795 647 3839 uua
670 3786 715 3839 est
741 3794 816 3856 quae
838 3777 962 3840 arbitrio
989 3788 1041 3841 tuo
1065 3782 1112 3842 vel
1133 3779 1328 3866 praeponitur
1349 3790 1395 3850 vel

103 3885 311 3965 postponitur,
342 3892 443 3944 tenus:
482 3889 565 3960 potes
593 3879 694 3941 dicere
722 3887 752 3941 et
779 3877 858 3960 pube
890 3890 977 3944 tenus
1011 3891 1041 3944 ει
1071 3891 1159 3947 tenus
1190 3888 1285 3969 pube;
1325 3909 1396 3952 ecce

104 3985 196 4049 habes
225 4003 303 4067 quaa
331 3983 454 4046 arbitrio
476 3990 528 4044 tuo
555 3981 602 4043 vel
629 3983 822 4062 praeponitur
852 3982 903 4066 vel¹
923 3987 1121 4066 postponitur.
1166 3999 1212 4053 est
1238 3993 1310 4055 item
1336 4012 1395 4055 uua

69 4108 180 4168 acquae
196 4106 323 4168 ,semper
350 4087 541 4167 postponitur
563 4084 802 4166 pronominibus,
827 4103 911 4156 cum,
940 4086 1006 4149 aliis
1032 4090 1166 4169 partibus
1191 4095 1394 4173 praeponitur.

104 4195 129 4253 si
158 4193 241 4253 dicas
269 4209 337 4253 cum
364 4187 553 4270 parentibus,
588 4205 656 4249 cum
684 4187 801 4255 amicis,
836 4206 904 4249 cum
940 4190 1050 4263 doctis,
1085 4212 1154 4255 ecce
1186 4194 1276 4256 modo
1308 4215 1395 4276 prae·

172 4413 230 4463 iai
250 4409 286 4478 at]
308 4413 346 4464 sic
366 4419 391 4461 at
407 4409 489 4461 ΑΒΘ
574 4409 639 4458 istae
658 4416 696 4458 eat
712 4408 738 4459 B
825 4408 860 4461 10
881 4409 976 4461 multae
990 4420 1049 4462 suut
1066 4413 1205 4476 quidemA
1224 4425 1284 4468 aaut
1301 4419 1395 4471 multae

106 4483 248 4548 quidemG
298 4482 367 4549 apud
385 4476 506 4546 Probum]
528 4481 604 4531 bestie.
623 4485 674 4532 art.
690 4493 716 4542 p.
735 4479 794 4542 144,
813 4480 848 4530 23
917 4481 949 4532 ll
967 4489 994 4532 at
1010 4492 1147 4548 postquam
1164 4487 1249 4537 medio
1263 4514 1297 4526 -
1312 4492 1395 4540 omui·

106 4561 196 4618 poteus
213 4569 260 4604 cm.
279 4552 313 4616 Α,
331 4551 394 4604 add.
413 4567 430 4600 a
513 4549 625 4598 medium
644 4549 669 4599 B
758 4548 791 4600 13
807 4547 892 4616 potes]
910 4561 994 4615 potest
1011 4551 1097 4604 ABG
1180 4566 1219 4606 εει
1233 4546 1294 4624 ego]
1315 4560 1394 4626 Verp.

106 4623 170 4677 Aen.
190 4625 201 4674 l
221 4622 256 4675 46
326 4622 358 4673 17
378 4620 447 4685 quod
465 4629 503 4669 est
519 4619 560 4669 iac
578 4618 626 4668 boc
643 4627 726 4670 autem
746 4619 830 4670 ABG
898 4621 933 4670 20
950 4621 1016 4672 hauc
1032 4625 1234 4677 coniunctionem
1252 4628 1338 4680 ΑΒΘ

106 4693 182 4744 stabit
199 4693 248 4743 boc
271 4692 350 4759 igitur
367 4691 409 4741 iao
423 4689 465 4740 iac
481 4690 530 4740 boo
546 4689 624 4756 igitur
643 4689 664 4739 Θ
679 4690 769 4738 statuit
788 4689 868 4756 igitur
885 4689 926 4741 iac
944 4691 986 4743 iac
1003 4691 1052 4742 hoc
1069 4694 1149 4761 igitur
1166 4695 1222 4746 ΑΒ
1306 4701 1339 4752 21
1358 4701 1395 4751 uti

107 4762 171 4813 hauc
187 4761 390 4813 coniunctionem
406 4761 427 4812 0
496 4761 542 4810 iste
562 4767 601 4809 ἐει
619 4759 681 4808 crdo
700 4759 906 4811 coniunctionum
924 4760 1013 4812 aaa*
1032 4764 1095 4814 istae
1113 4765 1175 4816 ordo
1191 4769 1395 4822 coniunctionem

108 4831 132 4882 Α
199 4833 234 4884 23
251 4847 283 4883 ne
301 4833 373 4882 dicas
390 4848 408 4883 a
425 4845 472 4881 uec
489 4831 561 4881 dicas
576 4827 659 4879 ΑΒΘ
725 4829 761 4879 24
773 4844 819 4895 pro
836 4830 982 4884 distinctius
996 4832 1080 4886 ΑΒΘ
