3350 5442
308 321 371 387 416
876 316 1024 380 PHOCAE

334 445 356 485 p.
369 434 414 473 aaa.
427 433 452 472 28
464 428 487 470 L.
1396 437 1418 477 p.
1431 425 1493 466 1694.
1514 424 1540 463 95
1553 422 1575 462 P.

392 511 422 572 lr
451 510 561 590 syllaba
589 511 766 570 terminatur
794 524 885 567 unum
913 507 1147 587 monosyllabum
1170 508 1290 585 generis
1313 507 1470 567 masculini
1496 524 1597 565 secun·
1651 502 1652 565 l

308 617 364 678 dae
392 615 616 682 declinationis,
645 612 695 673 bic
721 612 767 670 rir
794 610 884 671 buius
912 612 985 679 riri,
1009 617 1039 669 et
1066 612 1150 689 siqua
1173 628 1209 669 ex
1237 609 1287 670 illo
1310 614 1547 688 componuntur,
1570 616 1600 667 ut

309 720 358 779 bie
380 719 502 780 semivir
525 717 664 776 triumvir
686 713 849 791 septemvir
871 712 1020 771 decemvir
1042 712 1134 782 levir,
1162 730 1238 792 quae
1260 711 1393 773 eiusdem
1416 718 1488 771 sunt
1512 710 1598 771 decli·

309 822 448 880 nationis.
493 837 585 879 unum
612 822 768 896 praeterea
796 815 896 873 neutri
925 816 1044 890 generis
1073 822 1226 894 repertum
1253 820 1299 874 est
1327 819 1357 873 et
1389 811 1599 892 monosyllabis

308 924 470 989 insertum,
493 920 548 980 boe
571 922 599 980 ir
619 915 842 978 indeclinabile.
1610 928 1621 967 a
1651 926 1652 995 ᾗ

394 1024 435 1085 Or
463 1021 575 1102 syllaba
601 1021 686 1081 linita
713 1018 869 1079 masculini
898 1026 967 1079 sunt
989 1021 1109 1097 generis
1131 1026 1161 1079 et
1183 1020 1290 1079 tertiae
1313 1017 1542 1087 declinationis,
1570 1026 1599 1077 nt

309 1128 358 1187 bic
380 1126 454 1186 odor
476 1123 593 1192 odoris,
616 1122 665 1183 bic
688 1140 771 1181 amer
794 1122 919 1191 amoris,
943 1121 1042 1201 liquor
1064 1122 1204 1201 liqueris,
1233 1122 1364 1200 exceptis
1387 1119 1503 1188 tribus,
1527 1138 1599 1199 quae
1651 1120 1652 1171 t

309 1247 412 1289 sexum
435 1226 495 1287 sibi
516 1226 695 1285 femininum
710 1222 889 1291 detendunt,
913 1221 1047 1284 eiusdem
1062 1229 1161 1284 tamen
1177 1222 1401 1292 declinationis,
1425 1223 1502 1283 haec
1519 1240 1597 1291 uror,
1651 1230 1652 1303 ᾗ

310 1332 383 1392 haec
410 1346 508 1398 soror,
537 1327 611 1386 baec
639 1325 742 1394 arbor,
772 1332 801 1383 et
829 1327 945 1385 neutris
975 1325 1036 1395 his,
1067 1325 1231 1395 hocador,
1261 1325 1317 1385 hec
1341 1322 1352 1406 ll
1376 1343 1524 1395 marmor,
1548 1324 1599 1384 hoc
1651 1324 1652 1375 ἴ

311 1450 431 1512 aequor.
476 1428 595 1509 quidam
618 1436 649 1488 et
669 1428 726 1487 hoc
748 1425 835 1497 ebor,
859 1427 916 1488 boc
938 1426 1042 1497 robor,
1066 1428 1122 1489 hoc
1144 1428 1240 1487 semor
1263 1426 1486 1487 rationabiliter
1510 1426 1652 1517 adun-103

311 1540 436 1595 merant.
481 1550 573 1592 unurn
600 1538 647 1591 est
674 1531 839 1589 communis
867 1532 1002 1606 generis.
1032 1530 1081 1590 hic
1103 1538 1133 1589 et
1154 1531 1227 1590 haec
1250 1536 1365 1599 auctor,
1388 1547 1483 1590 unum
1507 1532 1599 1589 omnis
1651 1562 1652 1597 3

311 1638 446 1714 generis
470 1634 519 1694 bic
542 1639 572 1692 et
594 1632 666 1692 haee
690 1637 721 1690 et
742 1631 798 1691 boc
819 1649 948 1697 mernor,
972 1639 1002 1691 et
1023 1633 1219 1711 compositum
1242 1650 1278 1693 ex
1302 1650 1337 1691 eo
1360 1633 1528 1692 immemor.
1571 1640 1599 1691 et
1651 1712 1652 1715 Ἴ

311 1738 409 1798 ornnia
442 1738 473 1796 in
507 1735 582 1795 bane
615 1732 755 1813 syllabam
785 1733 951 1793 desinentia
980 1751 997 1792 o
1025 1735 1056 1793 in
1084 1732 1215 1813 obliquis
1246 1730 1249 1811 Ι
1279 1732 1398 1795 casibus
1427 1733 1598 1813 productam
1651 1738 1652 1769 ³

304 1836 440 1907 'babent,
474 1839 500 1898 si
533 1837 594 1896 sint
627 1835 803 1915 appellativa
831 1842 861 1894 et
888 1834 995 1905 latina,
1025 1837 1158 1915 exceptis
1185 1834 1274 1895 arbor
1302 1842 1332 1894 et
1359 1854 1450 1915 snpra
1480 1836 1598 1914 seriptis
1651 1828 1652 1861 r

311 1943 430 2002 neutris
451 1946 481 1999 et
502 1955 616 1998 memor
639 1944 669 1997 et
690 1939 857 1997 immernor.
902 1938 1022 2017 propria
1050 1936 1141 1999 latina
1168 1939 1231 1998 sive
1258 1954 1364 2014 graeca
1387 1957 1405 1997 o
1433 1944 1652 2016 correpens

311 2042 424 2103 babent
445 2045 475 2101 in
498 2038 637 2101 omnibus
658 2038 793 2108 casibus,
821 2046 854 2099 ut
876 2039 965 2099 Actor
987 2038 1118 2109 Actoris,
1148 2038 1257 2100 Hector
1279 2039 1426 2100 Hectoris.
1473 2041 1598 2119 quaein
1651 2048 1652 2053 ’

312 2164 346 2205 οι·
374 2144 515 2206 similiter
543 2142 683 2201 desinunt
710 2143 720 2202 i
749 2142 850 2203 littera
872 2141 967 2202 vocali
989 2143 1173 2221 praeposita,
1203 2143 1368 2203 communis
1390 2148 1461 2203 sunt
1484 2142 1599 2219 generis

312 2247 446 2307 eiusdem
468 2243 693 2313 declinationis,
716 2245 824 2303 tertiae
848 2244 978 2313 scilicet,
1003 2252 1033 2303 et
1054 2245 1152 2304 omnia
1174 2245 1368 2323 comparativi
1390 2250 1461 2303 sunt
1483 2244 1597 2322 gradus,
1651 2240 1652 2267 ³

313 2348 362 2407 bic
385 2354 416 2407 et
437 2347 510 2407 haee
533 2345 639 2405 melior
661 2345 810 2414 melioris,
834 2345 950 2405 doctior
971 2345 1123 2405 doctioris.
1651 2422 1652 2431 ἵ

397 2448 437 2508 Vr
464 2446 576 2527 syllaba
606 2448 688 2508 linita
716 2449 836 2525 generis
863 2446 1019 2507 masculini
1047 2448 1119 2508 haee
1147 2456 1230 2517 sunt,
1259 2448 1307 2508 bie
1335 2448 1400 2518 iur,
1430 2448 1481 2509 bic
1510 2448 1652 2507 satore}

313 2551 365 2611 sed
388 2552 436 2611 tur
459 2548 579 2629 quidem
601 2552 683 2610 iuxta
710 2551 856 2610 rationem
885 2548 1153 2628 monosyllabarum
1180 2554 1288 2612 tertiae
1316 2558 1362 2611 cst
1384 2550 1597 2619 declinationis,

314 2653 393 2733 qued
421 2652 473 2714 alii
503 2653 668 2711 communis
695 2653 816 2729 generis
844 2670 908 2712 esse
932 2651 1089 2722 dixerunt;
1118 2659 1200 2713 satur
1223 2660 1321 2714 autern
1343 2652 1509 2723 secundae,
1532 2670 1597 2731 quo·
1651 2698 1652 2707 ,

313 2756 394 2815 niam
422 2754 600 2815 femininum
629 2760 727 2814 satura
756 2753 838 2813 lacit.
883 2761 1039 2832 praeterea
1066 2755 1116 2814 bic
1143 2762 1255 2825 turtur,
1286 2754 1334 2815 hic
1361 2754 1461 2814 vultur
1483 2755 1598 2833 generis
1651 2742 1652 2799 ἶ

313 2856 470 2917 masculini
498 2864 528 2915 et
555 2857 692 2934 epicoeni
720 2855 928 2917 declinationis
955 2858 1072 2916 tertiae.
1117 2863 1215 2917 cetera
1249 2859 1347 2917 netrtri
1381 2865 1450 2917 sunt
1484 2858 1598 2935 generis
1651 2840 1652 2883 3

314 2957 449 3018 eiusdem
470 2956 695 3026 declinationis,
718 2964 751 3016 ut
773 2956 829 3017 boc
851 2964 965 3034 guttur,
990 2958 1045 3018 hoc
1066 2958 1205 3037 sulphur,
1228 2959 1284 3018 boc
1306 2958 1419 3036 fulgur,
1444 2958 1502 3019 boc
1524 2972 1627 3019 mur-2⁵
1651 2992 1652 3009 2

313 3078 397 3129 mur,
420 3059 476 3119 boc
504 3061 588 3118 iecur
616 3059 758 3119 iocinoris
786 3059 833 3119 vel
855 3061 974 3119 iecoris
1020 3078 1110 3120 unum
1134 3061 1300 3121 communis
1323 3068 1368 3121 est
1390 3064 1526 3137 generis,
1553 3060 1596 3119 hic
1651 3094 1652 3123 i

316 3160 440 3221 ethaeo
463 3176 557 3236 augur
580 3161 710 3235 auguris.
1651 3218 1652 3243 ,

399 3262 438 3322 ds
464 3259 576 3341 syllaba
603 3264 761 3321 terminata
791 3261 928 3323 leminini
956 3269 1026 3322 sunt
1055 3265 1174 3341 generis
1203 3271 1234 3324 et
1256 3266 1362 3325 tertiae
1386 3264 1594 3329 declinationis,
1651 3274 1652 3277 ’

314 3372 347 3425 ut
369 3364 443 3424 haec
470 3364 600 3441 dignitas
628 3365 725 3444 pietas
751 3364 1008 3465 facultasxcivitas
1036 3373 1180 3444 potestas,
1210 3385 1226 3426 a
1254 3366 1352 3426 littera
1374 3367 1405 3426 in
1429 3368 1512 3427 omni
1534 3383 1595 3425 casu
1651 3426 1652 3433 ,

314 3466 469 3545 producta.
513 3484 606 3544 pauca
628 3467 821 3526 inveniuntur
848 3466 1002 3526 masculini
1025 3470 1144 3544 generis
1167 3470 1273 3546 partim
1296 3470 1431 3547 propria,
1455 3470 1561 3548 partim
1581 3480 1625 3523 aa
1651 3478 1652 3483 ’

316 3568 446 3647 propriis
468 3568 620 3628 ciuitatum
642 3567 814 3629 nominibus
834 3568 990 3638 translata,
1013 3578 1046 3629 ut
1065 3569 1114 3629 bic
1129 3570 1251 3630 Larinas
1267 3570 1430 3639 Larinatis,
1454 3570 1503 3630 bic
1526 3570 1592 3630 blae-

315 3687 403 3729 ccnas
426 3668 619 3738 lllaeccnatis,
642 3670 691 3730 bic
714 3670 840 3750 Arpinas
863 3670 1029 3749 Arpinatis,
1051 3670 1101 3731 bie
1124 3671 1257 3750 Capenas
1278 3671 1445 3751 Capenatis.

386 3858 399 3907 1
421 3857 443 3905 ir
455 3855 553 3921 syllaba
570 3856 645 3907 Gbar.
664 3859 709 3923 24,
729 3857 762 3909 19
780 3872 837 3908 eac.
855 3856 931 3908 Uber.
953 3857 1013 3920 540,
1033 3858 1065 3907 14
1133 3856 1150 3907 6
1169 3871 1197 3907 cr
1215 3857 1315 3923 syllaba
1334 3859 1410 3911 carr.
1428 3859 1472 3922 85,
1491 3857 1526 3910 23
1544 3872 1592 3909 aec

316 3926 392 3980 clar.
408 3923 469 3987 543,
488 3924 530 3976 28.
549 3926 628 3977 Proh.
642 3927 709 3977 cath.
729 3927 770 3990 12,
790 3926 823 3977 13
894 3925 929 3977 20
947 3943 977 3977 ur
995 3926 1092 3992 syllaba
1111 3926 1188 3981 olor.
1208 3926 1251 3989 30,
1271 3926 1313 3983 13.
1337 3928 1379 3993 86,
1400 3929 1433 3980 15
1449 3944 1510 3983 eac.
1526 3928 1591 3979 cta.

316 3996 377 4056 544,
395 3997 413 4046 6
483 3995 516 4047 28
534 4010 563 4045 aa
581 3996 678 4062 syllaba
696 3995 773 4049 Cbar.
786 3996 829 4062 26,
844 3996 879 4049 26

385 4162 449 4233 llr]
463 4168 485 4215 is
500 4168 525 4215 P
569 4168 730 4217 terminatam
746 4182 824 4217 unum
838 4167 864 4216 F
908 4166 1041 4218 3semiuir
1056 4168 1174 4219 duumuir
1184 4169 1344 4225 triumuirat
1359 4170 1463 4219 serninir
1477 4168 1592 4221 decemuir

315 4252 380 4302 qnae
392 4237 417 4285 P
470 4237 485 4284 7
497 4236 539 4287 bic
552 4237 615 4287 eder
629 4237 714 4287 odoris
726 4236 768 4286 hic
783 4237 837 4287 olor
846 4238 881 4287 ris
893 4236 936 4286 hic
947 4253 1017 4287 arnor
1031 4252 1048 4295 ς
1096 4239 1113 4289 8
1126 4254 1214 4289 sexum
1227 4242 1252 4288 in
1267 4238 1348 4304 (corr.
1363 4240 1397 4289 ol.
1409 4256 1487 4305 maa„
1499 4248 1529 4290 ut
1538 4238 1592 4290 oide-

315 4315 370 4365 tar,
389 4314 479 4357 saxum
497 4306 561 4368 sibi)
582 4307 732 4357 femininum
750 4307 889 4357 detendunt
905 4310 927 4357 Ρ
944 4309 1048 4358 sexusin
1067 4309 1192 4360 femininis
1211 4324 1305 4375 genere
1323 4308 1437 4359 defendit
1448 4310 1474 4359 F
1486 4326 1560 4360 sexus
1572 4310 1591 4356 in

316 4377 440 4426 feminino
453 4392 546 4443 genere
557 4378 672 4427 defendit
682 4378 714 4439 fg
725 4392 803 4427 sexus
815 4376 931 4426 feminini
945 4380 1046 4443 generis
1056 4379 1193 4445 defenditp
1230 4379 1262 4430 10
1274 4379 1376 4441 quidam
1388 4379 1507 4443 (quidam
1519 4374 1591 4434 orus)

316 4446 366 4497 boc
382 4447 444 4495 eber
461 4445 509 4496 boc
528 4448 603 4497 robor
623 4447 725 4510 qnidam
744 4456 769 4496 et
786 4446 834 4496 hec
853 4446 934 4497 lernor
949 4449 1132 4500 rationabiliter
1150 4450 1315 4499 adnumerant
1331 4450 1377 4506 Fa
1448 4450 1481 4501 14
1498 4458 1592 4514 excepto

315 4518 373 4577 Fe,
392 4531 460 4566 corr.
480 4520 515 4569 al.
533 4534 611 4579 maa,
626 4525 653 4567 ut
670 4519 777 4577 uidetur,
791 4518 837 4567 -tis
853 4519 875 4567 P
943 4520 1124 4585 suprascriptis
1142 4520 1238 4569 neutris
1252 4527 1276 4569 et
1290 4518 1330 4583 (et
1345 4533 1391 4573 em.
1411 4519 1445 4581 F)
1466 4536 1559 4569 memor
1573 4526 1591 4565 et

315 4587 447 4636 immemor
467 4588 515 4642 Fa
532 4588 714 4653 suprascriptis
732 4602 830 4637 memor
847 4597 871 4637 et
890 4588 1022 4637 immemor
1039 4589 1065 4638 P
1133 4590 1165 4641 15
1184 4604 1275 4655 graeca
1294 4607 1308 4637 o
1325 4601 1466 4656 correptam
1481 4606 1549 4640 corr.
1565 4589 1591 4636 al.

316 4671 391 4719 maa„
411 4664 439 4705 ut
455 4657 563 4720 videtur,
582 4673 674 4723 graeca
691 4672 755 4721 quae
773 4672 787 4707 o
806 4665 945 4723 correptam
965 4656 988 4706 P
1045 4660 1078 4711 24
1098 4660 1234 4726 epicoenon
1251 4668 1275 4708 et
1294 4661 1382 4709 eadem
1395 4658 1434 4722 (et
1446 4656 1592 4719 eiusdemi)

316 4725 493 4845 gecssyiatypnis
512 4728 600 4845 teryi'ae
617 4729 643 4776 F
709 4727 740 4778 31
760 4727 802 4775 bic
819 4736 878 4777 ante
896 4729 1028 4779 Maecenas
1048 4744 1094 4779 om.
1115 4730 1167 4779 PF
1234 4728 1268 4780 32
1286 4728 1328 4779 bic
1346 4729 1467 4795 caprena
1485 4732 1591 4796 capiens·
1651 4754 1652 4757 =

326 4809 348 4843 rs
398 4814 408 4847 .·
453 4811 530 4846 corn.
