3350 5442
667 382 738 446 aas
966 341 973 353 ’
1308 381 1347 446 11

1151 491 1320 547 plantati).

74 571 162 652 padus
174 589 296 652 semper
313 574 431 652 generis
448 574 613 635 communis
630 579 685 634 est
698 606 739 620 -
751 570 934 634 Ablativo:
949 573 1045 636 tribus
1056 572 1174 635 casibus
1189 574 1288 643 servit,
1308 572 1338 633 id
1350 580 1409 644 aba,
1424 581 1455 630 tt

74 684 105 735 est
116 673 247 744 ablativo,
267 676 396 754 septimo
414 677 503 746 casui,
519 682 548 736 et
562 675 741 736 nominativo
757 673 871 736 adiecta
888 693 976 756 quam
986 673 1141 755 particula.
1155 675 1344 755 -Super·
1362 691 1394 743 aa

73 777 379 854 latirusgcnetivo
394 775 697 855 tantumplurali:
716 777 874 838 dicimus
889 775 1238 838 enimdoctissimus
1255 780 1344 838 ami·
1455 783 1458 788 '

73 896 194 938 corum:
212 885 242 938 et
257 886 330 940 tunc
344 879 401 939 hoc
417 878 552 950 dicimus,
568 879 687 959 quando
702 879 829 959 aliquem
847 880 884 940 de
898 885 1000 941 nostro
1015 896 1125 958 genere
1140 879 1239 940 autde
1250 879 1347 961 aliqua

56 979 237 1060 tpvolessione
252 981 461 1057 significamus.
491 981 670 1060 singularem
687 990 786 1042 autem
800 999 959 1070 numerum
973 983 1014 1043 ita
1028 980 1169 1051 admittit,
1185 983 1211 1042 si
1225 983 1347 1060 positio·

72 1100 127 1142 nem
141 1080 244 1142 babeat
260 1081 449 1160 singularem,
467 1082 651 1144 intellectum
669 1082 823 1164 pluralem,
842 1091 876 1145 ut
889 1084 1068 1146 fortissimus
1082 1083 1202 1144 Troiani
1216 1085 1344 1161 generis.
1425 1147 1428 1152 ,

71 1183 168 1244 -Est
182 1185 405 1262 epicoenon:
421 1186 500 1246 inter
516 1187 680 1264 epicoenon
696 1193 725 1246 et
740 1203 897 1247 commune
912 1185 970 1246 boc
984 1187 1117 1247 interest.
1142 1203 1299 1247 commune
1313 1187 1344 1247 in
1358 1173 1388 1252 tv

71 1284 186 1346 articulis
207 1284 265 1345 duo
288 1301 398 1363 genera
417 1283 422 1367 Ι
442 1287 683 1367 comprehendit;
712 1287 838 1348 dicimus
865 1287 945 1346 enim
973 1286 1022 1348 bic
1044 1293 1074 1346 et
1095 1287 1169 1348 baeu
1189 1287 1345 1349 sacerdos:

71 1390 217 1467 epicoenon
232 1405 341 1455 unum:
358 1386 484 1449 dicimus
499 1390 578 1450 enim
593 1389 642 1450 hic
656 1375 759 1469 passer
774 1395 803 1448 et
818 1387 891 1448 baec
903 1387 1009 1469 aquila.
1024 1421 1058 1432 -
1074 1387 1213 1460 Quibus
1228 1389 1345 1450 modis
1356 1405 1387 1453 at

47 1491 199 1553 onomina
221 1491 504 1568 conponuntur?
526 1489 602 1551 1111.
626 1509 667 1551 en
682 1488 826 1552 duobus
841 1491 1049 1570 corruptis:
1065 1491 1127 1570 ipsa
1143 1491 1262 1552 nomina
1277 1493 1347 1552 siso-

72 1591 142 1672 plicia
158 1601 225 1652 suut
239 1607 318 1668 quae
333 1609 367 1651 ex
384 1590 498 1652 duobus
513 1593 662 1671 corruptis
684 1599 835 1662 constant;
860 1609 937 1670 quae
959 1609 995 1651 ex
1018 1601 1158 1671 corrupto
1179 1600 1209 1653 et
1231 1595 1347 1672 integro

72 1692 107 1753 vel
125 1711 158 1753 er
181 1695 297 1771 integro
320 1700 349 1754 et
371 1703 511 1774 corrupto
534 1692 579 1754 vel
601 1712 635 1754 ex
657 1693 771 1754 duobus
791 1695 916 1772 integris
937 1694 1061 1762 suerint,
1085 1697 1249 1774 composita
1264 1704 1341 1757 sunt.
1356 1713 1388 1760 aa

72 1829 103 1839 -
120 1798 156 1858 l't
171 1795 322 1857 efficax:
347 1814 401 1875 pro
417 1795 562 1864 alliciens,
586 1795 743 1858 adfaciens.
760 1830 801 1838 -
822 1785 1148 1875 Vt‘nugigerulus:
1171 1815 1226 1877 pro
1242 1814 1343 1876 nugas.
1357 1813 1389 1862 vt

139 1897 225 1958 ¹ivel
237 1917 270 1968 o,
285 1906 403 1977 praeter
416 1898 525 1960 deabus
533 1897 679 1960 miruabus
690 1895 825 1958 mulabus
837 1897 976 1959 asinabus
988 1896 1119 1978 equabus
1131 1897 1255 1969 filiabus,
1269 1918 1344 1980 quae
1355 1916 1414 1978 eon,
1428 1917 1458 1966 31

47 2019 145 2062 ncansa
160 2017 248 2060 serus
263 1999 397 2060 anomala
420 2007 503 2068 sunt,
528 1999 671 2060 luerint
692 2001 911 2069 terminata,
934 2007 965 2061 ut
986 2000 1066 2061 blusa
1081 2001 1230 2062 Musarum
1245 2001 1346 2072 blusis,

72 2103 266 2179 genetivum
282 2101 464 2181 pluralem
482 2104 516 2162 iu
533 2120 609 2162 rum
625 2103 789 2172 mittunt,
806 2101 971 2162 dativum
988 2109 1023 2162 ct
1037 2102 1238 2164 ablativum
1253 2105 1289 2164 in
1305 2105 1345 2165 is.

71 2202 252 2282 intellegimus
268 2205 366 2275 etiam,
384 2203 501 2284 quando
517 2211 664 2283 correpta,
682 2202 800 2284 quaudo
814 2203 960 2283 producta
976 2206 1045 2265 site
1066 2203 1164 2266 littera
1174 2206 1204 2265 in
1221 2203 1347 2266 ablativo
1455 2284 1459 2298 Ι

71 2304 208 2392 singulari:
237 2313 377 2385 comepta
401 2313 458 2376 est,
483 2308 507 2366 si
531 2325 595 2366 eam
620 2307 674 2381 liu
697 2307 833 2383 genetivo
849 2303 956 2384 plurali
971 2324 1031 2368 non
1047 2305 1166 2375 reddat,
1190 2314 1224 2368 ut
1238 2305 1276 2368 ab
1290 2307 1348 2369 boc

71 2425 181 2488 corpure
213 2426 388 2488 corporum,
423 2406 546 2468 muliere
579 2405 752 2476 mulierum:
782 2410 807 2469 si
842 2414 941 2468 autem
976 2427 1010 2468 er
1046 2405 1172 2468 ablativo
1204 2407 1348 2488 singulari

44 2528 97 2571 nse
114 2511 142 2570 in
162 2513 297 2590 genetivo
319 2508 427 2590 plurali
443 2509 617 2578 detinuerit,
641 2508 784 2589 producta
800 2517 859 2579 est,
882 2517 915 2570 ut
929 2508 967 2571 ab
982 2507 1038 2569 bac
1053 2510 1151 2589 specie
1167 2512 1346 2591 specierum,

72 2609 102 2672 ab
113 2612 163 2673 hac
176 2630 209 2673 re
222 2630 333 2673 rerum.
351 2647 385 2657 -
402 2612 466 2674 Sic
482 2619 671 2690 correpta:
690 2630 706 2672 e
722 2618 889 2690 correptam
904 2611 975 2672 binc
989 2610 1134 2681 advertes,
1149 2614 1175 2672 si
1190 2615 1343 2691 genetivus
1354 2632 1388 2681 st

71 2714 185 2775 isluerit
199 2715 388 2783 terminatus,
406 2721 438 2775 ut
453 2713 540 2775 buius
555 2713 691 2793 parietis:
703 2716 734 2802 gi
748 2723 847 2775 autem
862 2714 893 2774 in
910 2715 937 2774 ei
957 2714 1081 2782 miserit,
1099 2731 1115 2773 e
1130 2713 1274 2794 producta
1290 2722 1344 2785 est,

72 2815 144 2878 buius
157 2815 214 2876 diei
229 2816 336 2877 barum
351 2815 481 2885 dierum,
505 2823 534 2878 ct
548 2819 630 2898 siqua
647 2816 723 2878 talia.
744 2851 777 2861 -
804 2816 840 2878 Si
855 2814 1051 2895 producta:
1069 2822 1101 2876 ut
1115 2817 1230 2895 species
1244 2819 1342 2896 speci·
1354 2836 1388 2886 35

70 2935 149 2978 erum
169 2951 202 2960 -
220 2918 410 2979 Geminata
425 2937 443 2979 u
460 2918 606 2980 littera:
624 2927 657 2981 ut
672 2938 765 2981 cornu
781 2937 935 2980 cornuum.
956 2952 991 2962 -
1010 2918 1124 2979 Casus
1139 2919 1460 3000 nominum:355‚25

43 3035 142 3080 suasus
162 3039 178 3080 a
200 3019 334 3080 cadendo
356 3020 441 3090 dicti,
470 3019 548 3100 quod
571 3020 659 3082 alium
682 3040 780 3082 casum
804 3020 1019 3081 demonstrent.
1059 3017 1194 3101 [quartae
1215 3019 1346 3082 declina·

70 3119 158 3202 tionis]
179 3123 331 3200 genetivus
345 3121 504 3200 singularis
519 3123 544 3182 si
559 3120 663 3182 similis
679 3122 765 3183 luerit
793 3123 988 3192 nominativo,
1013 3130 1043 3183 et
1063 3122 1226 3184 vocatimm
1241 3140 1345 3201 parem
1422 3143 1427 3150 ·

68 3221 188 3293 babebit,
211 3224 380 3300 genetivum
402 3221 546 3302 pluralem
569 3223 600 3282 in
623 3241 692 3283 uum
714 3225 817 3300 mittit,
841 3224 969 3287 dativum
993 3231 1023 3286 et
1050 3223 1207 3285 ablativum
1228 3227 1261 3286 s'n
1282 3227 1346 3302 ban,

70 3322 108 3382 bic
127 3322 231 3384 ductus
252 3324 340 3384 buius
362 3323 466 3383 tluctus
487 3322 594 3385 horum
610 3324 750 3386 lluctuum
770 3321 774 3405 Ι
794 3324 887 3387 biset
909 3325 946 3387 ab
961 3327 1008 3388 bis
1022 3325 1168 3388 ductibus.
1206 3329 1232 3388 si
1247 3336 1344 3389 autern

70 3422 206 3484 dissimilis
227 3425 318 3486 luerit
339 3425 491 3503 genetivus
513 3445 529 3487 a
552 3426 745 3496 nominativo,
769 3429 930 3488 vocativum
953 3431 985 3489 in
1007 3447 1024 3489 e
1047 3429 1152 3497 mittit,
1174 3407 1344 3506 genetivum

44 3525 200 3603 npluralem
222 3528 252 3588 in
275 3545 353 3597 rum,
377 3527 504 3588 dativum
520 3536 550 3589 et
572 3527 727 3589 ablativum
743 3529 774 3591 in
795 3531 835 3600 is,
860 3528 939 3590 docti
954 3529 1060 3591 horum
1077 3529 1232 3591 doctorum
1246 3528 1293 3591 bis
1315 3539 1345 3592 et

71 3625 159 3690 abbis
180 3629 283 3690 doctis.
322 3629 374 3690 sed
397 3636 426 3689 et
448 3630 545 3690 varius
566 3629 714 3691 interdum
737 3633 898 3692 vocativum
920 3634 952 3691 in
974 3633 984 3690 i
1006 3623 1110 3702 mittit,
1139 3634 1207 3714 quia
1235 3651 1342 3694 secun·

71 3727 115 3789 dae
134 3729 353 3800 declinationis,
377 3741 410 3792 ut
433 3729 557 3800 Salusti;
582 3732 694 3811 antiqui
716 3733 746 3791 in
770 3750 818 3799 us,
842 3739 875 3793 ut
893 3732 1031 3810 Virgilius

125 3967 284 4019 Cod.Bern.
307 3967 434 4021 13*-5.
508 3968 658 4020 lablatibis
677 3970 756 4020 tribus
825 3971 905 4020 seruit
923 3978 947 4021 et
966 3971 1075 4021 ablatibo
1145 3973 1343 4040 baingulsrenv

71 4045 137 4086 autem
159 4037 273 4086 iternittls
297 4039 319 4088 si
389 4039 404 4088 t
427 4045 465 4086 est
488 4041 635 4103 epicoenum
659 4039 740 4097 (corr.
760 4037 820 4102 on)
839 4041 904 4090 iuter
925 4040 1076 4108 epicoenum
1099 4041 1177 4105 (corr.
1198 4043 1258 4105 -un)
1327 4045 1344 4092 il

71 4108 202 4168 epicoenum
220 4121 291 4158 con.
309 4123 355 4156 -on
427 4106 457 4157 ll
482 4116 589 4158 srvntex
661 4110 691 4159 tt
714 4109 888 4175 intellegimus
905 4121 930 4160 et
947 4112 969 4161 si
988 4113 1089 4174 quando
1160 4110 1204 4176 sit]
1223 4113 1274 4162 sint

71 4173 97 4222 'ill
111 4177 246 4227 detenuerit
316 4177 464 4228 21reurn.
536 4180 558 4228 si
584 4193 730 4245 ecorrepta
748 4195 762 4228 e
779 4189 897 4244 correpta
914 4181 973 4231 hinc
991 4182 1127 4231 aduertens
1197 4183 1231 4232 at
1248 4179 1282 4246 is]
1302 4181 1343 4232 ltis

124 4243 272 4312 idharum]
293 4261 365 4296 arum
434 4248 467 4296 td
483 4251 610 4314 geminata
627 4250 651 4298 ai
670 4247 752 4299 littera
806 4251 840 4300 25
856 4250 939 4300 dictus
997 4253 1031 4301 ‘26
1049 4252 1233 4302 nominativum
1249 4260 1274 4301 et

71 4313 132 4363 'llio
151 4317 196 4366 bus
211 4333 257 4368 ons.
331 4315 422 4366 tento
438 4317 511 4366 lietus
528 4334 595 4372 corr.
616 4319 657 4368 hic
675 4319 765 4369 lluctus
834 4319 870 4370 29
885 4321 1017 4371 uocatiuus
1087 4322 1222 4388 genetivus
1237 4321 1344 4388 pluralis

126 4383 158 4435 30
174 4387 276 4436 datiuus
294 4395 319 4436 et
337 4385 465 4437 ablatione
482 4387 508 4436 in
524 4387 564 4438 lris
578 4388 657 4439 doctis
671 4388 759 4438 borum
830 4387 863 4440 31
884 4388 940 4456 aed]
955 4392 992 4440 sio
1064 4392 1194 4441 uocatiuua

129 4591 157 4644 lb
169 4593 284 4654 sertum
304 4601 331 4642 ut
349 4590 440 4642 eliens
459 4607 505 4657 pro
523 4591 644 4656 alliciens,
663 4601 690 4642 nt
707 4595 876 4660 nugigerulus
894 4611 939 4660 pro
953 4612 1035 4664 nugas
1052 4595 1172 4646 adferens
1223 4598 1343 4650 ineerta

74 4661 203 4717 ammata
225 4671 250 4713 et
263 4679 280 4712 a
297 4677 345 4712 suo
358 4665 413 4712 loco
431 4669 525 4712 remota
543 4665 568 4712 in
582 4667 668 4714 iustum
684 4664 795 4714 ordinem
809 4667 847 4716 itu
859 4667 974 4718 uidemur
990 4667 1223 4731 restitueremus,
1238 4683 1254 4717 a
1271 4672 1309 4718 vel
1327 4685 1342 4718 ο

76 4727 150 4781 luerint
165 4733 315 4794 terminata,
335 4735 480 4797 genetivum
499 4732 621 4799 pluralem
640 4735 664 4784 iu
683 4749 738 4782 rum
764 4734 878 4796 mittunt,
896 4737 1007 4786 dativum
1026 4746 1050 4785 et
1066 4737 1203 4786 ablativum
1221 4739 1246 4787 in
1263 4740 1295 4797 is,
1316 4748 1342 4787 ut

77 4797 130 4850 lluss
150 4801 276 4852 blusarum
301 4801 398 4858 Musis,
421 4813 520 4866 preater
540 4803 635 4853 deabus
659 4803 785 4854 mimabus
810 4805 927 4856 mulabus
949 4805 1070 4855 asinabus
1094 4807 1208 4870 equabus
1232 4806 1340 4871 filiabus,

77 4883 124 4927 ¹ruse
140 4887 213 4922 causa
228 4887 307 4923 sexus
325 4871 445 4922 anomala
461 4880 527 4922 sunt.
547 4872 605 4922 binc
624 4873 797 4940 intellegimus
868 4873 902 4925 32
920 4873 1057 4943 Virgilius]
1075 4876 1139 4926 Am.
1157 4877 1216 4927 illl
1235 4877 1267 4928 rt
