3350 5442
212 243 230 268 ”
260 291 324 357 evo
832 290 985 356 eornm

285 415 307 457 p.
320 403 408 444 asa-m
422 401 443 442 1.

260 485 380 563 ponitur
402 480 586 550 nominibus
610 483 805 561 postponitur,
829 489 1059 544 mecumtecum
1078 485 1084 554 Ι
1102 479 1440 549 nobiscnmvoblsoum3
1463 497 1554 541 nemo

260 585 331 646 dicit
358 603 426 645 oum
455 602 517 653 me,
547 603 613 646 cum
642 591 686 655 te,
715 603 784 645 curn
811 582 912 654 nobis,
941 603 1008 645 oum
1036 583 1129 645 vobis.
1175 597 1247 660 ergo
1269 601 1306 644 ex
1328 584 1441 642 maiore
1467 589 1554 661 parte

259 687 483 766 significationis
505 684 650 768 appellata
663 693 718 749 ’θεῖ
739 688 932 765 praepositio,
955 705 1016 748 non
1031 687 1170 766 quoniam
1185 704 1245 746 nou
1260 686 1451 746 inveniuntur
1467 701 1554 762 prae·

260 789 429 869 positiones,
453 805 528 868 quae
550 797 675 867 possunt
696 785 855 867 aliquando
876 791 1025 869 postponi.
1055 807 1124 867 nam
1139 805 1210 850 ecoe
1224 786 1293 848 dedi
1314 785 1370 847 tibi
1384 785 1554 865 exemplum

259 892 449 970 postpositae,
474 897 506 950 ut
527 897 573 950 est
593 898 690 959 tenus,
715 896 747 950 ut
769 898 815 952 est
836 907 914 952 oum.
958 909 1029 970 ergo
1052 889 1131 970 quod
1152 890 1340 969 frequentius
1361 889 1584 949 inveniuntur-o

259 993 461 1072 praepositae,
489 989 560 1052 inula
587 990 683 1054 dietae
711 999 781 1053 sunt
807 993 865 1052 isto
892 994 1023 1054 nomine.
1069 1010 1140 1071 ergo
1168 993 1348 1073 praepositio
1381 1009 1500 1070 semper
1522 990 1554 1048 in

258 1093 409 1176 loquendo
430 1094 632 1174 praeponitur,
655 1101 689 1155 ut
710 1101 778 1154 ante
800 1094 960 1174 templum;
979 1093 1029 1155 illa
1051 1111 1110 1154 una
1132 1103 1178 1155 est
1191 1111 1267 1174 quae
1288 1111 1344 1173 pro
1359 1091 1485 1153 arbitrio
1501 1098 1556 1152 tuo

262 1195 308 1258 vel
324 1198 518 1277 praeponitur
540 1194 586 1257 vel
607 1197 804 1276 postponitur,
827 1205 921 1267 tenus,
937 1204 1025 1257 tenus
1046 1196 1126 1276 pube
1147 1204 1177 1256 et
1197 1193 1278 1276 pube
1298 1202 1401 1263 tenus;
1423 1190 1474 1253 illa
1495 1211 1557 1253 una

219 1353 222 1364 .
260 1307 306 1360 est
316 1316 393 1377 quae
408 1301 439 1359 in
454 1296 681 1378 pronominibus
696 1317 814 1378 semper
823 1299 1020 1379 postponitur,
1033 1315 1111 1370 cum,
1123 1315 1240 1359 meeum
1251 1305 1360 1358 tecum.
1377 1295 1449 1376 quial
1461 1295 1557 1373 ergo?

261 1399 335 1462 aliae
354 1417 413 1460 noa
428 1407 647 1481 postponuntur
669 1402 924 1482 praepositiones?
952 1408 1173 1481 postponuntur
1193 1400 1282 1461 etlam
1303 1399 1393 1468 aliam
1416 1397 1555 1459 sedeam
1569 1406 1596 1446 10

260 1505 441 1582 postpositae
450 1503 569 1572 luerint,
581 1502 648 1564 vide
658 1521 697 1564 ne
708 1503 906 1585 hysterologia
915 1506 963 1574 sit,
976 1510 1027 1565 aut
1037 1521 1076 1564 ne
1087 1501 1214 1564 elocutio
1223 1502 1272 1562 sit.
1287 1501 1465 1582 plerumque
1475 1502 1556 1561 enim

261 1607 442 1685 postpositae
460 1604 688 1684 hysterologiam
703 1607 825 1675 iaciunt,
848 1605 1025 1687 plerumque
1040 1605 1238 1666 elocutionem
1253 1603 1374 1666 iaciunt.
1395 1619 1416 1657 a
1432 1604 1458 1665 si
1474 1602 1557 1663 tlioas

412 1713 581 1769 transtra
602 1726 668 1787 per
692 1715 726 1768 ct
747 1723 868 1769 remos
890 1716 925 1770 ot
952 1708 1075 1788 pictas
1096 1705 1221 1768 abiete
1247 1724 1402 1787 puppes:

261 1813 408 1872 ‘uanstm
430 1827 486 1890 per
508 1816 538 1870 et
559 1815 687 1881 remos',
710 1809 767 1871 hoo
790 1819 834 1872 est
855 1829 910 1891 per
931 1817 1060 1871 transtra
1083 1818 1114 1870 et
1134 1827 1249 1871 remos:
1279 1809 1369 1870 moto
1390 1807 1556 1889 postposita

230 1935 234 1952 ·
263 1921 389 1973 estnon
410 1910 477 1990 lege
498 1913 658 1983 sermonis,
682 1912 735 1974 sed
755 1912 823 1991 lege
844 1916 943 1976 metri.
988 1931 1027 1974 ne
1050 1919 1080 1973 te
1100 1911 1241 1991 decipiat,
1270 1913 1411 1990 quoniam
1432 1911 1465 1970 in
1488 1928 1555 1971 ver·
1572 1918 1597 1958 1⁵

160 2031 220 2092 tto,
233 2033 250 2080 ε
263 2014 344 2076 sibus
366 2015 534 2076 invenimus
556 2013 733 2098 plerumque
755 2018 992 2098 praepositiones
1014 2033 1079 2076 esse
1100 2013 1292 2094 postpositam
1314 2013 1367 2074 sed
1387 2013 1456 2073 ideo
1474 2020 1556 2092 post·

108 2100 168 2161 ⁴4³²
177 2100 203 2148 4.
218 2101 249 2149 ¹⁰
261 2119 374 2196 positae
396 2125 480 2187 sunt,
508 2135 569 2178 non
596 2120 676 2198 quod
704 2120 744 2180 ita
771 2121 802 2180 in
826 2119 1024 2181 elocutionem
1046 2116 1169 2187 cadunt,
1199 2115 1252 2177 sed
1277 2115 1355 2195 quod
1382 2113 1469 2176 aliter
1490 2131 1558 2174 ver-

260 2238 311 2281 sus
340 2226 419 2280 stare
446 2237 507 2281 nou
534 2229 666 2300 possunt.
719 2239 790 2300 ergo
821 2222 949 2283 dicimus
975 2221 1121 2280 ‘transtra
1155 2235 1210 2298 per
1237 2224 1268 2278 et
1292 2219 1427 2287 remos',
1462 2223 1493 2277 et
1523 2217 1558 2276 lit

260 2320 474 2402 hysterologia,
497 2321 528 2382 id
551 2331 593 2384 θεῖ
617 2326 772 2385 conversio
794 2326 957 2395 sermonis,
980 2323 1037 2384 boc
1060 2328 1106 2382 est
1126 2323 1198 2400 ‘per
1220 2327 1348 2382 transtra
1370 2328 1400 2380 et
1426 2322 1554 2380 remos’.

256 2423 437 2504 ,plerumque
458 2427 648 2504 postponitur
670 2434 701 2488 et
722 2435 817 2489 mutat
838 2444 940 2488 casum
962 2443 1059 2486 suum.
1089 2429 1159 2504 post
1180 2420 1273 2503 qualis
1294 2423 1475 2504 praepositio
1491 2421 1557 2500 esti
1570 2431 1599 2470 ²⁰

261 2528 428 2588 accusativa
449 2527 514 2589 sine
537 2527 636 2588 dubio.
682 2538 754 2590 tunc
773 2525 779 2612 Ι
799 2531 857 2591 erit
878 2530 1057 2598 accusativa,
1086 2527 1112 2587 sl
1134 2533 1185 2586 aut
1204 2524 1285 2587 illam
1308 2542 1475 2606 praepono,
1504 2530 1558 2585 ant

260 2628 341 2690 illam
363 2637 511 2710 postpono
532 2647 588 2710 per
603 2629 904 2710 ,hysterologiam-id
927 2639 972 2693 est
993 2649 1047 2710 per
1062 2629 1269 2691 necessitatem
1284 2629 1382 2689 metri.
1413 2629 1439 2688 si
1455 2634 1555 2687 autem

261 2730 383 2792 volucro
405 2730 602 2794 elocutionem
629 2732 743 2805 lacere,
771 2736 936 2815 postposita
956 2732 1084 2814 perdere
1105 2730 1196 2792 babet
1223 2748 1333 2793 casum.
1378 2740 1449 2811 puta
1471 2731 1558 2810 ‘post

262 2841 380 2914 tempus
403 2835 504 2905 venit,
529 2833 618 2895 modo
639 2837 820 2916 praepositio
837 2844 897 2908 est;
921 2844 951 2898 ct
965 2839 1095 2916 ‘tempus
1110 2842 1178 2914 post
1191 2834 1294 2905 venit’,
1319 2839 1349 2895 et
1361 2833 1451 2894 modo
1465 2851 1555 2913 prae·

263 2937 372 3015 positio
394 2943 445 2998 est.
492 2939 681 2998 econtrario
703 2939 728 3000 si
751 2939 817 3000 dieo
845 2941 1000 3019 ‘tempore
1027 2943 1095 3019 post
1120 2938 1228 3008 venit’,
1259 2954 1321 2997 non
1349 2945 1394 2997 est
1419 2935 1557 3014 hystero-
1570 2945 1601 2985 ²⁵

263 3036 355 3116 logia,
381 3038 501 3101 sedeat
524 3039 665 3116 elocutio,
689 3048 760 3122 puta
783 3041 913 3121 ‘longo
940 3050 1027 3123 post
1052 3045 1221 3119 tempore
1243 3039 1372 3100 venit'.
1416 3039 1475 3100 iam
1497 3037 1558 3098 boc

263 3138 329 3201 loco
352 3143 491 3219 quoniam
514 3148 644 3203 mutatus
672 3148 718 3204 est
744 3163 845 3214 casus,
874 3151 1006 3206 mutatur
1028 3121 1117 3203 etiam
1139 3139 1189 3202 iila
1211 3140 1349 3202 elocutio.
1392 3138 1472 3201 unde
1493 3138 1558 3221 ple·

264 3244 351 3321 rique
373 3242 510 3305 dixerunt
532 3243 583 3305 illo
604 3253 755 3325 tempore,
785 3246 904 3324 quando
925 3246 1024 3328 perdit
1045 3263 1161 3315 casum,
1190 3260 1251 3304 non
1274 3261 1339 3304 esse
1363 3243 1558 3324 praepositio-

264 3363 348 3417 nem,
389 3345 442 3408 scd
478 3363 543 3407 esse
585 3341 767 3408 adverbium.
817 3345 870 3409 sed
905 3357 1007 3410 errant
1040 3357 1070 3408 et
1106 3347 1306 3426 decipiuntur.
1354 3363 1422 3407 nam
1459 3347 1559 3406 eonsi-

265 3447 335 3509 vlera
359 3456 389 3510 ct
409 3447 532 3510 videbis.
577 3448 620 3510 illi
641 3449 698 3510 hoc
722 3450 837 3519 dicunt,
866 3452 1047 3531 praepositio
1074 3457 1146 3511 tunc
1169 3457 1215 3509 est
1245 3448 1363 3528 quando
1397 3447 1556 3529 praeponi·
1571 3457 1600 3498 ³⁰
1669 3486 1674 3494 -

264 3557 313 3612 tur
352 3551 420 3629 (hoc
458 3553 627 3624 consentio,
665 3571 768 3615 verum
803 3549 872 3629 est):
918 3561 948 3614 et
982 3552 1100 3631 quando
1137 3553 1327 3632 postponitur
1364 3567 1419 3630 per
1457 3550 1558 3631 hyste-

264 3653 418 3732 rologiam,
446 3657 627 3736 praepositio
656 3662 713 3726 est,
736 3655 766 3716 id
797 3662 842 3717 est
864 3663 896 3717 ut
918 3672 978 3716 non
1005 3662 1100 3716 mutet
1126 3671 1226 3714 casum
1250 3671 1350 3723 sunm,
1381 3659 1414 3714 ut
1436 3655 1558 3714 ‘tran-

264 3762 341 3817 stra
376 3773 439 3836 per
474 3765 509 3819 et
548 3763 702 3828 remos’,
736 3757 793 3820 boe
832 3767 879 3820 est
910 3761 983 3838 ‘per
1015 3763 1145 3818 transtra
1179 3765 1209 3818 et
1241 3760 1374 3825 remos';
1408 3774 1477 3817 cum
1504 3773 1558 3816 au·

265 3868 325 3919 tem
346 3861 509 3940 postposita
531 3859 621 3921 inerit
643 3867 673 3920 et
693 3861 851 3922 mutaverit
872 3878 982 3929 casum,
1005 3861 1064 3919 iam
1085 3857 1257 3922 adverbium
1273 3859 1338 3920 erit.
1372 3859 1430 3920 hoc
1445 3855 1557 3928 dicunt,

264 3961 321 4022 lroc
343 3962 436 4024 babes
459 3964 547 4024 etiam
568 3963 599 4023 in
621 3962 745 4024 Donato.
766 4000 771 4010 ·
791 3962 843 4024 sed
867 3961 928 4024 noli
951 3960 1087 4032 credere,
1118 3963 1258 4041 quoniam
1283 3979 1344 4022 nou
1371 3967 1471 4041 potest
1491 3961 1600 4020 nerto

263 4072 296 4125 ut
314 4064 320 4142 1
338 4065 395 4126 ista
417 4066 586 4146 praepostio
608 4065 659 4126 liat
680 4065 862 4135 adverbium,
886 4067 944 4127 nisi
966 4064 1087 4126 recedat
1108 4065 1226 4144 penitus
1248 4083 1264 4124 a
1287 4080 1356 4125 casu
1380 4070 1411 4124 et
1431 4061 1556 4123 verbum

265 4167 397 4246 accipiat
442 4167 467 4227 si
495 4166 576 4229 dicas
597 4175 669 4247 puta
692 4171 778 4229 ‘ante
801 4167 945 4249 templum
970 4171 1061 4237 stat',
1092 4175 1161 4228 ante
1182 4166 1271 4228 modo
1297 4165 1479 4246 praepositio
1502 4173 1556 4236 est,

265 4270 332 4347 quia
353 4268 497 4349 templum
520 4288 588 4350 pars
610 4277 656 4330 est
678 4271 821 4332 orationis
844 4289 920 4351 quae
941 4287 1043 4331 casum
1058 4267 1164 4330 babet:
1191 4268 1278 4330 ‘ante
1299 4287 1352 4330 vos
1373 4272 1464 4340 stat',
1487 4277 1557 4330 ante

333 4438 418 4490 iinon
439 4442 559 4504 quoniam
584 4441 749 4492 inueniuntur
769 4442 973 4508 praepositiones
993 4455 1058 4506 quae
1078 4455 1129 4492 non
1145 4449 1255 4507 possunt
1274 4439 1361 4491 Ano
1446 4440 1463 4491 8
1482 4448 1557 4491 tenus

262 4512 343 4572 prbrio
358 4513 413 4562 loeo
431 4525 476 4566 oar.
495 4512 580 4563 ABG
647 4511 682 4562 10
699 4526 749 4562 aon
769 4527 814 4564 orn.
835 4512 921 4564 ABG
987 4513 1020 4563 12
1038 4511 1188 4577 plerumque
1205 4512 1373 4561 elocutionem
1392 4509 1493 4560 iaciant
1511 4525 1559 4563 oar.

265 4581 303 4641 Α,
317 4581 379 4632 add.
392 4595 410 4631 a
462 4581 495 4632 13
514 4576 633 4646 transtra]
655 4584 734 4648 Ver-p.
752 4583 818 4636 Aea.
831 4586 854 4632 V
872 4581 923 4636 663
976 4583 1009 4634 14
1026 4597 1078 4631 nou
1096 4581 1172 4631 modo
1187 4582 1328 4649 postposita
1347 4588 1386 4630 est
1403 4582 1460 4647 lege
1475 4581 1561 4632 ABG

333 4651 367 4702 26
383 4659 484 4704 cotom.
501 4653 581 4704 Ano
625 4653 724 4703 aidica
743 4651 1075 4720 intemporepostABC
1125 4651 1160 4702 26
1177 4649 1264 4718 longo]
1285 4653 1364 4716 Verp.
1380 4651 1461 4706 bucol.
1483 4650 1560 4713 tao

333 4721 365 4772 31
381 4723 496 4784 formae
514 4721 562 4773 boo
575 4725 706 4775 consentio
723 4739 811 4774 verum
828 4737 888 4775 esse
970 4722 1004 4773 36
1023 4720 1114 4789 habes]
1134 4720 1229 4771 habere
1247 4719 1331 4772 Aac
1417 4721 1444 4771 in
1463 4720 1560 4773 donato

266 4790 339 4842 nea
356 4792 381 4840 in
400 4791 521 4842 donatum
540 4794 565 4842 A
635 4792 670 4844 38
688 4793 764 4862 quae]
786 4795 848 4858 qnia
864 4793 946 4844 ABG
