3350 5442
637 294 729 419 ¹ans
1013 365 1016 368 >
1298 349 1339 419 av

1149 473 1171 518 p.
1184 464 1241 506 test.
1253 465 1280 506 82
1292 463 1315 505 P.

70 543 195 614 Euandri,
218 545 345 615 invenit,
369 551 401 604 ut
422 541 471 604 alii
493 543 609 615 dicunt,
633 544 805 630 Mercurius.
826 559 865 590 -·
880 544 1108 608 consonantium
1131 545 1207 606 duae
1228 546 1459 625 speciessol,1o

71 655 135 716 sunt,
163 647 229 726 quia
260 665 296 707 ex
326 648 396 726 ipsis
423 645 613 707 semivocales
640 648 713 708 liunt
741 654 770 708 et
792 654 905 708 mutae:
935 647 1139 718 semivocales
1164 649 1230 725 quia
1253 647 1342 708 semis

71 768 157 810 sonum
185 749 266 809 vocis
293 750 423 829 inplent;
453 757 552 809 mutae
574 767 644 810 vero
667 768 726 810 non
749 756 870 820 sonant,
902 751 958 810 nisi
980 769 996 811 a
1020 749 1113 812 vocali
1134 751 1270 830 spiritum
1292 767 1340 809 ac·

71 853 194 931 ceperint.
226 883 262 894 -
297 851 428 912 Harum
456 851 562 920 duae,
593 852 603 910 i
633 861 666 912 et
695 870 727 921 ιι,
763 860 962 914 transeunt
994 855 1031 912 in
1059 852 1386 912 consonantiumlt

51 961 291 1032 apotastatem:
324 950 337 1034 ll
361 951 479 1031 qnando
507 971 561 1032 pro
590 954 817 1015 consonantibus
847 963 999 1035 ponuntur
1022 963 1051 1015 et
1080 956 1178 1014 iuvant
1200 953 1339 1014 vocalem.

70 1091 99 1100 -
120 1055 188 1116 Hac
216 1057 330 1115 etiam
357 1053 500 1116 mediae
528 1055 720 1124 dicuntur,
751 1059 835 1136 quia
864 1056 1082 1137 quibusdam
1110 1053 1389 1116 dictionibusu

69 1175 266 1237 expressum
295 1176 423 1218 sonum
452 1174 523 1240 ιιιιιι
552 1156 700 1218 babent:
725 1159 853 1230 mediae,
877 1161 944 1237 quia
967 1160 1013 1220 vel
1034 1161 1115 1237 ipsae
1137 1177 1193 1238 pro
1215 1176 1247 1218 se
1269 1158 1342 1218 invi·

70 1279 121 1321 cem
143 1266 301 1339 ponuntur,
324 1258 372 1319 vel
387 1260 456 1336 quia
478 1278 651 1339 expressum
673 1279 778 1322 sonum
802 1279 862 1322 non
884 1260 995 1322 babent
1015 1263 1046 1321 in
1070 1259 1217 1341 aliquibus
1238 1259 1342 1320 dictio·

70 1361 156 1429 uibus,
185 1368 215 1422 ut
244 1379 382 1422 maxume
408 1379 464 1440 pro
492 1363 627 1422 maxime.
660 1359 709 1447 [-
740 1363 880 1425 Mediae
909 1362 1102 1424 dicuntur:
1133 1362 1247 1422 mediae
1274 1359 1342 1420 ideo

40 1483 59 1520 ιι
70 1463 206 1534 dicuntur,
230 1466 298 1540 quia
322 1472 351 1525 et
373 1463 487 1524 vocales
509 1473 579 1525 sunt
602 1471 631 1524 et
652 1473 849 1526 consonantes
872 1471 902 1526 et
922 1467 953 1526 in
976 1463 1153 1543 quibusdam
1175 1462 1344 1525 nominibus

72 1567 147 1627 loon
169 1574 282 1626 certum
306 1567 475 1646 exprimunt
496 1584 610 1636 sonum,
633 1568 652 1637 i,
675 1575 708 1626 ut
723 1569 776 1636 vir,
799 1567 888 1628 modo
910 1569 921 1626 i
942 1569 1136 1648 opprimitur;
1158 1585 1187 1636 ιι,
1211 1573 1244 1626 ut
1258 1572 1344 1646 optu-

70 1687 139 1738 mus,
165 1667 253 1729 modo
280 1687 301 1728 ιι
328 1668 428 1748 perdit
453 1687 567 1730 sonum.
600 1703 634 1712 —
666 1669 678 1730 1
702 1677 737 1730 et
758 1688 792 1729 u:
822 1669 858 1729 de
886 1668 932 1730 bis
962 1668 1077 1731 duabus
1099 1668 1251 1730 vocalibus
1272 1667 1391 1728 baec12

71 1771 134 1830 ratio
155 1778 210 1831 est:
239 1772 249 1830 i
278 1780 308 1830 ct
334 1773 396 1850 ipsa
425 1770 533 1831 vocalis
562 1778 608 1832 est
635 1778 753 1850 etpost
776 1770 906 1832 vocalem
929 1773 1018 1832 etiam
1040 1772 1135 1850 posita
1157 1788 1175 1824 ιι
1200 1789 1267 1832 eum
1291 1768 1346 1852 alia

71 1879 239 1933 consonante
261 1874 394 1952 ponitur,
419 1891 476 1934 non
499 1892 555 1952 pro
578 1872 701 1943 duabus,
725 1875 802 1934 siout
822 1871 857 1955 i]
874 1908 911 1917 -
937 1862 1345 1943 interdum'necuoca-
1360 1878 1391 1926 16

41 1972 109 2035 ulis
129 1993 190 2035 nec
212 1993 422 2036 consonans
445 1974 618 2036 babetur:
642 1977 685 2036 sic
701 1977 840 2054 quoniam
857 1995 924 2037 cum
940 1974 1095 2036 scribimus
1110 1993 1143 2054 q,
1166 1993 1227 2036 nou
1249 1980 1350 2054 polest

70 2078 118 2136 nisi
138 2096 155 2136 u
176 2078 272 2157 sequi,
303 2095 337 2137 ac
363 2096 418 2156 per
446 2077 503 2137 boc
531 2077 619 2138 modo
648 2076 757 2139 vocalis
785 2078 916 2158 perdidit
936 2080 967 2138 in
990 2084 1086 2138 metro
1108 2078 1166 2137 vim
1189 2094 1282 2138 suam.
1310 2108 1343 2119 -

70 2178 105 2238 Et
124 2175 280 2258 aliquam
296 2179 457 2240 vocalem
481 2181 749 2250 constituitur,
767 2191 804 2240 ut
825 2180 998 2260 quoniam
1021 2178 1184 2258 quidem:
1208 2179 1391 2258 quoniamlv

70 2291 112 2338 aut
139 2299 174 2360 qu
206 2287 292 2341 sonat
324 2288 374 2351 aut
401 2301 432 2351 o,
461 2283 580 2356 quidem
609 2290 658 2342 aut
686 2301 724 2362 qu
753 2290 802 2342 aut
830 2284 849 2342 i.
877 2317 910 2325 -
939 2280 972 2362 [u
994 2279 1121 2360 scilicet]
1144 2280 1238 2341 Huic
1259 2282 1394 2340 item18

70 2381 265 2460 digammon
289 2382 455 2445 adscribi
477 2383 589 2444 solet:
614 2383 662 2444 alii
685 2386 727 2445 sic
749 2383 852 2444 volunt
867 2402 931 2445 esse
946 2383 1125 2461 digammon,
1148 2382 1349 2458 ingeminata
1374 2409 1380 2417 ·

39 2501 86 2544 ιιι
105 2501 231 2561 gammae
254 2483 331 2545 duae
353 2503 478 2564 graecae
507 2485 623 2547 litterae
644 2494 796 2566 ponuntur
810 2485 868 2548 boc
890 2485 992 2556 modo,
1016 2493 1046 2546 ut
1062 2502 1123 2546 non
1138 2483 1349 2562 intellegantur

71 2595 210 2666 separatae
237 2586 290 2647 sed
318 2589 450 2655 iunctae,
480 2606 517 2648 ne
544 2587 649 2666 uulgus
677 2588 821 2649 dicamus:
853 2593 859 2663 1
890 2588 946 2649 boc
974 2587 1010 2648 ab
1039 2585 1165 2649 Aeolicis
1191 2587 1345 2666 processit.

73 2723 102 2731 —
124 2688 204 2749 Nam
225 2689 237 2749 i
259 2688 428 2750 litteram
452 2690 634 2768 geminari
657 2691 692 2750 in
715 2710 787 2752 uua
811 2688 955 2772 syllaba
978 2708 1086 2771 posse
1108 2688 1263 2768 plurimi
1286 2699 1395 2749 ιιι-19

70 2799 162 2868 gant:
190 2789 305 2852 nullum
334 2793 412 2851 euim
442 2809 551 2852 nomen
579 2792 707 2853 inveniri
734 2801 846 2873 polest,
874 2793 952 2871 qnod
980 2793 1010 2852 iu
1034 2809 1092 2852 una
1112 2789 1223 2870 syllaba
1246 2789 1350 2850 duasi

70 2891 173 2952 babeat.
200 2926 234 2935 —
261 2891 416 2953 Latinae
438 2892 600 2954 vocales:
635 2896 702 2974 quia
725 2893 887 2956 dicbronae
909 2901 993 2962 sunt3
1017 2892 1122 2954 breves
1144 2910 1219 2973 quae
1241 2891 1351 2952 iruerint
1364 2903 1397 2952 20

38 2993 173 3071 ssvngula
199 3003 335 3075 tempora
363 2994 490 3064 babent,
518 2993 622 3074 longae
646 2994 723 3057 bina.
756 3031 790 3040 -
823 3000 940 3075 Atque
963 2995 1022 3056 bis
1043 2995 1137 3056 solis
1160 2994 1395 3077 adspiraritl

70 3096 204 3172 quidam
233 3097 468 3157 existimant:
499 3097 708 3178 adspirationis
737 3106 837 3159 uotam
866 3101 1017 3178 accipere,
1046 3097 1076 3157 id
1106 3104 1149 3159 est
1172 3097 1205 3167 b,
1229 3104 1263 3157 ut
1284 3102 1352 3175 post

71 3197 286 3277 adspirationem
314 3200 412 3259 statim
439 3200 550 3260 vocalis
577 3207 726 3279 sequatur.
759 3235 793 3245 -
827 3201 925 3271 Quae
946 3219 1012 3281 per
1034 3219 1070 3261 se
1094 3198 1239 3279 quidem
1261 3216 1351 3278 pro·

72 3299 250 3362 leruntur:
281 3299 386 3361 lalsum
410 3309 462 3361 est.
506 3303 659 3381 profertur
681 3308 778 3363 autem
801 3322 893 3364 sonus
920 3323 936 3365 a
964 3301 1116 3364 vocalibus
1143 3308 1173 3361 et
1199 3301 1299 3361 sinitur
1320 3300 1355 3360 in¹

72 3402 236 3472 naturalem,
265 3402 295 3462 id
325 3409 370 3462 est
396 3405 425 3463 in
455 3405 610 3484 proprium
638 3423 753 3465 sonum.
786 3440 821 3449 -
852 3403 901 3465 Ex
930 3405 987 3467 bis
1017 3424 1086 3466 una
1113 3401 1250 3482 duplex
1281 3408 1451 3479 estzsoas

45 3501 133 3562 uideo
157 3503 264 3583 duplex
293 3503 417 3574 dicitur,
447 3507 516 3583 quia
544 3513 611 3585 post
636 3505 768 3567 vocalem
791 3509 883 3586 posita
907 3526 962 3588 pro
984 3506 1097 3568 duabus
1120 3503 1352 3565 consonantibus

74 3604 140 3665 valet
166 3614 194 3666 et
220 3607 368 3686 positione
398 3625 461 3668 eam
491 3608 607 3686 longam
636 3608 714 3670 lacit.
760 3628 778 3668 x
806 3610 836 3670 in
866 3611 979 3687 graecis
1007 3607 1132 3688 simplex
1167 3615 1212 3668 est
1243 3606 1350 3675 littera,

74 3705 175 3768 Xerxes
196 3707 338 3768 Xaulbus.
366 3742 402 3752 -
428 3709 569 3787 Liquidae
590 3710 658 3770 ideo
682 3710 791 3780 dictae,
815 3713 885 3791 quia
906 3711 1072 3790 liquescunt
1093 3712 1124 3769 in
1146 3718 1242 3770 uretro
1269 3708 1273 3789 Ι
1300 3707 1351 3768 ali·

74 3810 197 3884 quotiens
219 3819 249 3871 et
270 3819 407 3890 pereunt.
439 3830 506 3872 nam
531 3810 682 3892 [quotiens
698 3819 727 3874 et
747 3807 889 3893 pereunt]
906 3815 1042 3890 quotiens
1058 3831 1123 3872 cum
1140 3819 1220 3871 muta
1235 3804 1352 3871 iunctae

73 3911 186 3981 luerint,
209 3919 276 3992 post
298 3936 318 3972 v
347 3913 476 3975 vocalem
505 3913 623 3992 longam
652 3915 764 3976 iaciunt
787 3924 816 3976 et
837 3913 957 3986 urbem,
987 3922 1021 3977 ut
1041 3913 1156 3983 Atrida,
1180 3932 1197 3974 a
1220 3929 1352 3974 commu-

134 4117 191 4170 Cod.
211 4118 290 4167 Bern.
311 4118 346 4167 1v
365 4113 467 4171 6-st
538 4119 554 4168 5
581 4125 731 4184 potestatem
756 4121 816 4186 quia
837 4119 990 4183 quibusdam
1012 4119 1164 4169 dictionibus
1188 4133 1352 4185 expraessunv

75 4200 154 4234 sonum
175 4201 222 4236 non
248 4186 342 4236 liabent
364 4188 466 4247 quando
488 4203 535 4254 pro
554 4190 752 4242 consonantibus
777 4199 905 4256 ponuntur
924 4199 948 4240 et
965 4192 1053 4240 iuuant
1076 4189 1190 4250 uocalem
1208 4188 1256 4238 hae
1278 4189 1352 4238 etiam

75 4255 162 4305 mediae
177 4257 294 4307 dicuntur
311 4256 410 4307 mediae
430 4260 490 4321 quia
506 4259 547 4308 uel
634 4259 713 4321 8qni
732 4274 900 4326 expraessum
990 4262 1019 4311 ll
1047 4260 1181 4325 oprimitur
1203 4274 1219 4306 a
1240 4267 1267 4308 ut

77 4325 102 4374 ll
117 4329 261 4377 consonanti
334 4327 367 4377 15
385 4327 494 4378 babetur
509 4328 553 4378 bic
570 4328 688 4392 quonism
702 4345 758 4380 cum
779 4330 915 4379 scribimus
930 4347 993 4395 quoe
1010 4345 1058 4380 non
1078 4335 1161 4395 potest
1180 4329 1229 4378 nisi
1240 4337 1268 4375 ut
1280 4329 1353 4390 sequi

136 4396 168 4447 18
183 4406 225 4446 ant
243 4413 293 4460 que
316 4407 389 4448 sonat
405 4406 448 4450 aul
467 4415 481 4450 o
499 4407 542 4448 aut
564 4415 613 4462 qne
635 4401 710 4449 auti
781 4400 814 4450 20
834 4401 922 4467 graeci
992 4402 1024 4450 21
1044 4399 1093 4450 hoo
1111 4397 1250 4448 habeolicis
1320 4401 1355 4450 24

77 4465 168 4516 dicione
235 4469 269 4518 25
288 4467 384 4535 longae
452 4469 536 4534 adque
605 4469 639 4520 26
657 4470 837 4536 abspirationis
909 4467 975 4535 post]
994 4484 1040 4535 pro
1110 4471 1144 4518 27
1163 4478 1285 4531 sequutus

77 4537 141 4590 ltin
159 4537 266 4588 naturali
337 4535 369 4588 31
386 4539 540 4605 positionem
556 4553 612 4590 eam
682 4539 716 4591 32
734 4555 822 4590 xerses
893 4539 926 4592 33
944 4555 1003 4589 cum
1016 4538 1094 4588 multa
1109 4553 1177 4592 cova.
1195 4555 1253 4590 cum
1269 4549 1338 4591 muta

83 4657 128 4666 κ.-

136 4711 298 4760 taruennam
316 4727 365 4775 qua
383 4727 400 4760 ιι
414 4713 516 4762 litterae
535 4712 646 4776 definitio
660 4713 755 4764 excidit
773 4714 881 4763 indicavi
950 4711 983 4762 33
1001 4727 1058 4761 ιιιιιιι
1079 4711 1152 4762 toties
1170 4720 1279 4776 pereunt
1292 4713 1353 4762 Put-

80 4779 153 4829 mlt'ss.
174 4781 205 4830 de
221 4782 325 4846 liquidis
342 4780 387 4831 doc
401 4783 500 4831 uidetur
509 4785 671 4846 praecepisse
683 4787 867 4848 propinatione,
884 4782 1039 4846 postpositas
1049 4782 1122 4831 lautis
1135 4784 1244 4834 vocalem
1257 4785 1355 4848 lappam

79 4847 161 4911 lame,
172 4859 198 4900 ut
208 4852 307 4910 urbem,
319 4853 475 4917 antepositas
486 4867 630 4904 communem
639 4855 761 4917 syllabam
770 4854 868 4916 facere,
880 4861 907 4902 ut
916 4852 1014 4906 Atrida.
1025 4867 1104 4918 quare
1114 4853 1229 4902 ἱαοιιιιαιιι
1238 4852 1353 4903 indicavi.
