3350 5442
273 343 335 408 606
828 347 1009 410 Macuuull

299 465 320 507 p.
334 455 436 496 erto-38
449 453 472 493 l‘.

273 537 407 595 invenies
431 533 582 612 trisyllabo
604 537 712 596 minus.
757 553 880 596 necesse
910 544 956 596 est
978 537 1057 596 enim
1080 544 1112 597 nt
1133 538 1230 616 prima
1252 535 1365 617 syllaba
1388 527 1571 597 declinatio·

272 639 319 698 nis
341 639 393 706 sit,
423 643 456 696 nt
478 635 531 714 λε,
560 637 688 698 secunda
710 639 849 715 originis
874 647 905 699 ut
928 637 987 716 λυ,
1013 641 1102 699 tertia
1125 637 1235 708 finalis,
1265 646 1299 699 nt
1320 658 1375 700 κα.
1418 637 1570 718 quicquid

272 741 362 817 igitur
384 739 450 818 plus
472 739 578 810 luerit,
606 739 642 799 ad
666 735 670 821 l
701 740 827 802 molliam
849 739 1008 820 syllabam,
1037 759 1112 820 quae
1134 741 1255 820 quidem
1276 742 1406 818 originis
1428 749 1490 809 est,
1519 758 1570 800 re·
1659 812 1661 815 ¹

272 843 384 912 lertnr;
407 840 658 902 declinationem
687 851 716 902 et
744 843 811 904 linis
833 840 964 920 singulas
986 843 1155 922 possident,
1184 850 1217 903 ut
1237 850 1284 904 est
1305 841 1495 924 πεφίληκα,
1527 859 1570 902 πε
1659 828 1661 877 2

273 943 496 1014 declinationis,
526 942 608 1024 φιλη
631 945 771 1021 originis
801 963 844 1004 κα
871 946 948 1005 linis.
994 962 1065 1022 ergo
1087 943 1349 1024 παρακείμενος,
1372 945 1403 1005 id
1425 953 1474 1004 est
1496 955 1596 1023 per-⁵

273 1047 396 1115 lectum,
420 1048 518 1106 nrinus
540 1044 694 1125 trisyllaba
716 1064 774 1106 non
798 1048 949 1108 invenitur
964 1054 1089 1127 excepto
1104 1037 1191 1125 οῖδα,
1214 1047 1294 1127 quod
1316 1045 1500 1126 bisyllabnm
1525 1057 1573 1104 est

274 1155 303 1208 et
325 1146 578 1228 παρακείμενος.
624 1167 679 1208 nec
701 1150 825 1218 mirum,
849 1167 917 1209 cum
939 1148 996 1208 hoc
1018 1148 1145 1209 verbum
1167 1150 1199 1208 iu
1222 1147 1321 1208 multis
1344 1147 1466 1226 regulae
1489 1149 1572 1208 resi·
1659 1112 1661 1183 d

274 1257 341 1310 slat.
385 1247 498 1310 nullum
526 1267 651 1330 namque
680 1251 846 1330 perlectum
873 1251 929 1310 hcc
952 1259 1075 1330 cxcepto
1098 1250 1135 1311 ab
1163 1269 1196 1311 οι
1217 1250 1401 1330 diphthongo
1422 1249 1572 1310 inchoare
1659 1188 1661 1283 r

274 1355 417 1432 reperies.
462 1355 533 1412 item
556 1371 622 1412 cum
645 1354 739 1431 prima
764 1351 846 1412 verbi
869 1353 975 1432 positio
999 1371 1028 1412 ει
1050 1352 1233 1432 diphthongo
1261 1352 1396 1422 inchoat,
1430 1354 1463 1412 in
1486 1350 1574 1411 nullo
1659 1350 1660 1375 ¹

274 1462 407 1534 tempore
429 1461 574 1515 mutatur:
597 1454 686 1515 huius
708 1453 791 1514 verbi
814 1455 906 1532 origo,
929 1455 959 1514 id
983 1463 1028 1516 est
1051 1451 1141 1532 eldea,
1165 1457 1289 1515 mutavit
1312 1473 1341 1514 ει
1363 1455 1394 1514 in
1418 1473 1462 1514 οι.
1490 1467 1607 1534 quo-¹⁰

273 1559 351 1618 tiens
373 1557 540 1636 perlectum
563 1575 578 1616 a
600 1553 686 1634 longa
710 1558 819 1625 oritur,
844 1575 965 1618 necesse
989 1564 1034 1616 est
1056 1556 1377 1636 plusquamperfectum
1401 1555 1438 1616 ab
1463 1556 1573 1616 eadem

275 1675 392 1737 semper
428 1659 576 1737 incipere,
606 1659 684 1737 qtrod
721 1658 777 1718 lroe
809 1657 933 1719 verbum
966 1659 1110 1735 neglegit:
1144 1657 1572 1738 nam,plusquamperiectum

274 1753 372 1841 ᾔδειν
394 1767 452 1829 est,
477 1779 544 1820 cum
566 1761 731 1839 perlectum
755 1751 830 1820 uide
853 1761 902 1820 sit.
937 1760 1048 1821 ‹leindc
1068 1777 1155 1819 omne
1176 1761 1371 1839 participium
1391 1761 1424 1819 in
1447 1778 1496 1830 ως
1517 1758 1571 1817 ‹le-

274 1864 376 1922 sincns
404 1861 494 1922 sulam
514 1860 657 1922 'ultimam
685 1861 825 1942 syllabam
855 1864 886 1921 in
914 1855 1008 1940 ἄλφα
1041 1860 1182 1921 mutando
1209 1861 1289 1920 idom
1317 1867 1435 1940 tempus
1463 1861 1571 1927 elficit,

275 1959 496 2044 γεγραφηκώς
517 1959 725 2044 γεγράφηκα,
742 1951 892 2036 λελυκως
906 1958 1045 2023 λέλυκαε
1070 1957 1167 2034 εἰδώς
1188 1969 1287 2022 autem
1309 1976 1368 2022 non
1391 1964 1464 2023 lacit
1481 1952 1570 2039 εἶδα,
1584 1973 1605 2012 ¹³

276 2065 327 2124 scd
356 2055 440 2125 cide.
486 2064 565 2126 solus
592 2067 684 2142 igitur
712 2069 768 2126 istc
797 2065 1041 2145 παρακείμενος
1069 2067 1149 2125 ιίῑίἰε
1177 2063 1318 2125 obsessus
1346 2083 1405 2124 non
1435 2063 1571 2124 nocebit.

276 2185 362 2227 omrrc
387 2167 511 2227 verbnm
533 2185 687 2244 graecum,
713 2168 737 2228 si
760 2169 791 2227 in
814 2169 965 2246 praesenti
988 2187 1004 2228 a
1027 2165 1156 2246 simplici
1180 2175 1304 2246 excepto
1327 2183 1347 2244 ρ
1370 2167 1479 2246 incipit
1500 2185 1571 2225 con

276 2276 415 2338 sonante,
440 2271 566 2348 primam
590 2271 619 2329 in
635 2276 769 2348 tempore
785 2270 918 2348 perlecto
933 2269 1076 2349 syllabam
1098 2270 1244 2346 geminat,
1268 2261 1388 2347 γράφω
1401 2264 1570 2346 γέγραφα,
1659 2302 1660 2309 ι

277 2366 362 2448 λέγω
386 2367 511 2448 λέλεγα,
543 2387 597 2429 nec
620 2370 686 2430 talis
709 2373 870 2448 geminatio
893 2372 1124 2451 praepositionis
1147 2369 1264 2430 adiectu
1287 2370 1459 2448 impeditur,
1485 2388 1572 2448 προ-
1659 2352 1660 2383 ¹

277 2471 396 2551 κομίζω
420 2467 658 2551 τροκεκόμικα,
682 2467 868 2553 συγγράφω
891 2468 1120 2551 συγγέγραφα.
1151 2489 1237 2532 omne
1260 2473 1428 2550 perlectum
1449 2474 1605 2551 tempusa

277 2577 308 2636 in
331 2575 550 2653 perispomenis
572 2575 616 2634 vel
640 2573 734 2634 solum
757 2576 886 2654 primum
909 2577 938 2635 in
962 2574 1115 2653 barytouis
1138 2573 1250 2634 desinit
1272 2581 1322 2634 ant
1344 2577 1375 2634 in
1398 2588 1442 2634 αα
1463 2582 1516 2634 aut
1539 2576 1569 2632 ln

277 2695 325 2756 φα
348 2683 397 2736 aut
420 2678 450 2736 in
474 2695 525 2754 χα,
548 2672 711 2756 τετήρηκα
726 2672 880 2755 γέγραφα
895 2672 1057 2757 αέαληχα,
1081 2676 1155 2736 adeo
1169 2683 1202 2735 ut
1217 2694 1304 2736 omne
1327 2694 1422 2754 paene
1444 2675 1569 2735 verbum
1659 2736 1660 2749 ,

277 2776 419 2839 similium
442 2778 669 2838 clerc-linationem
693 2786 848 2858 suquatur,
871 2778 962 2857 τηρῶ
984 2784 1106 2856 τηρεῐς,
1130 2777 1229 2857 χωρῶ
1251 2784 1381 2857 χωρεῖς,
1403 2771 1571 2857 τετήρηκα
1659 2792 1660 2871 j

277 2874 466 2958 κεχάρηκα·
484 2876 605 2958 γράφω
620 2875 771 2960 γράφεις,
788 2875 900 2958 τρέφω
915 2874 1060 2959 τρέφεις,
1076 2874 1230 2958 γέγραφα
1244 2873 1411 2959 τέτραφα·
1436 2873 1569 2958 πλήν-ιω

277 2977 446 3060 πλάττεις,
475 2975 581 3041 τάττω
606 2978 749 3060 τάττεις,
778 2976 930 3061 τέτληχα
957 2976 1087 3060 τέταχα.
1132 2999 1188 3041 nec
1215 2989 1244 3040 te
1273 2989 1388 3044 moreat
1416 2981 1512 3061 qarod,
1543 2983 1604 3040 sie

277 3099 415 3159 graccum
444 3081 566 3144 vcrlmm
594 3085 719 3162 incipiat
746 3081 782 3144 ab
811 3101 869 3144 una
899 3083 935 3143 de
964 3083 1010 3142 his
1039 3084 1147 3144 litteris
1174 3101 1248 3162 quas
1275 3078 1379 3144 δασέα
1402 3079 1570 3163 σύμφωνα
1659 3074 1661 3111 ¹

1659 3180 1660 3213 l

277 3191 398 3252 vocant,
428 3202 494 3244 cum
523 3185 558 3244 ad
588 3186 816 3262 geminationem
845 3187 978 3253 venitur,
1008 3202 1067 3245 non
1096 3180 1183 3244 δασύ
1210 3187 1353 3254 iteratur,
1390 3185 1442 3244 sed
1474 3177 1571 3244 civri-
1659 3218 1660 3267 p

279 3297 414 3364 στοιχον
437 3288 517 3356 eius,
546 3287 667 3366 deponi
688 3281 900 3366 τεθάρρηκα,
929 3281 1064 3366 φονεάω
1084 3281 1296 3365 πεφόνευκα,
1324 3282 1568 3365 χρίωκέχριτα.
1659 3350 1660 3367 ,

278 3391 307 3448 in
331 3386 432 3448 latinis
456 3407 523 3448 vcro
547 3389 649 3449 euclem
671 3389 770 3449 littora
792 3389 978 3467 geminatur,
1002 3387 1072 3448 lallo
1095 3387 1197 3448 lelelli.
1243 3386 1368 3448 Fenim
1390 3388 1467 3467 apud
1491 3387 1569 3448 Lati·
1659 3378 1660 3383 ¹

278 3509 332 3551 nos
354 3483 444 3550 duod
467 3509 525 3550 non
550 3495 609 3559 est,
634 3493 703 3570 qnia
726 3509 785 3551 non
801 3490 913 3551 bahent
928 3498 1124 3551 consonantes
1147 3485 1293 3567 δασείας,
1316 3496 1347 3549 et
1361 3489 1385 3550 p
1401 3490 1601 3568 digammae

278 3603 322 3652 est.
345 3587 509 3662 Αἰολέων,
533 3591 611 3672 quod
641 3591 803 3652 illisolent
827 3594 922 3670 magis
952 3598 1056 3652 contra
1079 3594 1141 3652 vim
1167 3592 1360 3670 aspirationis
1382 3586 1571 3668 adhiherezi

277 3700 389 3754 tautum
414 3693 497 3754 abest
521 3703 551 3754 ul
574 3712 627 3772 pru
650 3713 675 3773 φ
698 3693 867 3754 habendum
889 3696 938 3753 sit.
969 3696 1066 3772 ipsum
1089 3701 1235 3772 auterno>
1259 3692 1333 3753 adeo
1354 3693 1486 3753 latinitas
1509 3709 1566 3751 non

278 3797 404 3875 recipit,
428 3802 460 3854 ut
483 3814 537 3874 pro
560 3814 595 3855 eo
618 3797 707 3855 etiam
731 3797 761 3855 in
788 3797 905 3873 graecis
928 3794 1099 3856 nominihus
1120 3815 1139 3875 p
1162 3795 1232 3855 eth
1256 3801 1371 3864 utatur,
1403 3801 1435 3854 ut
1457 3793 1568 3874 Philip·

277 3916 332 3977 pus
354 3897 503 3957 Phaedon.

364 3999 473 4076 Frigco
502 3999 572 4059 irixi
601 3999 671 4059 lacit
700 4018 714 4059 a
743 3999 873 4060 secunda
901 3999 1123 4076 coniugatione,
1147 4000 1225 4076 lrigo
1248 4016 1317 4058 vero
1340 3999 1411 4059 irixi
1434 4016 1450 4057 a
1473 3997 1599 4064 tertia⁸i
1659 4042 1660 4045 ,

280 4101 358 4162 unde
385 4102 495 4161 frixum
523 4101 693 4169 frixorium,
723 4099 753 4160 id
782 4107 828 4159 cst
855 4100 1085 4161 caleiactorium.
1130 4099 1270 4160 similiter
1298 4118 1370 4161 aceo
1398 4116 1466 4158 aces
1495 4099 1567 4164 acui,
1659 4114 1660 4117 ’

280 4203 357 4264 unde
386 4201 586 4262 inchoativum
615 4220 734 4270 acesco,
759 4209 788 4260 et
811 4219 885 4262 arno
907 4203 989 4262 acuis
1012 4203 1094 4273 acni;
1117 4204 1182 4262 loro
1204 4202 1260 4263 tuli
1282 4210 1312 4262 ct
1335 4201 1406 4262 tollo
1427 4200 1501 4270 tuli,
1524 4217 1570 4260 su·
1659 4236 1660 4281 3

280 4305 357 4365 stulu
386 4305 491 4365 sustuli
520 4304 617 4364 adtulo
641 4304 748 4365 adtuli:
778 4303 885 4363 ¹iccius
913 4321 982 4363 vero
1005 4305 1036 4363 in
1059 4303 1244 4364 Andromeda
1266 4305 1353 4365 eliam
1377 4321 1412 4362 ex
1435 4320 1472 4362 eo
1493 4299 1569 4380 quod

490 4467 538 4474 ...ψ

352 4559 383 4610 13
404 4549 498 4624 ᾔδειν]
519 4556 651 4626 ειὸεινΡ
722 4559 913 4622 Πειιαεριορ
938 4558 1218 4623 InnueexccptopP
1286 4554 1505 4622 19πρυμιζωΡ

281 4629 315 4680 :³0
332 4643 487 4694 συγγράφω
503 4627 731 4692 συνγεγραφαλξ
798 4629 831 4677 22
854 4625 1003 4694 τεθηρηιια
1018 4627 1043 4676 Ρ
1110 4626 1144 4677 23
1162 4641 1427 4694 τετηκαιιειιωρηια
1444 4626 1470 4676 Ρ
1538 4623 1568 4674 28

281 4713 388 4762 φονειω
409 4697 432 4744 Ρ
485 4695 518 4747 33
538 4711 583 4760 pro
602 4712 631 4745 ea
651 4696 675 4744 P
724 4695 970 4762 arcamarcaa?
1021 4696 1117 4746 sostnlo
1137 4696 1228 4745 sustuli
1248 4697 1333 4745 adtulo
1350 4694 1438 4758 adtuli,
1459 4694 1569 4760 equibus

281 4766 379 4816 sosnrlo
396 4773 420 4817 ct
437 4766 523 4815 acltnlo
542 4770 579 4816 ‘nl
596 4781 644 4815 non
658 4768 827 4817 convenientia
850 4767 1062 4817 antecedentibuc’
1081 4768 1151 4816 uncis
1168 4767 1267 4816 inclusit
1281 4765 1369 4822 lanae,
1389 4779 1438 4813 aaa
1456 4771 1525 4815 reule
1539 4765 1568 4813 αλ
1659 4818 1660 4821 ¹

282 4844 432 4900 excerptum
451 4839 536 4886 relata
558 4851 613 4887 esse
636 4837 758 4886 videntur.
785 4838 900 4900 [υτλαιεε
920 4837 973 4887 lero
992 4837 1037 4887 tuli
1055 4846 1080 4886 et
1098 4835 1159 4887 tollo
1177 4836 1231 4898 tuli,
1251 4836 1347 4886 suffero
1363 4835 1454 4885 sustuli
1473 4844 1498 4885 et
1515 4849 1568 4885 sus·

1580 4994 1587 5065 l
