3350 5442
595 406 831 471 comtunvvu
1302 402 1363 470 179

1178 527 1199 569 p.
1214 516 1303 557 tta-ao
1316 514 1339 555 1.

79 597 164 663 tione,
197 596 253 655 nisi
282 614 358 675 quae
385 594 534 656 resolutae
562 598 711 675 integrum
739 596 861 657 faciunt.
907 614 966 657 nou
989 614 1147 675 possumus
1171 613 1242 674 ergo
1265 595 1365 657 dicere

80 698 238 776 conpositas
261 716 339 769 esse,
363 697 420 758 nisi
442 696 589 758 resolutas
611 716 734 760 revoces
756 697 792 759 ad
815 700 972 777 integrum.

153 799 217 861 lloc
244 798 322 880 quod
351 798 424 860 dicit
450 802 521 861 salis
543 798 615 861 utile
643 807 701 871 est,
733 799 875 881 pleraque
897 799 975 880 apud
998 799 1119 861 Latinos
1141 801 1261 861 nomina
1282 801 1364 861 iuve-

79 902 192 962 niuntur
219 902 259 961 iia
288 920 413 973 conexa,
443 910 476 964 ut
503 901 539 963 de
569 899 684 965 duobus
706 902 894 963 nominativis
916 903 1001 977 fiant,
1027 910 1059 963 ut
1081 910 1202 982 praetor
1223 901 1364 963 urbanus.

58 1004 125 1063 tlroc
152 1004 194 1063 sic
221 1003 317 1065 habeo
345 1004 459 1075 dicere,
495 1006 577 1085 quasi
606 1024 698 1066 unum
721 1006 759 1065 sit
786 1022 948 1074 conexum,
984 984 1250 1084 praetorurbauuS,¹
1279 1003 1365 1085 quasi

78 1124 161 1168 uutttn
185 1106 232 1167 sit.
279 1113 307 1167 et
336 1126 411 1186 quac
439 1108 496 1169 erit
524 1106 645 1185 regula?
677 1108 943 1186 quotienscumque
970 1108 1115 1185 contingit
1137 1116 1170 1167 ut
1192 1126 1229 1167 ex
1250 1106 1366 1167 duobus

78 1209 256 1269 nominativis
285 1226 393 1271 nomeu
423 1218 622 1289 conponatur,
652 1216 779 1289 utraque
807 1216 892 1289 parte
920 1207 1129 1269 declinandum
1153 1216 1212 1278 est,
1242 1216 1274 1269 ut
1294 1215 1364 1288 puta

77 1318 189 1389 praetor
220 1309 366 1372 urbanus:
404 1310 408 1393 l
440 1318 560 1390 praetor
591 1312 790 1372 nominativus
821 1318 879 1380 est,
912 1309 1045 1371 urbanus
1073 1312 1272 1372 nominativus
1306 1316 1364 1378 est;

78 1421 194 1491 utraque
216 1421 301 1493 parte
324 1412 381 1475 boc
403 1432 512 1475 nomen
537 1412 711 1482 declinatur,
734 1413 784 1474 bic
805 1421 926 1493 praetor
948 1411 1089 1482 urbanus,
1111 1412 1199 1473 buius
1220 1413 1367 1493 praetoris

50 1524 69 1561 1⁰
79 1513 190 1585 urbani,
224 1514 294 1575 buic
326 1517 457 1595 praetori
493 1514 623 1585 urbano,
658 1515 738 1577 bunc
766 1524 934 1595 praetorem
964 1513 1125 1584 urbanum,
1159 1522 1188 1575 et
1220 1517 1279 1576 iam
1311 1532 1367 1594 per

78 1635 171 1677 omnes
200 1634 295 1679 casus.
340 1619 364 1677 si
394 1624 491 1677 arrtem
520 1618 702 1703 nominativo
731 1626 760 1677 et
787 1636 975 1698 quocumque
998 1616 1055 1679 alio
1078 1636 1149 1678 casu
1172 1625 1365 1696 conponatur,

78 1738 189 1781 necesse
219 1728 264 1781 est
290 1717 340 1779 illa
367 1738 438 1799 pars
466 1719 643 1781 declinanda
671 1720 724 1796 sit,
752 1737 828 1798 quae
851 1719 942 1781 babet
962 1720 1191 1788 nominativum
1219 1718 1269 1782 illa
1297 1736 1367 1800 pars

77 1820 195 1891 vacabit,
225 1839 304 1897 quae
325 1824 534 1883 nominativum
562 1840 619 1884 non
642 1822 737 1893 babet,
761 1828 794 1883 ut
815 1829 885 1902 puta
908 1821 1046 1883 tribunus
1067 1820 1206 1883 militum:
1230 1821 1368 1884 tribunus

78 1924 268 1985 nominativus
291 1930 350 1993 cst:
375 1925 503 1987 militum
527 1942 586 1985 nou
610 1931 655 1985 est
676 1926 885 1987 nominativus.
917 1942 989 2003 ergo
1005 1923 1078 1985 baec
1100 1944 1170 2005 pars
1192 1923 1368 1985 declinanda

50 2034 67 2071 15
78 2031 130 2094 cst,
153 2044 228 2105 quae
252 2035 298 2088 est
320 2027 468 2091 tribunus.
508 2026 644 2089 similiter
667 2035 787 2089 senatus
810 2025 988 2088 consultum.
1026 2046 1086 2087 non
1109 2034 1138 2087 te
1159 2025 1241 2089 fallat
1262 2035 1368 2108 quarta

76 2124 235 2189 declinatio.
283 2148 351 2191 nam
374 2138 403 2191 ct
425 2137 545 2192 senatus
568 2128 734 2191 consultum
756 2131 854 2210 prima
875 2136 960 2209 parte
982 2148 1041 2191 nou
1064 2128 1244 2201 declinatur,
1267 2137 1366 2210 poste·

76 2230 147 2289 riore
170 2229 347 2293 declinatur.
385 2240 505 2294 senatus
527 2234 606 2293 enim
630 2231 719 2293 modo
743 2250 801 2293 non
826 2238 871 2293 cst
892 2232 1103 2302 nominativus,
1127 2231 1179 2293 sed
1201 2234 1365 2311 genetivus,

76 2328 118 2391 bic
149 2341 270 2394 senatus
303 2332 391 2397 buius
424 2340 552 2396 senatus.
599 2336 678 2397 refer
711 2334 747 2395 ad
776 2334 905 2414 aliquam
928 2333 1142 2404 elocutionem,
1171 2340 1200 2394 et
1222 2336 1365 2395 invenies.

77 2452 139 2493 ecce
167 2436 193 2495 si
220 2434 301 2497 dicas
329 2437 401 2497 ‘boc
431 2436 596 2499 consultum
625 2438 710 2497 cuius
740 2438 817 2497 estl’
848 2436 953 2517 plebis.
998 2436 1073 2497 ‘boc
1095 2434 1259 2497 consultum
1283 2437 1367 2497 cuius

45 2536 149 2595 vesvt’
171 2538 279 2614 gentis.
317 2540 360 2599 sic
384 2540 471 2600 etiam
494 2550 613 2601 senatus
636 2538 819 2600 consultum:
845 2556 903 2599 non
927 2540 984 2599 erit
1004 2519 1217 2608 nominativus,
1241 2538 1367 2622 sedlge·

76 2640 194 2699 nativus.
239 2639 352 2701 idcirco
382 2643 471 2703 etiam
500 2639 536 2723 [si
559 2640 684 2702 dicimus
706 2640 755 2701 bic
777 2648 897 2703 senatus
918 2640 1009 2723 buius
1031 2646 1166 2701 senatus:
1199 2639 1273 2701 ‘boc
1296 2658 1366 2701 con·

74 2741 178 2803 sultum
206 2744 291 2804 cuius
318 2744 399 2803 estl'
434 2739 568 2826 senatus]
608 2742 656 2804 ilfa
690 2762 760 2823 pars
795 2744 853 2804 erit
884 2741 1061 2812 immobilis,
1095 2744 1188 2823 prior.
1232 2741 1367 2804 similiter

74 2852 152 2921 pater
181 2843 322 2905 familias:
357 2851 440 2925 pater
469 2846 665 2907 nominativus
688 2853 747 2914 est;
777 2844 904 2906 familias
926 2863 987 2906 nou
1011 2854 1056 2906 est
1078 2846 1290 2915 nominativus,
1314 2844 1366 2905 scd

74 2944 253 3008 declinamus
280 2949 337 3016 ita,
366 2946 455 3009 buius
482 2949 575 3029 patris
604 2946 744 3018 familias,
774 2946 843 3007 huic
870 2948 948 3027 patri
975 2944 1116 3017 familias,
1145 2946 1224 3008 bunc
1251 2953 1367 3027 patrem

45 3046 209 3117 &familias
233 3057 263 3109 et
284 3048 418 3111 similiter
441 3058 549 3112 cetera.
574 3050 577 3133 l
604 3052 633 3111 in
662 3050 720 3111 boe-
748 3051 869 3111 nomine
891 3050 1060 3111 invenimus
1083 3046 1249 3130 [exemplo]
1272 3050 1368 3111 varias

74 3148 293 3211 declinationes.
338 3151 516 3233 aliquotiens
544 3152 586 3215 sic
614 3152 792 3223 declinatur,
823 3171 910 3233 quem
939 3151 974 3212 ad
998 3151 1120 3213 modum
1141 3149 1245 3230 regula
1268 3152 1367 3229 exigit,

74 3258 101 3311 ut
121 3253 160 3312 ita
185 3251 336 3321 dicamus,
360 3253 409 3315 bic
431 3262 516 3334 pater
538 3253 679 3323 familias,
702 3254 790 3316 huius
812 3256 905 3334 patris
928 3253 1067 3324 familias,
1090 3254 1160 3316 buic
1181 3255 1260 3333 patri
1281 3254 1366 3313 fami·

74 3352 135 3423 lias,
165 3354 246 3417 bunc
274 3364 389 3436 patrem
417 3356 559 3425 familias,
589 3376 606 3417 o
634 3364 718 3437 pater
745 3355 884 3426 familias,
913 3356 950 3418 ab
977 3355 1034 3417 boo
1061 3364 1146 3437 patre
1173 3355 1313 3425 familias,
1337 3353 1369 3416 bi

73 3464 168 3534 patres
192 3457 333 3528 familias,
363 3458 470 3520 borum
493 3467 609 3538 patrum
632 3458 771 3527 familias,
800 3458 847 3519 his
874 3458 1007 3538 patribus
1029 3457 1168 3529 familias,
1192 3456 1247 3519 bos
1268 3464 1368 3537 patres

47 3558 215 3631 vlamiliam
240 3569 271 3621 et
293 3578 329 3621 ex
353 3560 459 3622 ordine
481 3560 553 3623 illud
578 3563 634 3622 erit
655 3559 817 3623 immobile.
862 3560 1090 3640 aliquotieusin
1113 3578 1240 3621 numero
1261 3558 1369 3639 plurali

74 3668 213 3731 mutatur,
238 3669 267 3723 et
290 3664 456 3725 invenimus
478 3663 509 3724 lui
531 3669 632 3743 patres
655 3663 798 3734 familiae,
823 3672 853 3724 et
873 3665 933 3724 iam
956 3670 1059 3723 mutat.
1088 3664 1165 3737 scire
1181 3661 1272 3723 debes
1287 3660 1368 3743 quod

75 3769 99 3821 et
117 3763 314 3825 immobiliter
340 3764 411 3825 licet
440 3764 526 3826 nobis
555 3765 704 3827 declinare
727 3765 784 3826 boc
807 3784 915 3826 nomen
939 3773 969 3826 et
990 3763 1154 3837 mobiliter,
1178 3764 1207 3825 id
1232 3770 1278 3826 est
1299 3782 1367 3825 cum

75 3868 267 3926 conversione
291 3863 468 3957 [constare].
500 3866 571 3929 illud
595 3886 666 3930 vcro
689 3869 854 3949 quaesitum
877 3874 937 3937 est,
962 3875 991 3928 et
1012 3866 1178 3947 prudenter
1200 3868 1367 3947 quaesitum

76 3976 125 4034 est,
149 3968 279 4029 familias
302 3969 352 4048 qiu
374 3987 460 4030 casus
483 3976 536 4030 est.
570 3988 630 4031 non
654 3969 710 4032 boc
733 3972 899 4050 quaesitum
922 3977 975 4044 est,
999 3988 1087 4050 quem
1111 3969 1146 4031 ad
1170 3968 1291 4030 modum
1315 3968 1367 4028 de·

52 4066 211 4131 arttneurr:
242 4088 310 4131 nam
341 4072 496 4153 accepistis
523 4071 594 4133 duas
621 4090 685 4142 res;
714 4090 783 4134 uam
811 4082 862 4133 aut
883 4074 926 4133 sic
950 4072 1132 4142 declinatur,
1155 4079 1188 4133 ut
1209 4069 1368 4132 immobilis

77 4170 106 4229 sit
125 4190 195 4251 pars
225 4174 387 4252 posterior,
416 4180 467 4235 aut
494 4180 528 4236 ut
553 4176 592 4237 sit
613 4173 746 4235 mobilis:
777 4173 850 4235 illud
873 4176 1037 4255 quaesitum
1060 4182 1117 4247 est,
1141 4175 1192 4255 qui
1214 4192 1298 4235 casus
1319 4173 1366 4244 sit,

136 4361 202 4411 lde
223 4362 323 4411 duobus
344 4362 487 4411 nominibus
505 4360 567 4411 flant
582 4362 666 4413 ABG
734 4362 750 4412 5
769 4361 817 4412 hoc
837 4363 873 4411 sic
892 4360 936 4409 aa
954 4361 995 4411 liic
1010 4363 1047 4412 sic
1065 4361 1119 4413 Ae
1169 4376 1267 4411 conexu
1287 4360 1311 4409 Α

80 4428 103 4477 13
119 4447 183 4494 quae
203 4428 390 4483 uorrriuativum'
409 4446 459 4481 nou
475 4431 551 4482 habet
563 4446 608 4483 orn.
623 4432 706 4482 Alto
759 4433 791 4484 19
808 4424 890 4497 plebia
909 4431 957 4481 lroc
977 4432 1118 4481 coasultum
1138 4433 1210 4481 cuius
1229 4440 1267 4480 est
1283 4432 1367 4497 gentis

80 4496 139 4549 tica
157 4501 244 4569 plebia
266 4502 306 4551 nel
327 4503 413 4567 gentis
432 4503 465 4551 A.
485 4518 516 4552 ea
531 4518 595 4567 qaue
613 4510 750 4568 sequuntur
768 4514 810 4554 aut
827 4502 997 4552 additamento
1014 4504 1112 4567 atiquo,
1133 4500 1201 4565 quod
1215 4504 1307 4563 notavi,
1324 4509 1369 4551 aut

77 4570 217 4628 ammoneo
244 4570 377 4623 amborum
400 4574 487 4621 ordine
509 4580 631 4637 conrupta
654 4582 725 4638 auat,
749 4582 775 4625 ut
799 4572 862 4623 doec
883 4572 942 4636 sere
967 4573 1101 4635 scripserit
1119 4572 1308 4636 procuratione,
1329 4572 1368 4622 sic

79 4638 141 4689 etiam
160 4650 268 4691 seruatus
284 4642 427 4692 consultum
445 4644 467 4692 si
487 4642 609 4701 dicimus,
629 4653 731 4693 senatus
751 4658 799 4692 non
818 4643 866 4691 erit
887 4642 1073 4705 nominativus,
1093 4641 1138 4690 aed
1155 4642 1305 4706 genetivus,
1326 4640 1367 4691 bic

80 4720 171 4759 senatus
187 4711 399 4772 brunsvicensium
417 4710 481 4761 ‘lico
500 4712 641 4762 consultum
659 4714 730 4762 cuius
745 4715 817 4764 est?'
836 4722 949 4766 senatus.
970 4712 1064 4762 idcirco
1077 4713 1152 4761 etiam
1167 4712 1210 4760 illa
1228 4726 1288 4775 pars
1303 4726 1367 4775 quae

81 4788 111 4826 est
127 4782 194 4847 prior
219 4784 268 4832 erit
294 4782 430 4833 immobilia
501 4783 534 4833 25
552 4784 697 4832 invenimus
715 4802 761 4835 orrr.
780 4782 819 4844 A,
838 4784 899 4836 add.
919 4800 935 4832 a
1005 4782 1167 4844 dlsortasae
1184 4779 1210 4828 bi
1229 4781 1368 4847 patresfa-

80 4850 193 4901 miliarum
250 4851 283 4905 35
302 4852 437 4919 accepistis
453 4853 526 4904 BCa
545 4853 665 4919 accepisti
683 4852 708 4903 Α
760 4854 794 4907 36
812 4848 907 4903 αιιῑίιῑ
928 4853 962 4904 alt
979 4851 1081 4903 mobilia
1099 4847 1190 4903 aaa*
1208 4859 1252 4901 urat
1268 4851 1292 4900 ai
1313 4865 1367 4901 mo-

81 4916 136 4970 biles
149 4922 173 4971 A
238 4938 312 4974 casus
329 4924 362 4973 sit
381 4922 453 4974 lacu
470 4938 546 4975 casus
564 4924 611 4973 iste
625 4923 658 4973 sit
675 4924 700 4973 A

1101 5005 1166 5071 12*
