3350 5442
303 329 366 394 314
875 331 1012 394 lvtlnul

302 523 439 589 elocutio,
467 521 501 579 id
525 527 569 580 est
594 523 656 580 oris
682 523 774 590 ratio,
803 522 876 596 quio
896 521 1043 596 quitquid
1068 524 1216 596 loquimur
1235 539 1292 598 per
1312 525 1384 581 istos
1405 528 1470 581 octo
1486 529 1596 598 perles

301 625 462 698 loquimur,
485 629 514 682 et
534 640 619 682 omne
639 624 720 700 qnod
739 627 888 698 loquimur
908 626 966 683 erit
986 633 1040 685 out
1060 641 1166 686 nomeu
1186 631 1240 684 out
1258 641 1422 699 pronomen
1443 633 1497 684 out
1517 642 1595 683 uer—
1662 674 1663 697 ,

301 727 368 786 bum
396 729 445 785 uel
471 726 618 800 quaelibet
643 727 682 786 de
707 729 770 786 istis
797 733 861 786 octo
883 726 1023 801 portibus
1050 759 1092 770 -
1119 721 1175 808 ((16
1202 722 1596 806 instructionemque

300 835 369 886 sunt
388 824 520 887 similia?
540 831 648 896 multo,
671 845 749 902 quoe
771 829 815 888 od
834 829 1079 902 stenifieotionem
1095 831 1197 904 portis
1217 831 1302 889 istius
1319 831 1486 904 pertinent:
1508 834 1593 888 trao-
1662 826 1663 887 l

300 934 388 1020 tatus
417 924 458 988 (16
485 935 558 991 octo
585 926 735 1011 partibus
763 925 930 992 orationis.
974 926 999 990 f.
1021 926 1151 990 itt-f.
1175 927 1236 992 94*
1264 935 1297 990 et
1318 927 1342 991 f.
1367 926 1509 990 tu-f.
1535 928 1594 990 lb*
1662 920 1663 993 l

299 1032 408 1092 ITEM
428 1031 594 1092 IULIANI
612 1017 686 1092 Eli
707 1032 910 1092 TOLETANI
930 1033 989 1092 BE
1000 1033 1192 1093 LITTEBA.
1215 1033 1378 1094 PARTES
1392 1032 1595 1092 GRAMMA-
1662 1024 1663 1053 ³

303 1134 426 1194 TICAE
445 1134 571 1194 ARTIS
597 1133 706 1205 boor
723 1135 836 1194 SUNT.
863 1137 966 1212 primo
987 1151 1067 1210 porr
1092 1143 1135 1194 est
1155 1151 1233 1209 quoe
1253 1135 1395 1195 scribitur
1414 1152 1471 1210 per
1493 1111 1594 1198 meto-
1662 1120 1663 1175 ἶ

298 1237 427 1313 plorum
448 1243 477 1295 et
498 1237 689 1312 antiphoram
706 1271 741 1280 —
761 1233 817 1318 (do
840 1233 1011 1320 posituris)
1031 1238 1151 1313 periodi
1167 1245 1273 1312 portos
1294 1245 1435 1312 quattuor
1457 1235 1493 1316 (l.
1507 1241 1593 1316 quot)
1662 1230 1663 1235 ’

300 1334 388 1398 sunt?
410 1334 512 1398 duce?
533 1335 632 1414 quoe?
658 1342 725 1400 colo
746 1345 775 1398 et
794 1353 923 1409 commo,
947 1340 981 1398 ic
999 1336 1043 1398 est
1062 1341 1195 1400 membro
1215 1348 1245 1400 el
1264 1357 1366 1400 coeso.
1403 1357 1460 1415 qno
1481 1337 1594 1401 modo?
1662 1324 1663 1369 3

298 1447 372 1515 puto
399 1443 426 1500 si
452 1441 551 1500 dicum
573 1441 702 1516 ‘aspero
728 1442 857 1502 conditio
884 1449 913 1502 et
936 1459 1001 1502 sors
1021 1444 1226 1503 irrevocabilis
1246 1443 1354 1512 borne,
1376 1459 1466 1518 quom
1486 1447 1596 1518 ceneri
1662 1494 1663 1499 ,

299 1543 429 1602 bumano
450 1545 543 1602 tristis
562 1546 646 1617 oripo
673 1545 781 1622 dedil’,
808 1560 878 1606 ecoe
898 1561 961 1604 nno
980 1545 1134 1620 periodos,
1164 1545 1224 1606 duo
1244 1548 1326 1612 colo,
1349 1549 1454 1605 multos
1475 1563 1592 1606 coesus.
1662 1588 1663 1593 η

299 1662 370 1704 nom
391 1648 457 1705 colu
479 1646 589 1705 dicitur
610 1627 771 1706 membrum
798 1649 892 1722 ipsius
913 1664 1019 1707 omues
1045 1654 1075 1706 et
1095 1663 1209 1707 commu
1231 1649 1265 1707 iii
1284 1656 1328 1707 est
1346 1663 1444 1708 caeso.
1487 1649 1595 1724 quibus
1662 1648 1663 1651 ’

295 1747 422 1822 pellibus
449 1745 608 1808 caeditur?
637 1751 743 1808 multis.
788 1765 859 1808 nom
887 1755 917 1808 et
941 1749 1023 1823 quod
1047 1750 1173 1811 dicimus
1193 1753 1365 1810 commicum
1387 1750 1510 1818 tibrum,
1534 1767 1593 1808 non

300 1850 438 1910 debemus
459 1851 559 1910 ducere
579 1853 764 1922 coturnicum,
787 1850 843 1910 sed
861 1859 1053 1922 commotum,
1082 1854 1155 1927 quio
1176 1853 1215 1912 de
1235 1855 1333 1913 multis
1353 1853 1438 1912 libris
1458 1853 1595 1912 obsossoe

298 1955 460 2012 sententiae
481 1953 522 2012 ibi
541 1961 609 2012 sunt
624 1957 751 2029 positae.
789 1953 990 2014 EXPLICIT
1011 1953 1249 2014 Tencteros
1273 1953 1446 2014 PRIMUS:
1473 1960 1594 2015 tracta·

299 2059 353 2114 tus
376 2049 417 2114 (16
439 2050 564 2132 littera,
588 2049 628 2115 de
651 2050 795 2137 syllaba,
819 2049 860 2115 de
882 2050 1039 2137 pedibus,
1063 2050 1104 2115 (16
1126 2053 1227 2133 tonis,
1251 2051 1292 2116 (16
1315 2051 1481 2138 posituris.
1508 2053 1536 2116 f.
1554 2054 1594 2117 tl

300 2190 340 2198 —
355 2153 379 2215 f.
396 2152 456 2216 86*
479 2152 557 2216 ets.
579 2152 621 2218 95
636 2189 677 2200 -
697 2153 721 2217 f.
743 2153 784 2218 98
812 2159 870 2218 DE
897 2156 1181 2219 BARBARISMO.
1219 2158 1434 2219 Borbcrismus
1460 2165 1505 2219 est
1531 2177 1595 2218 unn

297 2275 373 2333 pore
400 2261 546 2319 orationis
573 2261 677 2320 uitiosa
704 2261 736 2319 tn
764 2261 913 2320 communi
937 2276 1086 2330 sermone,
1114 2261 1148 2320 id
1167 2269 1211 2321 est
1236 2263 1269 2321 in
1288 2263 1385 2322 soluto
1406 2263 1541 2321 orntrbne
1563 2266 1593 2321 iu
1662 2270 1663 2273 ’

214 2353 219 2369 “
293 2367 428 2437 poemate
456 2367 554 2422 eutem
581 2363 626 2422 uel
652 2364 684 2421 in
709 2365 845 2423 carmine
874 2365 1083 2437 nutoplosmus
1116 2370 1239 2424 uocatur
1264 2395 1307 2406 —
1336 2357 1393 2443 (de
1424 2360 1546 2445 tropis)
1573 2383 1594 2422 n

298 2465 413 2523 minore
433 2465 477 2522 ad
496 2466 606 2533 motus,
631 2467 865 2540 ‘potnttmunes
886 2481 1039 2524 arcessere
1059 2467 1195 2539 coniupis
1210 2465 1346 2541 Orpbeus
1363 2465 1501 2525 Threicio
1519 2466 1593 2539 sre-

298 2574 345 2626 tns
365 2567 495 2642 cultura
513 2568 682 2641 fidibusque
702 2569 850 2637 conoris',
873 2570 961 2642 quusi
982 2568 1065 2627 dicat
1085 2569 1124 2627 de
1144 2585 1178 2628 re
1197 2583 1301 2643 paruo
1322 2575 1351 2628 et
1371 2569 1471 2628 breuis
1489 2572 1592 2644 pretii,

298 2669 429 2744 cyllenen
450 2669 615 2740 cilicibus.
645 2675 674 2728 et
691 2677 735 2728 est
752 2671 875 2744 neura,
896 2671 925 2729 si
944 2671 995 2730 ille
1014 2671 1142 2746 cytboro
1161 2668 1277 2742 fretus,
1299 2687 1354 2748 epo
1370 2672 1492 2745 pietate.
1526 2671 1593 2730 ΙΝ-

300 2771 415 2830 CIPIT
439 2769 635 2832 cotentio
662 2771 720 2829 ΒΕ
744 2771 955 2832 PARTIONE
980 2771 1226 2833 METBORUM.
1270 2771 1346 2842 Quot
1379 2779 1449 2830 sunt
1476 2789 1593 2846 penae

298 2879 458 2933 metrorum
475 2869 686 2950 principalia?
707 2879 778 2934 octo.
810 2869 910 2948 quael
931 2874 1113 2949 dactylicum
1127 2874 1285 2934 iambicum
1306 2874 1490 2936 trocboicnm
1508 2891 1593 2934 nnu-

293 2977 462 3050 poestioum
490 2975 722 3036 choriambicum
757 2977 981 3051 antispasticurn
1006 2977 1134 3036 ionicum
1161 2991 1182 3034 α
1208 2977 1322 3035 maiore
1353 2983 1384 3036 et
1414 2978 1540 3036 ionicum
1573 2995 1594 3035 o

299 3080 411 3137 minore
432 3112 474 3120 —
490 3072 544 3158 (de
559 3083 663 3140 metro
680 3073 911 3160 antispastieo)
935 3079 977 3137 clo
991 3081 1055 3138 eius
1068 3082 1247 3154 exemplum.
1270 3081 1376 3139 uolans
1397 3095 1466 3140 ecce
1483 3096 1594 3153 perere

299 3195 385 3238 ormo
408 3182 523 3254 ruitque
544 3182 654 3240 laetus:
683 3185 844 3242 tractatus
867 3175 908 3240 de
930 3175 1151 3254 barbarismo,
1182 3176 1224 3240 do
1246 3175 1453 3260 soloecismo,
1476 3176 1515 3241 de
1537 3199 1590 3241 ee-

299 3279 377 3342 teris
400 3277 507 3360 vitiis,
531 3277 571 3342 de
593 3279 822 3366 metaplasmo,
847 3277 889 3342 (16
903 3278 1141 3359 schematibus,
1165 3278 1207 3343 (16
1225 3280 1344 3366 tropis,
1368 3278 1410 3344 dc
1425 3277 1588 3364 metris*).

384 3377 564 3461 Iulianum,
592 3380 684 3446 ouius
713 3402 831 3446 nomeu
858 3380 911 3445 bis
937 3380 973 3444 in
999 3380 1111 3446 codice
1133 3378 1290 3466 seriptum
1312 3390 1378 3461 est,
1391 3382 1589 3473 'episcopum

298 3481 492 3547 Toletanum
513 3481 615 3547 fuisse
638 3483 679 3548 ub
702 3505 788 3548 auno
812 3483 875 3546 680
895 3503 999 3568 usque
1021 3483 1063 3547 sd
1085 3504 1208 3547 annum
1229 3482 1293 3547 690
1313 3491 1460 3548 constat:
1482 3482 1522 3546 cf.
1545 3481 1588 3544 N.

298 3583 477 3664 Antonius,
494 3582 645 3650 biblioth.
661 3583 757 3670 Hisp.
773 3593 838 3649 vet.
855 3584 920 3651 vol.
937 3584 954 3647 1
969 3607 1001 3671 p.
1016 3585 1079 3649 413
1094 3607 1164 3672 sqq.
1181 3584 1296 3649 eodem
1310 3593 1458 3670 tempore
1471 3583 1589 3650 librum

298 3686 339 3751 (16
360 3694 431 3750 arte
452 3687 667 3771 grammatica
688 3687 730 3752 ab
753 3708 791 3751 eo
814 3687 973 3773 scriptum
995 3709 1067 3751 esse
1089 3685 1186 3752 (locet
1206 3708 1324 3750 nomen
1346 3687 1435 3772 regis
1451 3685 1590 3770 Ervigii,

383 3874 411 3942 *)
429 3878 471 3926 Ex
488 3877 523 3926 iis
541 3892 611 3940 quse
630 3891 714 3942 supra
739 3878 844 3942 scriptu
861 3882 925 3929 suut
942 3877 1061 3944 adparet
1077 3883 1133 3928 tres
1152 3891 1213 3928 esse
1231 3876 1379 3928 universus
1398 3878 1468 3928 artis
1485 3881 1589 3942 partes,

298 3977 379 4013 unam
398 3961 432 4012 de
451 3966 514 4013 octo
532 3963 658 4028 pertibus
680 3963 829 4027 orationis,
849 3963 967 4014 alteram
986 3963 1020 4012 de
1039 3963 1140 4013 litteris
1158 3962 1275 4027 syllabis
1294 3963 1411 4029 pedibus
1430 3961 1588 4013 accentibus

298 4047 441 4114 posituris,
461 4047 573 4097 tertiam
591 4046 624 4097 de
643 4047 719 4098 vitiis
738 4051 766 4098 et
783 4047 933 4098 virtutibus
951 4047 1085 4099 orationis
1103 4053 1131 4098 et
1150 4048 1183 4098 de
1202 4048 1307 4102 metris.
1325 4047 1453 4113 equibus
1465 4046 1589 4113 partibus

299 4134 324 4183 ei
343 4148 424 4197 quem
443 4132 555 4183 tertiam
573 4131 629 4182 dixi
647 4133 720 4183 hunc
737 4132 827 4184 locum
846 4133 943 4184 deberi
961 4137 1067 4183 eertum
1085 4137 1142 4194 e'st;
1162 4133 1196 4182 (16
1214 4132 1331 4197 reliquis
1344 4132 1453 4183 duabus
1470 4132 1589 4182 dubitari

298 4221 402 4283 potest,
425 4221 515 4267 utram
537 4218 655 4282 priorem
679 4233 740 4268 esse
759 4218 880 4269 voluerit
895 4218 1022 4284 scriptor.
1056 4217 1105 4268 sed
1123 4218 1253 4283 quonism
1271 4233 1307 4268 66
1323 4233 1388 4284 pars
1406 4233 1477 4283 quse
1496 4220 1536 4266 est
1552 4216 1588 4266 de

297 4307 362 4353 octo
383 4303 511 4368 pertibus
535 4302 667 4354 orationis
689 4303 821 4354 minorem
839 4304 944 4353 Dousti
963 4307 1064 4366 artem,
1082 4318 1137 4353 nou
1156 4305 1297 4368 maiorem,
1315 4303 1454 4368 sequitur,
1471 4303 1539 4352 huuc
1558 4302 1587 4350 in

297 4387 384 4453 primo
403 4387 464 4439 loco
482 4388 570 4454 posui,
589 4389 666 4438 utin
683 4388 793 4440 lulisno
813 4403 921 4454 quoquc
939 4388 1011 4439 idem
1029 4388 1106 4452 ordo,
1124 4403 1204 4453 quem
1222 4388 1322 4454 reliqui
1334 4389 1440 4438 Donati
1457 4388 1588 4450 intorpre-

298 4479 341 4524 tes
360 4474 449 4523 seeuti
468 4479 543 4536 estut,
564 4477 711 4524 teneretur.
736 4489 823 4540 neque
843 4477 981 4540 repugnat
992 4473 1057 4523 huie
1070 4473 1159 4523 ordini
1176 4473 1342 4539 subscriptio
1359 4479 1423 4540 post
1439 4475 1587 4523 tractatum

299 4557 333 4608 (16
352 4558 482 4622 posituris
501 4558 606 4622 additu,
627 4560 734 4623 explicit
751 4565 877 4609 tractatus
892 4561 998 4622 primus,
1017 4559 1238 4625 quandoquidem
1248 4559 1321 4608 bueo
1339 4559 1376 4610 ud
1393 4559 1506 4623 primum
1523 4572 1587 4620 par·

299 4647 354 4693 tem
378 4644 447 4693 artis
471 4644 586 4694 maioris
609 4644 757 4694 referenda
780 4648 831 4695 est.
867 4643 929 4693 fieri
951 4648 1045 4694 tamen
1067 4645 1159 4709 potuit
1176 4649 1206 4694 ut
1223 4642 1361 4707 Iulianus,
1381 4659 1441 4694 cum
1460 4642 1585 4693 maiorem

299 4731 388 4778 artem
413 4727 447 4778 de
474 4733 535 4779 octo
562 4728 688 4794 partibus
713 4744 768 4780 666
792 4731 986 4794 tractavisset,
1010 4744 1058 4796 pro
1082 4744 1117 4780 ee
1140 4728 1366 4781 commentarium
1388 4728 1499 4781 minoris
1518 4726 1586 4776 ortis

298 4816 422 4877 poneret.
