3350 5442
334 372 397 436 612
889 372 1069 437 llellilllll

375 482 453 524 ,ετιτ
467 484 493 523 ιε
506 481 530 521 r.
1204 500 1206 503 .

229 495 421 623 148v.tebtia
449 561 485 624 ad
513 561 672 623 secundam
697 562 845 641 loquitur;
874 569 940 641 apte
968 581 1085 642 quoque
1108 581 1124 624 a
1146 559 1288 639 singulari
1312 578 1451 629 numero,
1483 550 1626 637 καὶγὰρ

333 664 397 736 τᾶς
423 650 566 744 ἀριθμὸς
595 659 632 725 ἐκ
659 659 819 743 μονάδων
839 659 1013 742 σύγκειται
1033 658 1056 746 ή
1079 660 1117 727 ἐκ
1139 658 1284 745 μονόόος
1306 656 1506 741 κατάγεται,
1539 670 1572 721 et
1602 665 1626 724 si

333 769 429 828 omnis
451 766 608 827 multitudo
629 773 744 827 constat
765 785 802 827 ex
825 766 959 846 singtdis,
988 776 1069 828 reete
1098 772 1144 829 est
1165 766 1326 845 praemissa
1348 766 1447 826 unitas
1470 772 1502 825 et
1527 772 1626 825 secuta
1669 764 1670 839 l

332 868 525 949 populositas.
569 870 646 930 iuste
674 872 763 930 etiam
791 889 807 931 a
835 872 1000 949 praesenti:
1035 888 1071 931 cx
1093 870 1217 931 instanti
1238 869 1317 929 enim
1340 873 1476 946 tempore
1499 876 1627 946 possunt

332 970 447 1051 reliqua
475 973 623 1049 cognosci,
646 989 705 1031 nou
727 972 842 1033 instans
863 971 1019 1052 apparebit
1041 990 1077 1032 ex
1099 970 1238 1050 reliquis,
1268 959 1526 1049 siqnidem·[o’urri
1551 961 1624 1047 τοῦῘ
1638 982 1643 989 ’
1669 1022 1670 1033 .

334 1071 434 1152 λείβω
456 1070 580 1151 λείβεις
600 1079 692 1134 ποιεῖ
710 1065 869 1154 ἀόριστον
888 1071 1015 1153 ἒλειψα,
1038 1066 1203 1153 μέλλοντα
1227 1070 1345 1151 λείψω,
1378 1073 1453 1131 item
1475 1056 1548 1129 ἀπὸ
1569 1070 1628 1129 τοῦ

333 1174 437 1235 λείπω
459 1175 493 1235 fit
513 1167 669 1253 ἀόριστος
690 1172 806 1247 Statua
827 1172 884 1236 καὶ
901 1171 1033 1255 μέλλων
1048 1173 1162 1250 λείψω.
1193 1192 1261 1236 cum
1276 1192 1346 1251 ergo
1362 1173 1429 1235 dico
1443 1172 1492 1233 vel
1508 1168 1627 1245 ἔλειφα

332 1275 378 1337 rel
400 1274 523 1356 λείψω,
545 1276 623 1356 quod
646 1295 712 1338 esse
733 1277 822 1341 velim
844 1278 933 1341 huius
955 1296 1098 1359 praesens
1120 1275 1204 1338 verbi
1227 1284 1357 1357 tempus,
1389 1276 1546 1337 incertum
1569 1284 1627 1341 est;
1669 1266 1670 1271 ἵ

334 1397 402 1440 cum
425 1386 523 1439 autem
538 1370 605 1440 dico
628 1377 732 1440 λείπω
754 1388 806 1441 aut
821 1378 935 1461 λείβω,
959 1380 995 1442 de
1017 1381 1141 1460 reliquis
1163 1381 1229 1439 eius
1251 1376 1435 1459 temporibus
1459 1394 1555 1437 nemo
1578 1376 1627 1436 du·

334 1473 417 1542 bi'tat.
459 1474 610 1562 ἠρχόμην
631 1482 829 1561 inperfectum
850 1491 967 1563 tempus
989 1490 1034 1544 est
1057 1502 1073 1543 a
1096 1484 1246 1561 praesenti
1267 1478 1416 1560 ἔρχομαι,
1444 1478 1593 1541 similiter
1613 1494 1644 1539 ει

333 1585 483 1662 praesenti
505 1576 658 1663 ἄρχομαι.
704 1602 771 1645 cum
799 1602 871 1663 ergo
899 1586 966 1646 dieo
987 1577 1155 1666 ήρχόμην,
1179 1586 1325 1645 incertum
1347 1582 1494 1662 relinquo,
1527 1590 1626 1642 utrum

332 1684 487 1746 veniebam
513 1704 550 1746 au
576 1685 757 1766 incipiebam
786 1688 921 1765 intellegi
949 1686 1053 1757 velim,
1076 1693 1107 1746 et
1128 1686 1195 1747 ideo
1219 1679 1363 1757 ἐνεστεός
1388 1686 1455 1745 eius
1477 1686 1511 1743 in
1537 1682 1627 1743 dubio

333 1796 388 1859 cst,
411 1786 548 1868 ἔρχομαι
569 1790 609 1849 sit
631 1807 667 1849 an
689 1780 848 1869 ἄρχομαιι
871 1807 938 1849 cum
961 1806 1031 1849 vero
1052 1788 1119 1849 dico
1142 1782 1285 1869 ἄρχομαι
1307 1794 1358 1847 aut
1375 1784 1532 1865 ἔρχομαι,
1556 1785 1628 1846 nihil

333 1890 370 1951 de
398 1892 563 1970 inperfecto
590 1888 785 1951 dubitabitur.
830 1892 1071 1969 coniugationum
1098 1908 1216 1971 quoque
1245 1888 1431 1949 diversitates
1460 1890 1494 1950 in
1518 1904 1628 1966 graeco

333 1993 483 2072 latinoque
509 1991 602 2053 verbo
628 2010 770 2072 praesens
797 1993 883 2064 lacit,
917 1998 1023 2066 ποιεῖς
1049 1992 1145 2073 τιμᾷς
1171 1996 1363 2070 στεφανοῖςε
1398 2008 1457 2051 uon
1485 1993 1553 2051 nisi
1588 1994 1656 2051 inc

333 2096 440 2156 stantis
461 2095 591 2156 secunda
613 2113 740 2175 persona
762 2094 922 2166 discernit;
945 2102 1078 2156 ceterum
1100 2097 1131 2155 in
1154 2092 1320 2173 πεποίηκα
1342 2100 1371 2153 et
1392 2090 1580 2173 τετίμηκε,
1602 2095 1630 2153 in

332 2190 461 2277 ποιήσω
483 2202 515 2257 et
535 2192 678 2278 τιμήσω,
701 2200 773 2258 item
796 2200 827 2258 in
852 2192 991 2259 ἐποίουν
1013 2204 1043 2257 et
1072 2184 1240 2276 ἐχρόσονν
1265 2194 1344 2256 nulla
1365 2194 1533 2255 discretio.
1582 2194 1629 2255 sed

333 2300 416 2359 etin
437 2294 638 2377 βαρυτόνοις
659 2295 773 2361 τόιιτω
795 2302 909 2379 primae
932 2317 997 2360 esse
1021 2298 1237 2375 coniugationis
1257 2296 1408 2357 laetania
1421 2291 1481 2357 καί
1496 2315 1531 2375 τ,
1557 2316 1630 2376 quae

333 2403 364 2462 iu
386 2403 554 2480 praesentis
574 2403 671 2480 prima
693 2420 819 2481 persona
843 2422 869 2462 ω
892 2401 1020 2462 litteram
1043 2400 1230 2469 antecedunt,
1253 2417 1328 2479 quae
1351 2400 1434 2476 signa
1450 2399 1570 2461 desunt
1585 2408 1613 2459 et

332 2506 365 2565 in
386 2497 514 2582 τὲτνφα
536 2510 566 2563 et
586 2505 617 2563 in
640 2501 746 2579 ἔτυμα
768 2511 799 2564 et
821 2507 852 2564 in
874 2498 979 2578 τόψω.
1008 2497 1093 2580 λέγω
1114 2508 1237 2581 propter
1258 2500 1442 2580 ysecundae
1466 2508 1527 2569 est,
1553 2500 1670 2587 quode

334 2608 451 2683 signum
479 2604 590 2667 babere
620 2606 730 2666 desinit
751 2608 782 2667 in
805 2600 924 2684 λέλεχα
945 2599 1040 2678 ἔλεξα
1062 2597 1160 2677 λε’ξωε
1194 2606 1238 2665 sic
1270 2606 1301 2664 in
1334 2602 1461 2682 reliquis
1484 2605 1631 2680 coniuge·
1669 2640 1670 2673 3

333 2706 475 2769 tionibus.
519 2725 661 2787 praesens
689 2714 805 2787 tempus
832 2706 963 2769 ostendit
990 2712 1020 2767 et
1047 2724 1158 2783 genera
1179 2704 1349 2766 verborum.
1393 2723 1463 2765 nam
1497 2708 1631 2766 acilium
1669 2718 1670 2779 ἲ

333 2818 384 2871 aut
404 2817 542 2870 neutrum
565 2810 695 2870 Graecus
715 2809 877 2889 intellegit,
905 2813 931 2871 si
959 2812 991 2870 in
1019 2828 1045 2869 ω
1072 2826 1214 2888 praesens
1240 2806 1364 2877 desinat,
1393 2808 1553 2887 passivum
1590 2806 1630 2865 rei

229 2920 276 2971 150
289 2921 319 2971 v.
333 2929 487 2974 commuue
515 2919 545 2972 et
572 2912 619 2973 bis
644 2911 768 2983 similia,
798 2914 825 2973 si
853 2914 883 2973 in
911 2931 979 2993 μαι.
1024 2908 1193 2971 declinandi
1221 2916 1319 2970 autem
1340 2907 1424 2969 verbi
1448 2911 1553 2969 series
1576 2928 1631 2969 non

333 3014 392 3075 nisi
413 3033 480 3074 cum
502 3012 538 3073 de
560 3013 656 3074 medis
678 3022 821 3076 tractatur
844 3021 974 3094 apparet.
1009 3013 1080 3073 binc
1100 3012 1205 3073 modus
1227 3010 1304 3090 apud
1327 3010 1456 3071 Graecos
1479 3008 1631 3089 ἔγκλισις
1641 3020 1670 3081 a}

333 3124 531 3195 nuncupatur,
553 3116 584 3185 id
607 3122 652 3176 est
675 3111 714 3177 ἐν
736 3102 763 3197 pi
783 3108 804 3196 ή
827 3115 944 3189 κλίσις.

416 3217 460 3278 De
482 3216 678 3279 declinatione
700 3218 863 3279 indicativi.
908 3236 994 3277 omne
1023 3215 1100 3297 apud
1122 3214 1251 3277 Graecos
1272 3214 1396 3276 verbum
1429 3214 1630 3277 indicatimm

333 3322 365 3380 iu
387 3339 413 3381 ω
436 3320 589 3388 desinens,
618 3338 672 3380 seu
694 3318 856 3399 barytonon
885 3338 939 3381 seu
961 3321 1202 3399 perispomeuum
1224 3319 1278 3386 sit,
1308 3336 1360 3379 scu
1382 3320 1559 3395 praesentis
1582 3336 1631 3377 sen

333 3424 437 3491 luturi,
460 3423 540 3483 omni
561 3422 648 3482 modo
671 3424 702 3482 in
724 3422 872 3484 secundae
894 3440 1038 3501 personae
1061 3421 1117 3481 line
1134 3419 1347 3500 diphthongum
1371 3418 1482 3480 habeat
1504 3438 1629 3480 neeesse

334 3532 388 3595 est,
412 3523 442 3585 id
466 3531 512 3585 est
533 3520 614 3584 ἰῶτα
636 3524 682 3585 rel
704 3542 772 3584 cum
795 3544 823 3602 ε,
846 3531 879 3585 ut
901 3528 1018 3601 ποιεῖς,
1042 3521 1087 3582 vel
1110 3540 1177 3583 cum
1200 3540 1233 3601 α,
1257 3529 1289 3582 ut
1309 3520 1417 3602 τιμᾷς,
1439 3520 1488 3582 vel
1513 3541 1587 3582 cum
1602 3540 1670 3598 o‚.·t

333 3635 367 3687 ut
389 3618 517 3706 όηλοῑς;
541 3628 571 3686 in
594 3627 675 3686 omni
698 3633 796 3687 autem
817 3627 919 3687 luturo
942 3643 1009 3685 cum
1032 3642 1059 3702 ε,
1082 3630 1116 3684 ut
1136 3618 1270 3704 νοήσεις
1289 3618 1424 3703 βοήσεις
1438 3618 1630 3705 χρυσώσεις

334 3723 437 3802 λέξεις
457 3723 584 3801 calueto.
628 3730 700 3789 item
721 3730 753 3788 in
774 3730 855 3790 omni
877 3746 985 3807 graeco
1007 3725 1096 3787 verbo
1119 3728 1204 3787 cuius
1226 3728 1321 3806 prima
1343 3726 1455 3803 positio
1478 3726 1510 3785 in
1538 3744 1567 3785 ω
1582 3724 1628 3784 de·
1669 3726 1670 3733 λ

334 3830 404 3890 sinit
431 3830 560 3891 secunda
586 3848 713 3910 persona
741 3830 850 3891 amisso
878 3827 979 3910 σίγμα
1005 3830 1124 3890 tertiam
1152 3830 1233 3889 lacit.
1277 3844 1362 3888 omne
1384 3824 1513 3887 verbum
1550 3830 1583 3887 in
1605 3844 1628 3884 ω

334 3933 473 3993 desinens
498 3927 711 4011 cuiuscumque
738 3933 957 4010 coniugationis
985 3940 1015 3992 et
1047 3932 1191 4009 temporis
1218 3925 1440 4007 ι’σοσυλλαβεῖ
1463 3930 1495 3988 in
1532 3930 1626 4008 prima

334 4033 463 4095 secunda
491 4041 521 4094 et
542 4035 630 4095 tertia
652 4052 796 4113 persona,
825 4032 911 4094 ποιῶ
933 4038 1039 4105 ποιεῖς
1060 4038 1164 4110 ποιεῖ,
1188 4026 1255 4107 ε’ρῶ
1278 4026 1357 4111 ἐρᾷς
1380 4026 1453 4111 ε’ρᾷ,
1487 4022 1670 4109 ἀργυρᾷ

333 4129 494 4217 ἀργυροῖς
514 4128 668 4217 ἀργυροῖ,
691 4130 777 4214 λέγω
800 4130 906 4214 λέγεις
928 4129 1028 4213 λέγει,
1051 4128 1132 4207 λέξω
1155 4127 1258 4206 λέξεις
1280 4127 1382 4212 λέξει,
1408 4127 1526 4211 νοήσω
1550 4126 1625 4211 νοή-
1669 4128 1670 4183 ἲ

335 4252 404 4311 σεις
425 4233 549 4319 νοήσει.
588 4240 619 4298 in
643 4238 742 4299 verbis
764 4240 796 4300 in
819 4257 846 4299 ω
868 4234 1074 4299 desinentibus
1096 4238 1193 4315 prima
1216 4230 1339 4314 pluralis
1362 4253 1377 4294 a
1401 4235 1500 4313 prima
1526 4237 1625 4310 singm-
1669 4212 1670 4277 ἶ

334 4341 392 4401 lari
414 4341 455 4409 lit,
478 4357 603 4419 operose
625 4347 723 4401 tamen
746 4360 780 4401 ac
802 4342 894 4401 varie.
938 4342 969 4400 in
991 4338 1142 4418 praesenti
1164 4338 1244 4398 enim
1266 4343 1400 4415 tempore
1422 4354 1487 4416 μεν
1516 4334 1624 4415 syllaba

334 4461 453 4523 semper
480 4442 625 4513 adicitur;
657 4442 708 4504 sed
736 4443 823 4504 modo
851 4442 924 4503 nihil
953 4439 1073 4502 additur
1093 4440 1139 4501 vel
1161 4446 1357 4520 permutatur,
1387 4439 1474 4499 utin
1496 4436 1623 4499 secunda
1669 4424 1670 4463 ³

404 4730 480 4783 luel
492 4723 557 4812 polo]
571 4746 597 4783 ει
609 4749 663 4809 ppo
676 4716 795 4797 Ρήηόρ
808 4732 889 4781 laneas
918 4726 926 4745 '
956 4733 971 4779 2
991 4717 1051 4794 ἢέν
1064 4721 1190 4793 μονάδος
1201 4722 1357 4809 surriperet
1370 4727 1452 4779 Ianus
1464 4724 1622 4793 ηρμοναόος

335 4814 490 4863 ααταχεται
501 4801 527 4850 P
538 4818 554 4865 η
567 4816 658 4866 μονας
669 4800 844 4866 καθηγεῖται
861 4801 967 4849 coniecit
980 4796 1128 4863 Opsopoeus
1195 4799 1211 4847 4
1223 4793 1393 4863 populositas]
1410 4796 1527 4859 sortasse
1540 4796 1620 4862 plura·
1669 4808 1670 4827 ι

336 4866 394 4917 litas
460 4868 826 4931 λᾷίόεελενωιεκλιαιςΡ
892 4869 924 4919 31
937 4865 1068 4925 δελοιςΡ
1134 4866 1167 4917 38
1184 4866 1278 4931 μηνΡ
