3350 5442
703 319 774 382 aus
1322 318 1383 383 381

1192 442 1212 481 p.
1226 432 1283 471 2069.
1297 431 1322 471 70
1336 430 1358 471 Ρ.

89 520 210 583 tenent,
234 508 383 593 passivum
404 531 475 573 vero
497 521 527 573 et
550 531 705 575 commune
728 518 759 572 et
781 513 932 591 deponens
960 511 1081 579 similes.
1127 519 1172 572 est
1195 530 1266 590 ergo
1288 514 1384 592 prima

88 618 263 693 coniugatio
290 634 365 694 quae
393 615 555 675 indicativo
581 615 669 676 modo
690 621 824 694 tempore
847 616 998 694 praesenti
1022 632 1146 675 numero
1169 614 1314 692 singulari
1336 634 1382 675 se·

88 719 204 788 cunda,
233 720 310 779 sicut
336 716 449 778 dictum
477 724 536 787 est,
564 736 689 796 persona
718 716 810 777 verbo
838 718 934 776 activo
963 722 993 775 et
1015 717 1142 777 neutrali
1166 736 1182 777 a
1204 716 1294 777 habet
1316 725 1383 777 ante

87 822 283 881 novissimam
306 819 450 890 litteram,
474 821 591 900 passivo
613 822 762 880 communi
786 825 816 879 et
838 819 998 899 deponenti
1022 826 1088 879 ante
1111 822 1303 882 novissimam
1325 821 1382 900 syl-

58 922 205 990 5labam‚
228 930 262 983 ut
282 941 355 983 voco
370 940 472 991 vocas,
495 940 584 981 vocor
599 923 729 992 vocaris;
753 922 878 981 ethaeo
901 939 1019 1000 semper
1041 920 1158 992 littera,
1181 941 1255 1002 quae
1279 924 1381 983 coniu-

87 1027 243 1103 gationem
265 1027 351 1085 istam
372 1026 499 1103 primam
514 1023 660 1092 ostendit,
683 1022 771 1101 longa
787 1029 848 1092 est;
872 1024 1065 1103 futurumque
1089 1030 1206 1103 tempus
1228 1024 1380 1086 indicativi

87 1128 170 1188 modi
193 1126 271 1206 quod
299 1126 335 1187 ad
364 1128 492 1186 activum
520 1132 550 1185 et
577 1125 709 1186 neutrale
732 1126 865 1204 pertinet
887 1126 919 1185 in
941 1124 993 1193 bo,
1020 1124 1098 1203 qnod
1122 1126 1158 1186 ad
1180 1129 1329 1205 passivum
1352 1134 1382 1187 et

87 1248 247 1291 commune
276 1234 306 1288 et
333 1228 499 1306 deponens,
528 1230 559 1287 in
589 1227 644 1287 bor
671 1229 773 1288 mittit.
818 1246 888 1288 nam
915 1245 986 1287 voco
1010 1226 1121 1287 vocabo
1143 1228 1216 1289 lacit
1237 1220 1392 1299 fututum,

88 1339 122 1392 ct
144 1349 233 1391 vocor
253 1331 386 1392 futurum
408 1331 481 1390 lacit
502 1329 640 1390 vocabor.
676 1338 707 1390 et
728 1337 865 1390 naturam
887 1328 1082 1407 longitudinis
1104 1346 1175 1390 suae
1198 1331 1229 1389 in
1252 1332 1380 1410 impera·

46 1449 73 1489 ro
89 1437 152 1494 tivo
179 1440 209 1493 et
235 1434 381 1493 infinitivo
409 1439 516 1493 servat.
560 1433 690 1493 secunda
718 1433 888 1510 coniugatio
915 1438 960 1501 est
993 1449 1067 1510 quac
1100 1431 1261 1493 indicativo
1293 1434 1381 1494 modo

88 1545 225 1615 ternpore
247 1536 398 1615 praesenti
421 1553 545 1595 numero
567 1534 712 1613 singulari
733 1553 862 1614 persona
879 1534 1009 1595 secunda
1025 1533 1116 1594 verbo
1139 1536 1234 1596 activo
1256 1542 1286 1597 et
1309 1554 1380 1596 neu-

88 1639 160 1700 trali
189 1658 205 1698 e
233 1638 407 1718 productam
434 1637 526 1699 habet
553 1644 620 1697 ante
649 1639 839 1697 novissimam
865 1635 1011 1706 litteram,
1040 1639 1157 1715 passivo
1179 1644 1328 1701 communi
1351 1649 1381 1702 et

85 1742 250 1821 deponenti
274 1747 343 1801 ante
365 1742 556 1801 novissimam
579 1739 738 1819 syllabam,
761 1746 794 1799 ut
815 1756 923 1799 moneo
944 1756 1063 1808 mones,
1086 1757 1209 1800 moneor
1232 1746 1379 1815 moneris;

86 1846 281 1923 futurumque
315 1848 432 1922 tempus
465 1842 618 1903 indicativi
653 1842 733 1902 modi
768 1842 864 1902 activo
898 1847 928 1901 et
956 1840 1083 1902 neutrali
1112 1842 1233 1920 quidem
1265 1846 1296 1905 in
1331 1845 1378 1916 bo,

48 1962 72 1999 ιθ
87 1949 207 2025 passivo
229 1947 379 2006 communi
402 1951 433 2005 et
454 1943 614 2023 deponenti
635 1946 667 2005 in
690 1943 745 2003 bor
767 1943 910 2023 syllabam
930 1945 1036 2012 mittit,
1060 1950 1093 2002 ut
1114 1962 1221 2004 moneo
1242 1946 1378 2015 monebo,

86 2068 213 2109 moneor
248 2046 406 2116 monebor;
441 2049 512 2107 item
540 2048 571 2107 in
600 2047 775 2125 imperativo
803 2052 833 2105 θῖ
860 2046 1007 2105 infinitivo
1034 2046 1155 2125 propria
1183 2047 1379 2125 productione
1425 2120 1428 2128 Ι

88 2157 238 2211 manente.
278 2152 366 2209 tertia
390 2146 559 2227 coniugatio
582 2148 690 2227 duplex
712 2154 768 2207 est.
794 2147 847 2208 sed
870 2148 935 2207 eius
958 2150 1052 2226 prima
1075 2166 1146 2227 pars
1169 2154 1214 2209 est
1235 2168 1310 2228 quae
1332 2154 1378 2211 in·

87 2254 218 2314 dicativo
240 2252 327 2313 modo
349 2249 491 2333 temlpore
513 2251 664 2330 praesenti
686 2268 810 2311 numero
832 2249 977 2327 singulari
993 2250 1123 2310 secunda
1137 2268 1264 2329 persona
1288 2252 1378 2313 verbo

87 2357 185 2441 activo
212 2362 243 2414 θῖ
270 2353 397 2416 neutrali
425 2355 435 2412 i
463 2359 632 2432 correptam
660 2350 751 2411 habet
779 2358 847 2411 θυῖθ
876 2353 1066 2413 novissimam
1088 2351 1235 2423 litteram,
1259 2357 1378 2433 passivo

50 2458 239 2517 recommuni
261 2463 291 2516 θῖ
313 2456 472 2534 deponenti
496 2473 512 2514 e
535 2461 703 2533 correptam
725 2472 779 2533 pro
802 2457 812 2514 i
834 2453 934 2514 littera
963 2454 1073 2532 accipit
1095 2460 1162 2514 ante
1185 2457 1378 2518 novissimam

87 2559 247 2638 syllabam,
271 2566 304 2619 ut
326 2558 391 2635 lego
413 2557 503 2635 legis,
531 2556 615 2633 legor
637 2555 762 2632 le'geris;
793 2562 823 2615 et
844 2556 977 2617 futurum
1000 2561 1117 2635 tempus
1139 2560 1235 2618 activo
1256 2559 1377 2637 quidem

88 2670 117 2721 et
139 2660 267 2721 neutrali
291 2662 323 2720 in
345 2678 406 2729 am,
430 2661 548 2739 passivo
570 2677 640 2718 vero
663 2665 693 2717 et
715 2660 864 2718 communi
892 2664 923 2717 et
944 2657 1104 2736 deponenti
1127 2661 1158 2719 in
1181 2636 1214 2720 ab
1236 2659 1377 2739 syllabam

87 2766 195 2832 mittit,
223 2770 255 2822 ut
283 2762 348 2840 lego
377 2762 486 2838 legant,
515 2763 598 2839 legor
626 2760 717 2837 legar.
763 2759 854 2820 altera
882 2762 998 2839 species
1025 2762 1131 2820 tertiae
1160 2762 1377 2839 coniugationis

87 2873 132 2927 est
160 2884 238 2946 quae
265 2867 431 2926 indicativo
457 2866 546 2926 modo
573 2870 707 2939 tempore
733 2864 894 2938 praesenti
918 2878 1043 2922 numero
1070 2865 1223 2937 stupratori
1248 2866 1377 2926 secunda

51 2984 75 3021 aa
88 2986 216 3048 persona
238 2966 331 3027 verbo
354 2967 449 3027 activo
472 2972 503 3026 et
524 2964 653 3027 neutrali
676 2966 686 3024 i
708 2964 883 3043 productam
905 2962 996 3023 habet
1024 2970 1091 3024 ante
1113 2967 1305 3027 novissimam
1326 2968 1376 3028 lit·

88 3080 197 3139 teram,
220 3071 338 3149 passivo
359 3070 508 3129 communi
530 3074 561 3128 et
583 3068 743 3147 deponenti
758 3071 825 3127 ante
842 3068 1032 3127 novissimam
1054 3064 1210 3145 syllabam,
1235 3073 1267 3127 ut
1289 3070 1377 3130 audio

88 3174 188 3241 audis,
223 3171 328 3231 audior
361 3170 483 3231 audiris.
527 3170 603 3229 banc
631 3188 690 3230 non
723 3168 796 3229 nulli
828 3174 964 3247 quartam
992 3170 1231 3247 coniugationem
1260 3178 1375 3250 putant,

88 3274 165 3354 quod
194 3274 328 3334 futurum
354 3279 471 3352 tempos
499 3279 529 3332 et
556 3274 587 3333 in
615 3290 662 3332 am
690 3278 720 3331 et
746 3273 777 3331 in
807 3270 845 3331 bo
873 3276 902 3331 et
924 3272 954 3330 in
976 3287 1015 3331 ar
1035 3277 1065 3331 et
1087 3274 1117 3331 in
1139 3272 1194 3332 bor
1214 3274 1321 3342 mittit,
1345 3280 1378 3333 ut

89 3376 176 3437 audio
198 3375 284 3437 audis
306 3375 423 3436 audiam
446 3374 570 3445 audibo,
593 3377 691 3435 servio
713 3377 807 3436 servis
830 3376 959 3435 serviam
983 3374 1102 3436 servibo
1136 3381 1165 3434 et
1193 3375 1298 3435 audior
1325 3395 1375 3437 au·

53 3480 163 3540 todiris
185 3477 289 3539 audiar
311 3477 447 3538 audibor.
485 3477 537 3538 sed
569 3478 646 3538 banc
673 3478 810 3557 plerique
838 3495 897 3537 non
921 3479 1072 3557 accipiunt
1093 3486 1261 3559 negantque
1283 3483 1314 3541 in
1338 3482 1376 3543 bo

89 3590 119 3641 et
139 3584 170 3642 in
193 3580 249 3642 bor
271 3581 353 3641 exire
374 3598 462 3659 posse
482 3582 602 3640 tertiam
624 3582 715 3653 istam
734 3581 988 3656 coniugationem‚
1004 3582 1063 3641 nisi
1087 3582 1117 3640 in
1133 3598 1168 3640 eo
1184 3580 1274 3642 verbo
1296 3585 1375 3663 quod

90 3686 120 3743 in
141 3686 238 3762 prima
265 3701 393 3763 persona
420 3683 575 3743 indicativi
604 3682 684 3742 modi
715 3683 859 3760 temporis
886 3682 1053 3760 praesentis
1076 3686 1191 3743 numeri
1214 3684 1375 3762 singularis

90 3805 105 3845 θ
129 3792 195 3847 θυῖθ
224 3783 416 3854 ohabucrit,
444 3791 478 3844 ut
505 3803 541 3844 eo
569 3803 654 3864 queo.
686 3789 756 3843 tunc
785 3784 865 3844 enim
892 3789 974 3843 recte
1003 3783 1062 3843 dici
1091 3802 1156 3845 eam
1178 3803 1301 3865 queam,
1324 3788 1375 3848 ibo

91 3888 189 3967 quibo.

59 4036 82 4075 u
171 4022 249 4084 lllud
276 4028 375 4083 tamen
403 4022 696 4083 animadvertendum
725 4030 785 4090 est,
814 4022 893 4102 quod
924 4024 1066 4103 quaedam
1097 4023 1185 4084 verba
1208 4032 1276 4087 sunt
1298 4044 1374 4105 quae

93 4144 148 4185 non
174 4124 299 4204 singulis
326 4124 587 4203 coniugationibus
613 4126 808 4186 inveniuntur
836 4124 963 4187 addicta.
1007 4125 1155 4186 interdurn
1183 4129 1262 4188 enim
1285 4128 1373 4189 binae

93 4296 389 4304 2—-——————-

159 4397 190 4448 10
208 4406 246 4446 est
264 4411 330 4459 qnae
345 4411 390 4446 om.
410 4396 465 4447 BL
537 4396 570 4447 12
587 4396 734 4463 productam
754 4413 768 4446 e
784 4396 849 4447 BM
917 4397 949 4449 le
967 4396 1054 4446 itidem
1074 4398 1100 4447 iu
1119 4399 1156 4461 (in
1172 4414 1217 4449 om.
1237 4398 1275 4465 L)
1292 4400 1372 4467 impe-

95 4468 171 4517 ratiuo
183 4476 208 4517 et
222 4467 349 4518 induitiuo
368 4468 468 4532 propria
487 4467 653 4532 productione
672 4476 789 4517 constant
806 4468 860 4517 BL
931 4466 962 4517 17
977 4466 1024 4517 aed
1041 4467 1114 4517 cuins
1133 4468 1166 4516 M
1214 4470 1249 4520 20
1268 4486 1282 4518 e
1300 4486 1346 4535 pro
1366 4472 1373 4519 i

96 4538 130 4589 lit.
149 4553 199 4591 cor.
216 4538 309 4603 accipit
328 4538 359 4585 M
377 4553 391 4586 e
409 4538 480 4603 proi
499 4548 640 4601 correptam
659 4536 767 4587 litteram
787 4538 879 4602 accipit
895 4536 920 4587 L
989 4536 1023 4587 23
1041 4536 1151 4604 species]
1171 4554 1231 4605 pers
1251 4539 1304 4589 BL

95 4608 125 4653 at
142 4622 203 4668 quaa
218 4608 244 4657 in
261 4608 375 4657 secondo
387 4607 413 4657 B
429 4623 494 4670 quae
511 4607 623 4657 secunda
642 4607 704 4657 ML
772 4609 805 4656 27
823 4616 848 4656 et
866 4606 933 4656 banc
950 4606 1065 4658 nonnulli
1083 4618 1197 4671 quartam
1215 4610 1373 4676 coniugatio-

96 4690 150 4724 nem
167 4678 294 4741 appellant
305 4678 361 4727 BL
429 4677 463 4727 te
481 4676 592 4726 loturum
612 4685 713 4743 tempus
731 4685 756 4726 et
768 4678 793 4727 in
812 4692 854 4726 am
872 4687 896 4726 et
911 4678 937 4725 in
956 4676 988 4727 bo
1006 4680 1082 4728 mittit
1095 4676 1127 4727 M
1144 4678 1255 4729 tutorum
1272 4688 1373 4747 tempus

97 4745 120 4791 in
137 4744 207 4796 boet
224 4748 248 4796 iu
268 4762 310 4797 am
328 4748 365 4808 (et
384 4762 425 4796 am
443 4749 479 4805 Ll
498 4747 574 4797 mittit
593 4747 649 4797 BL
718 4744 754 4795 30
774 4748 920 4811 acciperunt
941 4758 1084 4814 negantque
1103 4756 1127 4797 et
1141 4749 1167 4798 in
1189 4750 1220 4798 bo
1239 4758 1263 4799 et
1283 4750 1308 4799 in
1329 4752 1374 4801 bor

99 4812 129 4863 tt
175 4814 208 4866 35
224 4816 286 4869 illud
304 4817 559 4869 animaduertendum
571 4826 610 4868 ast
628 4816 697 4867 BL:
715 4816 795 4869 Diem.
811 4831 841 4878 p.
860 4815 920 4880 381,
940 4816 973 4867 10
