3350 5442
592 354 827 419 condendum
992 370 998 377 “
1296 351 1356 417 123

1186 477 1206 518 p.
1219 462 1294 505 du-ol
1308 462 1331 503 1.

91 558 145 609 tuor
162 544 351 607 sedecim-isti
364 552 441 615 suut.
458 544 739 625 proceleumaticus,
762 544 958 640 dispondeus„
975 544 1133 615 diiambus,
1157 543 1355 615 ditrochaeus,

89 652 187 711 ionicus
207 650 315 718 maior,
333 649 450 710 ionicus
466 649 574 718 minor,
593 650 780 729 antispastus,
801 646 1000 719 choriambus,
1019 653 1157 728 quattuor
1178 665 1306 728 paeones
1328 654 1357 707 ει

89 758 210 830 quatuor
224 750 346 830 epitriti.
364 751 412 811 isti
426 756 497 812 suut
512 751 614 829 viginti
626 757 656 811 et
668 758 734 812 octo
751 750 852 830 pedes,
864 752 922 811 iam
940 750 976 811 de
993 752 1124 831 quinque
1140 747 1259 829 syllabis
1277 748 1355 810 etde

88 872 132 915 sex
149 851 261 933 syllabis
282 871 345 913 uon
365 862 435 914 sunt
455 852 557 933 pedes,
571 852 625 914 sed
640 850 826 934 appellantur
845 854 1000 933 synzygiae
1025 850 1251 933 [declinationes
1266 870 1355 932 quae·

26 973 27 980 ¹
69 954 166 1035 sdan}
177 962 210 1016 ει
221 962 291 1035 puta
307 955 499 1017 insanissimi:
516 958 547 1017 in
562 974 593 1017 sa
608 958 655 1017 nis
670 957 696 1017 si
710 955 752 1016 mi
766 956 896 1035 quinque
911 961 988 1024 sunt,
1002 972 1062 1016 non
1076 972 1234 1035 possumus
1250 954 1356 1034 pedem

87 1058 172 1119 dicere
187 1076 250 1119 csse
264 1059 294 1118 in
307 1056 365 1120 hoc
377 1058 478 1129 verbo,
490 1058 542 1119 sed
557 1057 683 1119 dicimus
697 1059 876 1138 synzygiam.
893 1075 953 1137 quo
967 1056 1075 1117 modoi
1090 1057 1201 1117 insanis
1212 1055 1357 1118 molossus

87 1167 136 1229 εει,
156 1160 219 1219 simi
240 1159 356 1222 iambus
378 1168 432 1221 cst.
477 1178 547 1239 ergo
569 1162 629 1221 iam
651 1170 779 1240 conputo
802 1160 877 1221 duos
904 1158 1004 1239 pedes.
1037 1158 1098 1241 [vel
1121 1158 1158 1219 de
1179 1158 1238 1219 illis
1260 1158 1356 1238 dupli-

86 1258 178 1340 cibus].
219 1260 266 1321 rel
289 1260 326 1322 de
348 1260 461 1323 duabus
482 1261 602 1342 syllabis
624 1260 670 1323 vel
692 1260 729 1323 de
751 1260 846 1324 tribus
861 1260 905 1321 uel
927 1261 963 1322 de
978 1268 1117 1341 quattuor
1132 1260 1251 1342 syllabis
1265 1260 1357 1341 pedes

46 1442 54 1457 ‘
86 1380 140 1423 esse
158 1370 294 1441 possunt,
317 1363 375 1425 hoc
397 1370 442 1425 est
463 1382 556 1446 usque
578 1364 615 1425 ad
637 1372 776 1445 quattuor
797 1361 923 1444 syllabas
945 1364 1035 1443 pedes
1057 1363 1209 1432 dicuntum
1233 1380 1248 1423 a
1270 1364 1356 1442 quin·

58 1482 132 1545 nque
150 1465 206 1525 ianr
228 1472 258 1525 et
278 1484 331 1527 sex
353 1468 509 1548 synzygiae
531 1466 677 1528 dicuntur.
722 1465 774 1526 sed
796 1467 874 1527 scire
893 1470 897 1541 Ι
918 1464 1009 1527 debes
1032 1467 1169 1547 quoniam
1190 1465 1227 1527 de
1242 1464 1358 1525 duabus

86 1566 187 1649 syllabis
214 1573 355 1645 quattuor
382 1575 496 1630 tanturn
525 1568 686 1638 habemus,
714 1568 752 1629 de
780 1567 876 1630 tribus
905 1576 972 1629 octo
995 1575 1122 1639 tanturm
1152 1566 1190 1628 de
1218 1573 1358 1645 quattuor

85 1669 206 1730 sedecim.
251 1668 290 1729 de
312 1670 443 1750 quinque
465 1672 585 1749 triginta
607 1670 666 1731 duo
687 1670 776 1742 irunt,
806 1671 843 1731 de
871 1688 923 1732 sex
950 1671 1100 1748 sexaginta
1124 1676 1263 1747 quattuor
1286 1669 1359 1731 liunt

85 1772 232 1852 synzygiae.
255 1779 301 1833 est
323 1770 400 1832 liber
428 1771 466 1833 dc
494 1774 655 1854 synzygiis;
685 1772 738 1833 sed
766 1772 840 1833 nihii
868 1772 976 1842 relert,
1004 1771 1090 1833 lacile
1118 1770 1175 1833 hoc
1202 1790 1358 1851 possumus

84 1876 157 1933 seire.
197 1880 269 1953 puta
290 1891 370 1953 pone
393 1875 543 1955 quinque:
588 1874 625 1935 de
652 1876 783 1953 quinque
810 1873 929 1953 quando
955 1876 1011 1935 ista
1033 1874 1132 1935 brevis
1160 1881 1204 1935 est
1224 1874 1306 1954 prior
1329 1881 1359 1934 ει

55 1991 173 2037 somnes
192 1977 314 2055 longae,
337 1994 408 2037 ecce
429 1994 489 2038 una
511 1978 664 2057 synzygia;
693 1975 810 2056 quando
831 1978 905 2037 istae
932 1974 1038 2037 breves
1060 1984 1141 2045 suut,
1164 1975 1195 2036 id
1218 1982 1262 2037 est
1283 1975 1358 2037 duae

84 2080 194 2157 primae,
217 2085 248 2139 et
270 2085 388 2139 ceterae
410 2076 531 2157 longae,
555 2096 625 2140 ecce
647 2079 739 2139 altera
761 2078 912 2159 synzygia:
936 2078 1054 2159 quando
1076 2080 1231 2140 isinotres
1251 2078 1358 2139 breves

83 2187 143 2241 sunt
161 2188 189 2241 et
209 2187 327 2242 ceterae
349 2178 470 2258 longae,
498 2180 617 2261 quando
639 2187 777 2261 quattuor
798 2179 919 2259 longae,
947 2179 996 2240 illa
1019 2180 1117 2241 breuis
1140 2186 1185 2241 est
1223 2198 1242 2234 e
1264 2181 1357 2241 varie·

82 2290 147 2342 tates
166 2284 245 2363 ipsae
267 2300 328 2343 non
349 2284 527 2362 perveniunt
547 2284 604 2345 nisi
625 2300 719 2363 usque
747 2282 783 2345 ad
806 2283 926 2361 triginta
948 2281 1159 2368 duastspecies
1180 2281 1356 2362 pentasylla-

81 2384 184 2446 barurn.
210 2386 284 2446 item
306 2385 463 2446 varietates
484 2384 739 2466 hexasyllabarum
762 2402 824 2445 non
846 2385 1023 2463 perueniunt
1043 2386 1100 2445 nisi
1116 2401 1208 2462 usque
1224 2384 1260 2445 ad
1275 2402 1357 2445 sexa-

53 2488 153 2563 sginta
173 2494 312 2567 quattuor
333 2488 458 2567 species.
502 2488 545 2546 vis
565 2487 643 2547 scire
666 2505 770 2547 rerum
793 2504 872 2555 esse,
902 2488 1041 2567 quoniam
1070 2487 1127 2547 hoc
1151 2493 1197 2548 est
1217 2485 1357 2547 naturali·

82 2596 133 2658 ter,
153 2606 206 2649 nec
227 2587 296 2669 plus
318 2597 404 2670 potes
425 2589 576 2650 invenire?
609 2606 678 2650 ecco
713 2588 749 2649 de
771 2586 921 2668 disyllabis
943 2587 1000 2650 boc
1023 2587 1145 2667 colligis.
1191 2588 1266 2650 duae
1288 2596 1359 2649 sunt

79 2690 205 2769 syllabae.
248 2691 320 2771 quid
342 2692 386 2752 vis
409 2708 474 2753 esse
495 2692 566 2752 istas
587 2690 732 2771 syllabas?
760 2697 811 2752 aut
838 2689 941 2751 ambae
970 2689 1076 2752 breves
1097 2699 1179 2760 sunt,
1208 2709 1278 2753 ecce
1301 2709 1358 2752 una

83 2795 200 2872 speeies;
233 2801 286 2855 εει
307 2793 413 2855 ambae
434 2792 540 2872 longae
561 2800 645 2863 sunt,
669 2811 738 2854 ecce
761 2791 854 2853 altera
875 2794 1004 2872 speeies:
1028 2799 1077 2853 aut
1098 2794 1181 2872 prior
1204 2791 1300 2853 brevis
1316 2799 1359 2853 est

80 2904 106 2955 et
123 2896 266 2975 posterior
287 2894 391 2974 longa;
413 2905 464 2957 εει
483 2897 568 2975 prior
588 2895 677 2975 longa
700 2903 746 2957 εει
767 2903 798 2956 ει
818 2896 966 2975 posterior
989 2893 1096 2957 brevis.
1139 2896 1239 2955 inueni
1262 2893 1357 2965 aliam,

51 2998 208 3076 sosipetes.
254 2996 393 3078 qrricquid
415 2998 540 3069 dixeris,
563 2998 623 3059 buc
644 2998 798 3076 redigitur.
846 3016 950 3059 ornnes
972 2999 1088 3080 numeri
1111 2998 1260 3059 varietatis
1280 2998 1359 3056 intra

79 3108 207 3177 qrrattuor
228 3102 344 3181 specics
366 3102 541 3163 consistunt.
587 3108 617 3161 ει
644 3119 702 3180 quo
732 3099 820 3161 modo
848 3099 976 3161 diximus
999 3100 1036 3161 de
1057 3097 1221 3181 disyllabis,
1251 3099 1294 3160 sic
1322 3097 1359 3159 dc

79 3201 240 3282 trisyllabis,
264 3204 307 3264 sic
330 3202 368 3263 de
388 3202 596 3282 tetrasyllabis.
640 3204 714 3265 istac
735 3212 805 3265 sunt
826 3204 991 3283 synzygiae.
1022 3200 1027 3284 Ι

154 3304 284 3366 Diximus
305 3306 386 3365 arsin
409 3312 439 3365 et
459 3304 558 3366 thesin
572 3303 693 3367 babere
714 3304 843 3386 aliquam
865 3307 1020 3366 rationem.
1066 3312 1201 3384 tempora
1222 3306 1253 3365 in
1276 3303 1359 3383 pedi·

78 3404 128 3466 bus
148 3407 324 3485 tripertitam
348 3404 459 3468 babent
480 3406 663 3468 divisionem.
709 3415 760 3468 aut
786 3422 882 3484 aequa
909 3400 1017 3467 di'citur
1044 3405 1163 3477 divisio,
1187 3412 1237 3467 εει
1259 3405 1358 3485 dupla,

51 3516 122 3567 aaut
141 3506 275 3589 sescupla
296 3508 420 3584 dicitur,
444 3527 500 3570 neo
520 3518 606 3589 potes
627 3511 762 3571 invenire
784 3506 870 3570 eliam
894 3509 1076 3570 divisionem.
1121 3510 1195 3571 istae
1215 3515 1277 3570 tres
1292 3516 1361 3569 sunt

77 3616 196 3678 unium,
219 3628 313 3690 aequa
336 3610 424 3691 dupla
451 3612 595 3691 sescupla.
646 3630 741 3693 aequa
769 3610 878 3673 dicitur
910 3617 939 3671 et
960 3611 1116 3693 dactylica;
1147 3630 1223 3691 quae
1253 3610 1359 3671 dicitur

76 3710 170 3790 depla,
193 3710 300 3774 dicitur
327 3721 357 3774 ει
385 3711 526 3782 iambica;
556 3714 693 3793 sescupla
721 3713 830 3775 dicitur
859 3722 888 3774 ει
916 3714 1067 3793 paeonica.
1110 3713 1359 3790 videamusque

77 3813 165 3873 nodo.
209 3832 285 3893 qrrae
308 3822 353 3875 est
374 3832 481 3893 aequa,
504 3834 580 3895 qnae
603 3815 706 3897 dupla,
729 3834 804 3897 quae
826 3814 980 3895 sescupla?
1003 3834 1096 3895 aequa
1120 3815 1229 3877 dicitur
1244 3814 1357 3885 divisio,

76 3918 203 3993 quotiens
225 3924 270 3977 tot
292 3923 427 3996 tempora
449 3917 539 3979 habet
560 3919 648 3988 arsis,
672 3926 743 3999 quot
765 3924 794 3979 et
815 3918 919 3979 tbesis.
964 3936 1055 3979 unum
1078 3926 1107 3979 et
1129 3936 1221 3979 uuum
1240 3923 1359 3998 tempus

1371 3283 1430 3344 css,
1445 3284 1477 3333 zo
1557 3249 1560 3258 “

1372 3351 1430 3411 4e1,
1446 3353 1475 3399 11

133 4092 150 4137 l
167 4087 354 4137 declinationes
372 4087 496 4151 quaedem
515 4088 669 4153 adscriptam
688 4105 744 4141 erse
764 4088 871 4152 videtur,
892 4095 918 4138 ul
932 4088 1138 4139 declinationibus
1151 4088 1297 4155 qmbusdam
1314 4102 1358 4137 zo-

76 4160 151 4207 ·imr
163 4165 190 4208 ει
205 4157 340 4207 uerborum
356 4159 446 4223 longas
461 4158 637 4209 vocabulorum
653 4160 761 4223 sannas,
779 4175 844 4223 patae
854 4159 993 4225 synzygiae
1011 4158 1163 4221 dioecesan,
1181 4159 1249 4222 effici
1262 4156 1358 4207 indica-

77 4237 137 4279 nter
187 4226 366 4295 bsynzygiaa
383 4226 408 4276 Α
415 4227 474 4278 BG.
518 4229 594 4280 ivel
612 4230 646 4279 de
663 4230 713 4279 illis
730 4228 885 4294 duplicibus,
904 4230 954 4277 uisi
968 4230 1047 4293 picra
1063 4229 1109 4278 doc
1126 4231 1182 4280 loco
1197 4228 1357 4287 caeciderunt,

77 4300 104 4346 ad
126 4316 158 4350 ea
185 4313 253 4364 quae
276 4304 424 4364 aequamur,
449 4297 489 4349 vel
504 4298 537 4348 dc
553 4300 653 4350 duabus
671 4298 776 4361 syllabis
793 4298 833 4347 vel
850 4299 882 4347 de
900 4298 990 4357 tribus,
1010 4298 1140 4363 adscripta
1159 4312 1215 4348 ease
1232 4296 1357 4347 uidentur.

76 4384 121 4417 εει
138 4376 260 4434 φειιιειεν
281 4376 308 4419 et
329 4383 380 4419 aaa
398 4369 552 4435 aptabam
568 4371 661 4433 pedes,
676 4370 736 4433 puio
753 4368 886 4433 disyllabis
903 4370 943 4418 ael
958 4366 1097 4433 ampliabo
1112 4368 1243 4431 geminatis
1257 4369 1357 4429 sinent,

77 4438 179 4503 duplices
195 4440 322 4490 deberent
336 4441 504 4503 praemetiri:
524 4440 559 4497 cs.
573 4441 644 4500 infra
659 4454 686 4501 p.
701 4439 736 4489 ot
807 4437 931 4489 delirae
950 4438 1027 4486 cstA
1100 4438 1130 4489 17
1145 4437 1188 4486 ille
1206 4437 1290 4487 brevis
1309 4445 1357 4496 est,

77 4523 122 4558 w
139 4510 216 4559 tertia
232 4518 258 4559 et
280 4519 371 4572 quarta
389 4510 511 4575 syzygia,
535 4511 667 4558 varietates
685 4510 758 4573 ipsae
774 4511 880 4559 coniecit
899 4507 1091 4560 Lindemanuua.
1117 4507 1165 4557 red
1182 4510 1270 4572 plures
1286 4508 1359 4557 etiam

77 4581 201 4629 evisam
218 4582 276 4628 aliar
294 4586 457 4629 cmoaeratae
471 4578 554 4641 fuisse
570 4579 694 4631 oideatm.
722 4594 801 4644 quare
818 4580 931 4628 lacunam
946 4579 1055 4628 iudicari
1139 4576 1172 4628 18
1193 4578 1265 4643 ipsae
1285 4577 1358 4627 BCa

78 4649 155 4711 naz
226 4648 260 4699 zl
280 4655 365 4713 potest
381 4648 497 4697 inuenire
514 4648 540 4697 Α
557 4655 641 4714 potest
661 4650 769 4699 inueniri
788 4649 840 4700 Bc
889 4644 1085 4711 colligitABC
1152 4649 1187 4697 ‘22
1204 4662 1263 4697 ecco
1279 4648 1359 4697 altera

78 4718 227 4767 dscoealia
242 4718 316 4769 Boe
387 4717 575 4769 dbconsistent
591 4718 642 4768 Ad
709 4720 742 4768 27
761 4717 835 4786 istae]
852 4720 924 4784 ipsae
940 4718 1024 4769 ABG
1091 4716 1276 4767 derideamus
1294 4733 1356 4780 quo-

76 4789 139 4838 uado
154 4798 217 4838 aaut
239 4789 305 4837 istac
325 4802 409 4851 aequa
431 4788 525 4837 dicitur
542 4790 567 4839 L
652 4786 687 4839 34
705 4790 772 4840 ersis
792 4788 866 4854 (quot
884 4788 945 4839 add.
962 4787 993 4852 a)
1019 4795 1042 4838 ει
1066 4787 1145 4838 thesis
1166 4802 1246 4850 aeque
1267 4788 1359 4836 dicitur

77 4857 156 4911 baisio
174 4873 228 4909 ona
249 4866 275 4908 et
291 4872 371 4909 unam
389 4867 414 4908 ct
430 4872 507 4907 unum
527 4868 626 4924 tempus
644 4858 670 4907 A
