3350 5442
315 299 376 364 118
642 362 645 367 ,
889 302 1040 366 ΡΟΜΡΕΠ

326 424 362 470 .r·
375 412 451 453 ⁴⁸4⁰
464 412 486 451 ¹*
658 442 660 447 ·
1657 394 1658 467 l

315 494 423 555 desinit
444 495 476 553 in
500 512 589 554 urtam
611 499 840 563 consonantem,
869 491 921 553 sed
943 494 974 553 io
996 491 1128 555 vocalem
1151 494 1260 555 desinit
1280 503 1330 556 aut
1352 494 1460 569 desiuit
1481 498 1511 557 in
1531 498 1597 559 duas
1657 470 1658 517 1

315 602 513 657 consonantes
542 603 571 656 et
596 612 652 674 pro
682 594 829 656 voluntate
858 594 993 657 habetur.
1037 598 1089 676 qui
1116 585 1370 659 nesciat'omnem
1392 600 1516 679 primam
1537 618 1598 680 per·
1657 610 1658 613 ’

316 716 421 760 seuam
442 696 527 757 verbi
548 704 717 776 correptam
742 714 808 758 esse
818 696 931 778 absque
954 697 1183 778 monosyllabis?
1207 700 1367 780 ‘incipio
1391 718 1500 781 super
1516 701 1597 762 bis':
1657 756 1658 773 ,

315 802 440 879 incipio,
465 818 483 859 o
506 798 605 861 brevis
628 807 672 860 est
694 797 868 860 naturaliter
891 808 920 860 et
941 808 1041 861 tamen
1062 799 1150 879 longa
1173 807 1218 861 est
1239 801 1289 863 ibi.
1334 804 1445 882 quare?
1474 804 1540 881 quia
1559 805 1598 863 in·
1657 856 1658 861 ,

316 903 394 983 cipio
416 920 434 962 o
455 909 572 981 partem
592 902 734 963 terminat
751 902 757 979 l
776 902 927 961 orationis.
972 904 1037 982 ipse
1060 903 1147 964 etiam
1169 904 1283 982 primus
1298 922 1400 966 versus
1424 909 1538 967 ‘arma
1559 907 1620 980 ris
1657 904 1658 925 ³

315 1022 469 1082 rumque
492 1007 616 1065 cano’:
640 1006 752 1064 armari
773 1021 936 1084 rumqueca
958 1011 1056 1073 notro,
1081 1023 1120 1065 no
1136 1004 1234 1067 brevis
1250 1012 1307 1076 est,
1331 1012 1431 1068 tamen
1453 1005 1601 1085 prolonga
1657 1086 1658 1089 Ἴ

316 1107 453 1169 babetur.
497 1125 554 1168 nec
576 1105 657 1167 dicas
680 1104 761 1175 mibi,
784 1107 933 1185 positione
955 1107 987 1167 lit
1008 1105 1104 1185 longa.
1136 1126 1211 1168 uon:
1234 1126 1302 1169 nam
1325 1108 1432 1189 liquida
1455 1128 1515 1169 non
1530 1110 1602 1168 iurat
1657 1094 1658 1129 ³

316 1212 377 1271 nisi
398 1211 430 1270 in
451 1211 516 1289 ipsa
537 1217 623 1288 parte
645 1209 803 1277 orationis,
827 1208 859 1267 in
881 1207 937 1269 alia
961 1226 1019 1270 non
1043 1210 1130 1269 iuvat.
1162 1208 1272 1290 liquida
1294 1217 1357 1272 tum
1379 1216 1477 1291 potest
1499 1212 1602 1279 iuvare,
1657 1216 1658 1219 ’

317 1313 455 1393 quotiens
477 1312 509 1371 iu
530 1311 595 1390 ipsa
616 1317 701 1390 parte
723 1310 866 1371 orationis
888 1311 993 1380 luerit;
1017 1312 1153 1391 quotiens
1174 1329 1245 1373 vcro
1266 1314 1298 1373 iu
1321 1312 1377 1375 alia
1399 1320 1486 1393 parte
1501 1314 1603 1373 oratio·

317 1415 363 1475 nis
385 1414 489 1483 luerit,
513 1430 573 1474 non
595 1415 683 1473 iuvat.
729 1420 871 1492 atquem
894 1410 931 1473 ad
957 1412 1078 1475 modum
1102 1412 1228 1475 diximus
1255 1412 1329 1475 illud
1351 1416 1488 1494 superios
1512 1433 1633 1476 exem-u

318 1514 399 1597 plum
422 1517 534 1596 ‘patris
555 1516 667 1590 amnr’,
691 1532 729 1595 pa
752 1513 819 1574 ideo
843 1516 875 1575 lit
895 1512 997 1592 longa,
1022 1516 1160 1594 quoniam
1183 1518 1318 1596 sequitur
1340 1524 1436 1587 latr,
1462 1518 1532 1579 etin
1552 1534 1604 1577 una
1657 1494 1658 1555 l

317 1626 402 1698 parte
425 1619 566 1679 orationis
589 1626 642 1678 est.
676 1636 703 1684 ,e
725 1617 875 1677 contrario
899 1621 998 1678 ‘arma
1019 1618 1176 1698 virumque
1198 1636 1272 1680 cano
1296 1622 1370 1690 tro',
1393 1621 1425 1680 in
1447 1618 1505 1681 alio
1520 1618 1605 1679 verbo
1657 1684 1658 1697 1

303 1716 365 1781 'est
386 1739 440 1790 no,
463 1722 494 1781 in
517 1719 574 1780 alio
595 1726 652 1786 tro.
697 1717 755 1779 boc
776 1718 856 1798 apud
871 1716 991 1780 Latinos
1013 1728 1160 1790 servatur,
1185 1719 1262 1801 apud
1285 1720 1415 1782 Graecos
1437 1740 1498 1783 non
1513 1740 1606 1782 serra·
1657 1716 1658 1767 ἶ

320 1830 378 1883 tur.
421 1820 522 1883 nullus
544 1840 643 1882 sermo
665 1818 774 1882 latinus
795 1827 896 1901 potest
922 1821 987 1882 fieri
1013 1822 1163 1901 positione
1184 1822 1290 1901 longus
1312 1832 1457 1903 sequente
1478 1832 1558 1885 muta
1580 1833 1605 1884 et
1657 1806 1658 1893 l

320 1924 430 2005 liquida
457 1942 515 1984 una
544 1925 575 1983 in
602 1923 658 1984 alia
685 1930 771 2003 parte
798 1924 949 1984 orationis.
999 1925 1183 2003 apertissime
1211 1924 1267 1985 boc
1301 1925 1376 1985 dixit
1402 1926 1604 1994 Terentianus,
1618 1916 1658 2007 1⁵}

319 2027 383 2105 ipse
406 2025 464 2086 hoc
486 2025 563 2087 bene
585 2024 695 2086 docuit.
740 2024 794 2085 sed
817 2024 896 2094 ride,
920 2025 991 2105 quid
1014 2024 1067 2086 tibi
1089 2026 1164 2096 dixi,
1189 2030 1349 2107 ‘sequente
1372 2034 1454 2089 muta
1477 2036 1506 2088 et
1527 2026 1607 2107 liqui·

320 2128 385 2188 da’.
431 2146 469 2188 ne
491 2127 571 2189 dieas
594 2127 666 2188 mibi
688 2126 782 2188 ‘unde
805 2128 899 2206 spissa
923 2132 1034 2197 coma',
1059 2147 1151 2208 quare
1173 2128 1211 2189 de
1233 2128 1321 2207 longa
1343 2130 1405 2189 esti
1428 2132 1496 2209 quia
1520 2149 1535 2189 s
1556 2148 1607 2189 nec

322 2230 431 2311 lmuta
459 2238 588 2291 estnec
621 2229 746 2310 liquida,
775 2227 844 2289 ideo
873 2229 905 2290 ut
932 2228 1029 2308 longa.
1076 2248 1148 2309 ergo
1176 2216 1217 2293 ait
1244 2232 1287 2291 sic
1314 2230 1462 2299 Donatus,
1486 2229 1609 2312 ‘syllaba
1657 2226 1658 2287 l

321 2350 396 2412 quae
417 2341 534 2412 partem
556 2333 695 2393 terminat
717 2332 876 2402 orationis,
907 2333 932 2392 si
959 2332 988 2391 in
1016 2350 1105 2393 unam
1134 2332 1249 2394 desinat
1281 2342 1510 2402 consonantem,
1535 2340 1565 2392 et
1585 2334 1608 2391 si
1657 2358 1658 2371 ¹

321 2434 419 2496 brevis
440 2436 492 2504 sit,
514 2452 569 2513 pro
593 2432 678 2513 longa
701 2433 854 2495 babetur'.
899 2439 932 2494 ut
958 2440 1026 2513 puta
1051 2436 1148 2495 ‘nam
1176 2433 1247 2495 tibi
1269 2434 1453 2513 Thymbre
1475 2437 1658 2513 caputbn

321 2544 374 2617 put
396 2535 494 2597 brevis
516 2545 574 2606 est,
598 2535 782 2606 sedimen,
809 2536 949 2615 quoniam
971 2554 990 2595 u
1013 2536 1045 2596 in
1068 2555 1157 2597 unam
1174 2536 1282 2598 desinit
1298 2544 1521 2607 consonantem,
1544 2537 1610 2596 licet
1657 2580 1658 2605 ς

320 2646 401 2701 muta
424 2647 605 2709 esttamen,
629 2639 768 2719 quoniam
790 2646 905 2717 partem
928 2639 1067 2698 terminat
1088 2638 1240 2708 orationis,
1263 2657 1320 2718 pro
1341 2638 1429 2717 leuga
1445 2646 1498 2702 est.
1522 2637 1610 2699 babes
1657 2646 1658 2727 ᾗ

319 2744 351 2802 in
372 2743 437 2821 ipso
458 2740 588 2819 Vergilio

474 2843 568 2903 dona
589 2842 725 2903 debinc
748 2860 835 2904 auro
858 2844 984 2921 gravia
1006 2851 1186 2923 sectoque
1210 2840 1433 2925 elephantos

322 2946 399 3006 dona
422 2943 530 3006 debinc
552 2939 627 3005 auro
648 2946 763 3022 gravia,
787 2964 858 3007 ecce
880 2964 915 3005 ro
937 2946 1045 3023 gravia.
1090 2947 1140 3024 qui
1168 2946 1279 3006 nesciat
1306 2962 1400 3022 genus
1423 2954 1561 3006 neutrum
1584 2946 1658 3015 inae,

322 3065 447 3107 numero
469 3045 578 3126 plurali
600 3048 731 3125 corripi?
760 3044 844 3107 arma'
870 3048 1026 3127 virumque
1055 3065 1144 3107 cauo:
1174 3066 1270 3117 arma,
1300 3067 1316 3108 a
1340 3048 1515 3127 corripitur,
1546 3049 1612 3127 quia

320 3150 440 3228 generis
461 3152 560 3210 neutri
582 3155 636 3210 est.
681 3165 753 3227 ergo
775 3148 875 3219 babes,
900 3168 975 3229 quae
997 3158 1113 3229 partem
1135 3150 1275 3211 terminat
1298 3152 1443 3211 orationis
1466 3148 1547 3211 uulla
1564 3166 1612 3207 ro·
1657 3154 1658 3161 ’

323 3252 379 3313 cali
402 3258 616 3332 consequente,
639 3257 740 3312 tamen
761 3269 818 3331 pro
840 3250 928 3331 longa
950 3250 1063 3312 baberi.
1657 3254 1658 3261 ’

204 3348 263 3405 tat,
277 3348 309 3396 att
407 3354 480 3415 nem
503 3356 528 3415 si
551 3353 756 3433 diphthongon
778 3352 888 3413 vocalis
911 3362 1061 3433 sequatur¹
1106 3352 1268 3433 qualisvis
1291 3352 1356 3415 talis
1382 3354 1441 3414 esti
1463 3351 1512 3414 illa
1529 3350 1611 3431 diph-

204 3416 263 3477 taa,
279 3416 310 3464 14

323 3455 450 3535 thongus
471 3455 541 3518 licet
562 3454 737 3517 naturaliter
758 3453 846 3533 longa
869 3456 923 3525 sit,
947 3462 1044 3515 tamen
1069 3461 1165 3534 potest
1186 3474 1242 3534 pro
1263 3454 1347 3517 brevi
1369 3456 1449 3536 poni.
1474 3455 1612 3516 ‘illusae
1625 3474 1647 3511 ao

322 3557 515 3619 Aouides':
558 3559 660 3620 Musae
686 3556 837 3637 spondeos
866 3565 924 3626 est,
955 3556 1024 3618 lioet
1059 3564 1197 3637 sequatur
1225 3558 1369 3626 Aonides;
1399 3576 1415 3617 a
1443 3574 1502 3617 nou
1529 3554 1614 3616 solvit
1657 3566 1658 3619 ς

321 3659 411 3721 illam.
456 3658 560 3721 inillo
589 3659 724 3739 exemplo
754 3659 918 3720 ‘insulae
946 3656 1050 3720 lonio
1079 3660 1116 3719 in
1143 3662 1290 3739 magno'
1320 3659 1454 3721 solvitur.
1498 3655 1612 3718 insulae
1657 3642 1658 3645 ¹

322 3760 542 3842 amphimacrus
563 3770 623 3833 est,
652 3761 704 3823 sed
732 3763 873 3840 quoniam
901 3762 1034 3841 sequitur
1056 3760 1154 3832 Ionio,
1182 3760 1324 3823 ivocalis
1351 3760 1436 3822 solvit
1462 3758 1559 3830 illam,
1587 3766 1615 3819 et

320 3865 481 3944 incipimus
504 3862 603 3926 dicere
625 3884 685 3926 non
709 3883 775 3927 esse
789 3864 1039 3947 amphimacrum,
1064 3863 1116 3925 sed
1132 3862 1293 3944 dactylum,
1317 3864 1460 3945 quoniam
1483 3861 1613 3922 vocalem
1657 3854 1658 3915 ᾗ

321 3966 431 4028 vocalis
463 3968 604 4047 sequitur.
649 3966 701 4027 sed
728 3965 785 4026 hoc
817 3984 878 4026 non
912 3975 957 4026 est
988 3964 1040 4025 ubi
1066 3964 1184 4045 longam
1212 3963 1353 4045 syllabam
1380 3964 1490 4027 vocalis
1517 3964 1658 4053 sequi-ae

322 4077 379 4131 tur.
424 4078 493 4131 riam
525 4069 571 4129 iac
604 4066 692 4129 talem
724 4086 859 4139 versum,
888 4066 1016 4129 ‘insulas
1043 4068 1126 4129 lonio
1153 4070 1184 4129 in
1213 4072 1348 4147 magno';
1376 4066 1420 4129 las
1446 4066 1535 4147 longa
1563 4074 1613 4137 est,

393 4322 532 4391 3incipio]
558 4326 636 4389 Verp.
657 4323 721 4376 Aen.
743 4323 831 4375 11348
895 4324 995 4388 superis
1012 4324 1066 4375 Bc
1081 4324 1197 4391 superius
1215 4340 1283 4377 corr.
1304 4324 1404 4389 superis
1420 4324 1445 4373 A
1500 4322 1532 4374 13
1546 4322 1614 4387 apud

324 4396 433 4447 Graecos
445 4410 497 4446 nou
510 4405 627 4445 servatur
644 4408 690 4447 om.
705 4394 770 4450 ΑΟ,
786 4394 847 4447 odd.
861 4409 897 4443 ae
952 4394 983 4444 tt
997 4408 1080 4445 sermo
1094 4395 1306 4448 comdemnat?
1320 4409 1411 4445 uersus
1425 4394 1474 4444 ΑΟ-
1525 4394 1557 4445 15
1571 4394 1615 4440 Te—

324 4463 463 4532 rentianus]
484 4481 508 4517 a.
529 4462 596 4516 1192
614 4480 670 4531 app.
755 4465 790 4515 20
809 4459 878 4527 nam]
905 4464 983 4528 Verp.
1004 4464 1071 4517 Aen.
1090 4462 1115 4512 X
1133 4464 1184 4515 3114
1272 4466 1307 4515 '22
1329 4473 1428 4530 partem
1455 4465 1574 4514 terminat
1591 4462 1616 4511 B

319 4543 423 4601 'partem
439 4535 586 4598 terminault
599 4534 620 4585 0
635 4534 753 4585 terminat
768 4544 865 4602 portem
880 4533 904 4582 Α
920 4540 1018 4597 partem
1036 4534 1180 4584 terminabit
1198 4552 1216 4584 a
1268 4536 1301 4585 at
1319 4534 1385 4584 dono
1400 4534 1434 4585 0:
1457 4536 1535 4600 Verp.
1548 4533 1613 4583 Aen.

326 4604 428 4657 111464
512 4604 642 4671 eliphanto
661 4604 686 4653 Α
772 4605 806 4655 ab
824 4603 891 4653 douo
907 4618 975 4653 corr.
990 4603 1095 4654 donati
1178 4604 1210 4656 31
1230 4614 1381 4668 aequatura
1397 4604 1504 4654 aonides
1523 4617 1572 4651 non
1591 4603 1615 4652 B

325 4682 415 4738 aequat
435 4690 451 4723 a
473 4675 579 4725 aonides
602 4689 653 4723 non
672 4675 693 4725 0
714 4683 835 4738 sequatur
853 4672 884 4737 (a
901 4674 962 4724 odd.
982 4668 1029 4737 ὤ)
1047 4673 1147 4723 aonidie
1171 4689 1222 4725 non
1240 4672 1265 4724 Α
1348 4674 1382 4725 32
1399 4670 1510 4740 insulae]
1535 4674 1615 4736 Verp.

325 4746 391 4798 Aen.
411 4745 446 4794 lll
465 4746 515 4800 att
587 4744 620 4795 35
638 4745 734 4794 vocalis
752 4744 867 4807 sequitur
880 4742 926 4793 aed
944 4742 993 4793 boc
1010 4743 1045 4792 lbi
1061 4744 1104 4793 ubi
1122 4744 1225 4795 brevem
1243 4744 1367 4810 syllabam
1385 4745 1484 4795 vocalis
1502 4742 1616 4805 eeqrritur

326 4814 373 4866 sed
390 4815 439 4865 hoc
455 4829 506 4865 non
522 4822 561 4865 eet
576 4814 619 4863 ubl
633 4815 736 4883 longam
755 4814 880 4880 syllabam
898 4814 992 4863 vocalis
1011 4814 1125 4877 sequitur
1141 4814 1167 4863 B
