3350 5442
329 419 392 484 628
861 420 1062 494 ‚bruncurt

353 542 375 582 p.
390 531 486 571 manee
499 528 523 568 r.

327 605 442 688 φάμην
463 610 542 688 quod
563 604 748 692 ἡλείφθηνε
778 611 834 670 hoc
861 617 906 670 est
933 602 1069 690 ἡσάμην
1097 609 1176 690 quod
1205 602 1327 689 ἥσθην.
1373 614 1445 678 item
1470 605 1615 688 ἐγραψά-

231 722 236 738 “
327 730 394 790 μην
418 706 551 790 ἐφάμην
575 707 700 792 έδόμην
721 707 805 792 μέσα
828 709 993 791 appellant,
1017 729 1084 771 cum
1100 711 1175 772 nihil
1190 712 1359 794 significant
1373 719 1497 791 praeter
1513 720 1613 773 actum.

327 813 384 872 boc
412 821 458 873 est
485 815 565 873 enirn
588 809 786 894 ἐγραψάμην
808 813 887 893 quod
909 811 1056 892 ἔγραψα,
1086 831 1142 873 nee
1170 831 1310 892 umquam
1333 813 1444 874 dicitur
1466 807 1536 874 ὑπὸ
1559 813 1616 874 σοῦ

329 910 542 995 ἐγραψάμην,
573 924 602 976 et
629 916 685 976 boo
714 910 849 997 ἐφάμην
876 916 954 1000 quod
984 913 1088 994 ἔφην,
1116 915 1173 976 hoc
1201 923 1247 975 cst
1270 909 1396 995 ἐδόμην
1417 916 1498 995 quod
1522 913 1613 977 ἔδων.

327 1035 400 1095 ergo
422 1025 452 1077 et
473 1015 524 1077 illa
545 1035 621 1096 quac
644 1021 782 1097 superius
805 1019 948 1087 (linimus,
971 1014 1133 1097 φείδομαί
1152 1030 1226 1097 σου,
1242 1013 1398 1098 ικηδομαί
1417 1031 1494 1097 σου,
1518 1013 1636 1078 ἰατά-5

327 1119 421 1198 ζομαι
442 1113 588 1199 μάχομαι
610 1116 805 1199 διαλέγομαι
826 1117 1070 1200 περιβλέπομαι
1092 1114 1264 1199 δωροῦμαι
1285 1118 1457 1200 χαρίζομαι
1480 1113 1615 1200 εὔχομαι

326 1214 464 1301 ἄγαμαι,
486 1238 555 1281 curn
577 1229 675 1282 actum
697 1223 792 1283 solum
814 1223 1000 1300 significent,
1024 1218 1108 1301 μέσα
1133 1229 1231 1282 tanmu
1254 1221 1456 1301 appellantur:
1479 1223 1551 1283 lieet
1572 1223 1614 1283 bis

328 1323 437 1383 similia
467 1322 564 1383 Latini
597 1342 655 1384 non
688 1326 871 1394 communia,
907 1323 959 1385 sed
993 1322 1168 1403 deponentia
1202 1325 1364 1384 nominent.
1410 1333 1456 1384 est
1483 1334 1515 1385 et
1547 1326 1614 1385 baec

327 1425 509 1506 Graecorum
538 1445 554 1485 a
580 1426 726 1487 latinitate
755 1421 917 1496 dissensio,
947 1426 1045 1506 quod,
1076 1443 1142 1486 oum
1169 1424 1267 1486 Latini
1300 1443 1460 1506 numquam
1496 1427 1613 1486 verbum

327 1545 482 1588 commune
505 1526 620 1597 dicant,
650 1529 708 1588 nisi
731 1528 810 1608 quod
833 1530 873 1588 sit
895 1529 990 1589 simile
1012 1527 1145 1606 passivo,
1170 1525 1275 1589 Graeci
1298 1535 1397 1589 umen
1420 1529 1564 1608 quaedam
1586 1539 1646 1588 ete·

327 1630 430 1690 activis
457 1630 566 1690 similia
593 1623 677 1709 μέσα
705 1629 858 1699 dixerunt,
889 1637 921 1689 ut
948 1623 1095 1709 πέπηγα,
1123 1629 1202 1708 quod
1230 1625 1333 1708 μέσον
1364 1631 1475 1691 dicitur
1504 1639 1534 1691 et
1561 1629 1613 1691 sub

327 1732 422 1791 activo
451 1749 522 1792 sono
550 1731 643 1792 solam
669 1733 817 1809 signifieat
838 1733 1021 1811 passionem:
1052 1731 1107 1792 hoc
1131 1739 1176 1792 est
1199 1733 1279 1792 enim
1302 1726 1434 1812 πέπηγα
1456 1733 1536 1812 quod
1557 1730 1614 1792 πέ-

326 1850 463 1912 πηγμαι.
508 1828 660 1912 πέπληγα
681 1853 769 1913 vero,
792 1827 852 1914 ἀφ’
876 1819 919 1894 οὗ
940 1826 978 1893 τὸ
1001 1827 1194 1912 <πεπληγώς
1216 1826 1418 1914 άγορῆθεν’,
1442 1831 1498 1895 καὶ
1520 1833 1612 1896 κέκο-

326 1953 390 2013 πα,
418 1929 478 2014 άφ’
502 1923 546 1995 οὗ
567 1929 604 1995 τὸ
628 1929 822 2015 ’ἀμφοτέρω
851 1929 1033 2014 κεκοπάς’,
1062 1944 1121 1995 tam
1151 1935 1186 1994 dc
1215 1943 1282 1996 actu
1310 1955 1398 2016 quam
1421 1937 1458 1997 de
1480 1939 1612 2016 passione

326 2038 475 2097 dicuntur.
520 2037 629 2097 lectum
658 2045 703 2098 cst
730 2040 810 2098 enim
838 2045 869 2098 et
896 2031 1072 2116 πεπληγως
1105 2050 1144 2096 σε
1176 2046 1205 2097 ct
1239 2033 1417 2118 πεπληγώς
1445 2031 1512 2100 daed
1541 2037 1613 2118 σοῦ,
1628 2053 1647 2088 ¹12

326 2135 519 2219 επεπληγιδρ
540 2135 728 2220 άγορηδεν’
751 2136 807 2199 καὶ
829 2135 962 2220 ’ῥάβδῳ
984 2138 1203 2218 πεπληγνῑα’.
1235 2139 1374 2201 similiter
1396 2140 1473 2221 apud
1495 2140 1615 2202 Latinos

325 2242 472 2321 quaedam
499 2241 585 2303 modo
614 2251 734 2312 neutra,
762 2241 850 2302 modo
879 2243 953 2301 liunt
981 2241 1173 2320 deponentia,
1204 2251 1235 2301 ut
1262 2241 1329 2302 labo
1357 2241 1457 2312 labor,
1486 2242 1614 2304 labricor

326 2343 457 2413 l'abrieo,
487 2346 573 2404 ructo
601 2351 631 2403 ct
657 2351 773 2404 ructor:
802 2342 882 2422 quod
909 2345 1000 2404 etiarn
1023 2341 1130 2426 Graeci
1153 2361 1212 2402 non
1234 2347 1388 2422 ignorant,
1412 2340 1614 2425 βουλεύομαι

326 2439 493 2524 βουλεύω,
516 2441 733 2525 πολιτεύομαι
755 2439 932 2506 πολιτεύω.

805 2627 841 2669 oi:
858 2625 1015 2670 DEl'EC'l'lVlS
1036 2627 1135 2670 VERBIS
1625 2633 1645 2665 :u

176 2743 232 2790 toa.
241 2743 324 2793 175V.
346 2757 352 2770 ·
411 2734 485 2796 Tam
512 2733 588 2814 apud
616 2735 746 2795 Graecos
771 2753 861 2814 quam
889 2735 966 2815 apud
993 2734 1115 2796 Latinos
1143 2737 1285 2798 deficiunt
1312 2734 1403 2797 rerba
1432 2739 1462 2797 iu
1485 2737 1610 2798 declina·

326 2837 416 2897 tione.
440 2834 445 2919 Ι
469 2835 566 2896 tribus
587 2836 668 2896 enim
690 2835 785 2897 modis
807 2837 911 2898 dicunt
932 2837 1092 2899 verborum
1119 2841 1240 2900 evenire
1264 2838 1426 2908 delectum,
1456 2848 1505 2901 aut
1527 2839 1610 2899 intel·

327 2937 404 2998 lectu
427 2941 563 3016 exigente
587 2947 637 2998 aut
659 2938 768 2999 litteris
790 2957 849 2998 non
872 2940 1118 3001 convenientibus
1141 2950 1192 3002 aut
1213 2960 1269 3002 usu
1293 2941 1465 3008 desistente.
1499 2943 1527 3002 in
1547 2943 1609 3019 pri·

326 3042 383 3099 mis
411 3040 527 3101 duobus
554 3041 739 3109 necessitati,
768 3043 799 3100 in
823 3043 913 3101 tertio
936 3058 1005 3102 vero
1027 3046 1213 3104 reverentiae
1236 3043 1430 3122 obsequimur
1452 3045 1609 3105 vetustatis.

326 3141 478 3201 intellectu
501 3142 642 3202 deficiunt
663 3141 712 3203 illa
732 3153 810 3221 'quae
833 3144 971 3204 dicuntur
994 3139 1211 3226 πεποιημένα,
1234 3145 1264 3205 id
1288 3152 1333 3204 est
1354 3163 1429 3224 quac
1452 3145 1488 3206 ad
1508 3144 1609 3204 simili·

327 3242 460 3303 tudinem
487 3246 551 3303 soni
580 3243 705 3305 alieuius
731 3263 871 3324 expressa
900 3254 983 3317 sunt,
1012 3255 1045 3308 ut
1073 3243 1164 3326 λίγξε
1185 3241 1275 3326 βιός,
1298 3245 1365 3322 otte
1387 3241 1560 3326 ὀφθαλμός
1582 3255 1609 3304 el

325 3345 444 3405 similia.
489 3348 520 3406 in
549 3346 595 3406 bis
623 3349 703 3408 enim
731 3345 831 3406 verbis
865 3365 920 3408 nec
949 3348 1007 3409 ulla
1034 3365 1162 3428 persona
1190 3367 1246 3410 nec
1274 3349 1379 3410 modus
1407 3349 1609 3410 declinationis

325 3450 490 3526 ‹prraeritur
534 3449 703 3510 litteratam
734 3451 975 3511 inconvenientia
1010 3451 1167 3521 deficiunt,
1201 3455 1338 3531 ‹protiens
1370 3450 1492 3512 verbum
1523 3449 1608 3510 babet

325 3557 394 3609 ante
418 3568 443 3608 or
470 3570 494 3631 μ
521 3551 567 3612 rel
594 3570 658 3632 pv:
687 3551 762 3614 baec
784 3555 864 3612 enim
887 3553 1049 3614 secundum
1078 3552 1212 3630 regulam
1239 3572 1321 3613 suam
1348 3555 1480 3632 prolerri
1507 3551 1548 3612 vel
1576 3553 1606 3609 in

325 3648 558 3735 παρακειμένῳ
592 3672 645 3714 seu
672 3647 949 3738 ὑπερσυνπελικῷ
976 3653 1020 3715 vel
1050 3657 1080 3716 in
1114 3647 1258 3736 άορλσπφ
1291 3673 1343 3714 seu
1371 3651 1525 3734 μέλλοντι
1550 3668 1640 3712 none

324 3762 462 3832 possunt,
490 3763 524 3815 ut
551 3750 640 3836 νέμω
669 3775 736 3817 oum
764 3751 944 3834 regulariter
971 3759 1036 3818 beri
1065 3755 1218 3817 debuisset
1245 3749 1389 3835 νένεμκα
1412 3751 1605 3835 ἐνενέμκειν,

322 3857 394 3934 ’φιλο
417 3874 475 3916 non
497 3864 660 3935 potuerunt
682 3859 736 3919 bae
760 3859 877 3919 litterae
901 3861 1075 3927 convenire,
1100 3861 1270 3918 intercessit
1292 3877 1328 3936 η,
1352 3855 1515 3938 νενέμηκα
1536 3853 1605 3916 ἐνε-

325 3953 498 4037 νεμήκεινι
536 3961 608 4019 item
642 3955 790 4039 ἐνέμθην
822 3961 869 4021 vel
901 3956 1111 4040 νεμλδήσομαι
1144 3961 1267 4022 eandem
1298 3977 1453 4040 sumpsere
1485 3960 1603 4020 litteram

324 4066 448 4139 propter
470 4059 662 4139 euphoniam,
687 4057 858 4142 ένεμήθην
879 4057 1122 4142 νεμηθήσομαι.
1159 4065 1232 4123 item
1255 4065 1342 4124 tertia
1364 4081 1489 4141 persona
1510 4062 1602 4136 singu

324 4161 405 4231 laris,
429 4181 504 4242 quae
526 4181 545 4223 τ
568 4161 658 4224 habet
679 4165 709 4223 in
731 4163 834 4224 idtima
856 4163 981 4242 syllaba,
1012 4171 1131 4244 accepta
1154 4183 1175 4224 ν
1197 4166 1270 4228 lacit
1296 4163 1456 4244 pluralem,
1484 4158 1639 4240 apeme

325 4259 490 4343 λέγονται,
513 4261 653 4345 μάχεται
674 4261 852 4345 μάχονται
878 4283 980 4326 verum
1002 4262 1163 4345 κέκαρται
1184 4268 1214 4326 in
1242 4265 1349 4345 plurali
1372 4265 1559 4326 declinatione
1580 4280 1601 4318 ν

325 4386 383 4428 non
404 4370 501 4447 potuit
524 4369 695 4437 admittere,
718 4368 845 4448 ideoque
862 4367 987 4428 deiecit:
1010 4369 1054 4428 sie
1077 4364 1244 4446 ἔσταλται,
1267 4369 1309 4427 sic
1324 4363 1482 4429 κέκοπται
1502 4375 1529 4425 et
1547 4361 1598 4422 alia

392 4629 476 4690 atui
488 4637 539 4690 σοῦ
551 4631 723 4705 ἐγραψάμην
736 4639 845 4690 Zeoniee
861 4654 1087 4706 προεγραφαμην
1100 4640 1125 4689 Ρ
1191 4640 1207 4689 5
1221 4637 1360 4704 φείδομαι
1374 4640 1481 4691 Zeuniue
1492 4636 1596 4702 φιλομαι

325 4709 350 4756 P
415 4699 569 4771 θεῦχομαι
586 4707 667 4757 Ianus
684 4709 840 4774 ερχομαιΡ
909 4711 940 4758 13
956 4699 1119 4774 πεπληγώς]
1137 4707 1213 4758 Hom.
1227 4707 1360 4765 lueret
1428 4699 1599 4774 αγορηδηνΡ

393 4778 425 4824 14
440 4766 602 4840 ἀμφοτέρω]
617 4777 649 4826 It.
664 4775 695 4826 N
705 4779 737 4826 60
807 4779 839 4827 te
856 4775 1045 4840 αγορηδηνΡ
1112 4767 1219 4840 ῥάβδῳ]
1238 4775 1481 4827 demorantes.
1495 4775 1538 4826 319

324 4843 357 4890 λθ
376 4840 463 4905 λίγξε]
480 4843 556 4894 Hom.
570 4843 706 4896 icor-m
774 4843 843 4908 αίζε]
861 4843 937 4893 Hom.
956 4841 1094 4894 oaleet
1161 4845 1195 4894 30
1212 4859 1258 4894 serr
1276 4843 1397 4894 mellente
1414 4845 1438 4894 P
1502 4841 1594 4893 panem

325 4907 478 4971 ενεμφθην
489 4911 530 4957 uel
543 4910 750 4975 νεμφθησομαι
763 4912 787 4960 Ρ
855 4913 887 4963 34
900 4911 961 4962 item
973 4913 998 4960 in
1011 4912 1083 4960 tertia
1095 4926 1205 4978 persona
1217 4911 1342 4974 singulari
1355 4913 1379 4961 P
