3350 5442
679 349 751 412 xus
1297 345 1361 412 375

1165 469 1186 510 p.
1200 459 1258 499 2061.
1272 457 1296 498 82
1310 457 1334 500 P.

78 549 168 598 tamen
191 541 242 620 qui
265 539 341 600 dicit
361 541 408 599 lac
429 546 584 618 properat,
614 546 647 598 ut
669 540 711 600 ait
733 537 851 607 Celsns;
879 537 931 597 ille
954 538 1043 597 ctiam
1065 539 1176 597 morari
1198 539 1284 606 sinit,
1308 540 1359 616 qui

77 641 142 700 dicit
165 641 267 700 lecito.
313 642 413 720 itaque
442 649 474 700 ut
502 642 656 720 praeteriti
688 641 831 719 temporis
853 638 961 717 triplex
983 639 1078 698 lorma
1101 649 1161 708 est,
1184 641 1280 699 sicin
1303 639 1359 699 lroc

77 745 161 802 futuri
185 743 342 822 duplicem
364 743 478 803 dicunt.
509 745 657 822 optativus
679 741 783 802 modus
806 742 862 803 lroc
884 741 1039 819 proprium
1060 739 1164 808 hahet,
1188 741 1266 819 quod
1289 759 1359 800 con·

77 847 179 904 irmrtis
201 843 392 922 temporibus
408 845 584 906 declinatur.
614 863 757 924 praesens
780 845 912 904 enimet
939 845 1134 921 praeteritum
1160 843 1359 920 inperfectum

59 947 211 1006 tsimiliter
234 947 334 1014 eliert,
361 955 398 1022 pt
419 949 530 1008 utinam
553 946 698 1024 legerem;
728 947 800 1006 item
823 946 1018 1024 praeteritum
1039 941 1205 1022 perlectum
1228 950 1258 1002 ot
1279 942 1359 1022 plus·

78 1047 329 1128 quamperlectum
351 1048 491 1110 similiter
514 1049 614 1118 effert,
644 1056 676 1108 ut
699 1049 811 1107 utinam
832 1046 983 1123 legissem.
1028 1046 1233 1105 coniunctivus
1255 1045 1359 1105 modus

78 1151 164 1210 currit
186 1169 243 1229 per
264 1152 362 1211 omnia
385 1158 528 1230 tempora.
573 1151 625 1211 sed
654 1164 858 1230 quaecumque
887 1155 956 1207 sunt
984 1149 1105 1226 optativi
1128 1146 1233 1215 verba,
1257 1147 1359 1207 eadem

79 1261 104 1310 et
124 1253 305 1312 coniunctivi
328 1261 412 1321 sunt,
437 1261 469 1313 ut
490 1255 532 1312 ait
553 1252 726 1322 Palaemon;
755 1257 882 1328 atquae
905 1251 1100 1318 coniunctivi,
1123 1267 1182 1308 non
1205 1248 1361 1310 cademot

79 1355 204 1431 optativi.
251 1353 379 1414 dicimus
411 1356 491 1414 enim
519 1373 585 1413 cum
614 1355 729 1422 secero,
764 1370 830 1412 cum
859 1351 976 1428 legero;
1004 1371 1063 1412 non
1092 1351 1219 1411 dicimus
1248 1353 1360 1411 utinam

52 1456 186 1524 lvlecero,
210 1457 327 1516 utinam
354 1456 464 1534 legero.
510 1460 582 1517 item
609 1458 641 1515 in
664 1457 767 1516 activis
790 1455 1011 1514 coniunctivum
1031 1453 1150 1514 modum
1172 1455 1204 1514 in
1226 1460 1359 1533 ternpore

81 1558 171 1618 tuturo
194 1558 345 1637 duplicem
369 1558 487 1628 dicunt;
511 1558 637 1619 dicimus
654 1558 824 1629 enimcum
847 1556 942 1632 legam
964 1561 994 1614 et
1015 1573 1082 1616 cum
1099 1555 1215 1633 legero:
1239 1557 1271 1614 in
1293 1574 1359 1634 pas-

81 1659 142 1718 sivis
170 1677 243 1720 vero
271 1659 375 1718 eodem
402 1659 490 1720 modo
518 1666 548 1720 et
575 1667 707 1738 tempore
735 1658 900 1736 triplicem;
928 1657 1054 1718 dicimus
1076 1660 1156 1717 enim
1178 1675 1245 1717 cum
1267 1657 1358 1734 legar,

82 1760 215 1821 ulteriore
239 1780 307 1821 cum
328 1761 422 1821 lectus
445 1779 509 1830 ero,
533 1763 606 1821 item
622 1760 679 1820 alio
702 1759 844 1821 ulteriore
867 1779 935 1820 cum
957 1761 1050 1820 lectus
1072 1761 1166 1820 luero.
1197 1760 1360 1819 infinitivus

81 1862 192 1932 modus,
212 1857 218 1944 l
239 1880 328 1942 quem
350 1870 380 1922 et
402 1870 579 1941 perpetuum
602 1862 723 1942 quidam
745 1869 865 1932 vocant,
894 1862 969 1922 hauc
997 1862 1217 1922 distinctionem
1239 1862 1359 1939 recipit.

54 1973 71 2010 1⁵
83 1983 142 2024 nam
163 1964 194 2024 id
217 1965 296 2044 quod
319 1965 437 2025 videtur
459 1967 625 2044 praesentis
654 1967 797 2044 temporis
825 1965 958 2044 speeiem
986 1965 1121 2042 prolerre
1149 1980 1359 2040 usquequaque

83 2067 228 2126 contusum
257 2073 317 2136 est,
346 2069 424 2128 sicut
452 2069 511 2127 iam
539 2067 683 2136 diximus,
713 2067 823 2144 legere.
867 2065 976 2143 legisse
999 2072 1097 2124 autem
1119 2071 1150 2123 et
1172 2064 1282 2123 lectum
1302 2065 1358 2132 ire,

82 2169 206 2245 quamvis
235 2176 264 2228 et
291 2169 356 2247 ipsa
384 2187 508 2229 numero
536 2170 733 2248 personisque
763 2167 936 2228 indistincta
969 2169 1043 2235 sint,
1078 2173 1175 2227 tamen
1208 2165 1360 2225 delinitam

82 2272 202 2346 speciem
237 2277 405 2349 temporum
438 2278 550 2331 tenent.
595 2273 671 2330 scire
701 2288 771 2331 sane
806 2266 966 2338 debemus,
994 2271 1073 2329 sicut
1105 2275 1173 2329 ante
1201 2269 1260 2328 iam
1287 2266 1358 2335 dixi,

82 2371 148 2448 quod
171 2371 294 2451 quidam
316 2371 537 2451 inpersonalem
551 2371 671 2432 modum
685 2371 831 2440 adiciunt,
856 2371 909 2430 sod
930 2370 1009 2430 hunc
1030 2388 1085 2430 rros
1106 2388 1165 2429 non
1187 2371 1359 2446 accipimus,

55 2477 212 2550 equoniam
242 2473 333 2534 verba
364 2473 565 2553 inpersonaliu
594 2472 756 2552 generibus
783 2474 896 2532 rectius
923 2471 1117 2551 adplicentur.
1162 2472 1235 2532 haec
1267 2472 1360 2548 igitur

84 2575 159 2651 paulo
180 2575 272 2636 latius
294 2576 471 2636 insinuanda
495 2576 625 2646 credidi,
658 2582 690 2635 ut
712 2575 883 2655 qualitatem
905 2592 979 2653 quae
1002 2572 1092 2634 verbo
1114 2574 1222 2634 accidit
1243 2574 1360 2633 tacitus

83 2676 247 2754 intellegere
263 2695 433 2756 possemus,
457 2679 483 2737 si
498 2678 603 2743 horum
619 2676 773 2738 modorum
795 2679 994 2756 proprietates
1016 2679 1148 2755 cognitas
1170 2675 1358 2736 haberemus.

83 2778 108 2836 iu
127 2778 172 2838 his
194 2781 276 2839 enim
299 2779 425 2858 qualitas
448 2797 523 2858 quae
546 2779 636 2840 verbo
659 2779 768 2841 accidit
790 2781 951 2839 constituta
973 2787 1027 2840 est.
1072 2797 1108 2838 ex
1130 2797 1188 2857 quo
1209 2785 1290 2838 roctc
1314 2779 1359 2837 iu·

82 2879 194 2956 probata
224 2888 270 2940 est
297 2899 401 2941 eorum
429 2881 550 2952 divisio,
579 2883 629 2961 qui
658 2882 760 2942 modos
788 2881 842 2941 lios
864 2883 943 2941 inter
964 2880 1130 2941 accidentia
1152 2879 1244 2940 verbo
1267 2880 1359 2940 adnu-

55 2983 229 3043 ⁴»imerandos
252 3001 319 3042 esse
341 2982 496 3054 dixerunt,
521 3002 588 3044 cum
611 2986 641 3044 in
664 2983 711 3046 lris
734 2983 860 3063 qualitas
888 2985 953 3062 ipsa
974 2991 1126 3053 versetnr;
1154 2985 1243 3042 sicuti
1264 2984 1359 3062 qnali-

83 3090 119 3140 tas
139 3103 214 3163 cquae
237 3086 351 3145 nomini
380 3086 488 3146 accidit
516 3105 550 3146 ex
579 3105 614 3145 eo
641 3091 806 3165 spectatur,
836 3085 915 3164 quod
943 3093 992 3146 aut
1014 3087 1135 3165 propria
1158 3092 1208 3145 aut
1230 3085 1359 3164 appella-

84 3185 132 3244 tiva
154 3194 224 3246 sunt
245 3187 380 3256 nomina,
405 3207 501 3267 neque
524 3195 623 3248 tamen
646 3189 802 3266 quisquam
825 3189 980 3266 proprium
1003 3195 1053 3248 aut
1075 3187 1285 3266 appellativum
1306 3206 1358 3247 no-

82 3288 145 3346 mini
173 3288 248 3348 dixit
277 3288 429 3358 accidere,
458 3307 525 3350 cum
553 3291 585 3349 in
614 3289 661 3350 his
689 3291 763 3368 ipsis
792 3290 919 3368 qualitas
945 3290 998 3351 illa
1020 3308 1094 3368 quae
1116 3292 1229 3350 nomini
1252 3291 1360 3351 accidit

83 3397 219 3452 cernatur.

55 3517 72 3554 ³1
158 3508 232 3569 ltem
254 3508 414 3570 verborum
437 3510 596 3572 latinorum
619 3510 745 3589 qualitas
769 3508 853 3584 luem
876 3518 907 3570 et
928 3513 959 3570 in
981 3511 1029 3570 his
1051 3510 1151 3571 delicit
1172 3529 1277 3588 graeca
1299 3513 1356 3571 lin·
1369 3521 1427 3582 381,
1440 3523 1473 3569 ee

83 3609 139 3690 gua)
163 3611 369 3671 consideratur
393 3613 423 3672 in
446 3589 565 3684 lormiS,
590 3631 662 3692 quas
684 3613 794 3674 lormas
816 3612 937 3690 quidam
959 3615 1121 3690 generibus
1144 3614 1188 3673 vel
1210 3617 1358 3691 signitica-

83 3711 204 3772 tionibus
231 3731 324 3792 prave
352 3713 511 3793 adplicant.
556 3715 650 3774 forma
684 3721 781 3774 autem
813 3713 972 3774 vorborum
1002 3715 1097 3792 prima
1123 3718 1223 3793 specie
1252 3716 1359 3795 duplex

85 3993 190 4050 properat
208 3985 285 4036 ML:
299 3986 346 4036 sed
363 3995 392 4036 ut
409 3987 444 4035 eit
460 3985 547 4037 Celsus
568 3989 611 4050 qui
631 3989 692 4038 dicit
711 3987 751 4038 lec
764 3986 805 4037 lric
823 3995 951 4052 properet.
972 3986 1016 4036 ille
1031 3987 1106 4037 etium
1122 4001 1218 4038 morem
1235 3988 1297 4038 sinit
1315 3991 1358 4051 qui

84 4055 135 4103 uicit
152 4055 227 4105 facito
246 4057 330 4106 codem
344 4057 479 4107 Pausiam
499 4057 565 4107 7491
645 4057 850 4108 lmommsinlt
866 4057 900 4106 M
976 4057 1079 4121 3quod
1096 4058 1121 4106 iu
1139 4058 1280 4108 coniunctis
1297 4067 1359 4107 tem-

84 4125 174 4185 poribus
190 4124 216 4175 B
234 4125 303 4190 quod
321 4127 345 4174 in
363 4127 506 4176 coniunctis
524 4129 645 4192 temporis
660 4129 684 4178 L
753 4127 770 4176 5
789 4128 905 4176 similiter
923 4125 1007 4176 adfert
1024 4127 1058 4176 M
1073 4127 1149 4177 simul
1168 4128 1305 4178 edertBL

85 4191 193 4260 legerem]
216 4211 332 4261 gererem
350 4195 384 4244 M
451 4195 633 4263 tisimpliciter
649 4197 800 4248 adlertBL
819 4196 898 4246 ecfert
917 4196 949 4244 M
1018 4195 1149 4262 legissem]
1171 4200 1308 4263 gessissem
1328 4195 1360 4246 M

142 4265 245 4314 tuerui
263 4265 296 4315 M
364 4266 744 4317 SconiouctutiuiutaitML
797 4267 961 4332 palemonM
976 4267 1135 4332 palemonh
1205 4275 1279 4330 etque
1297 4283 1358 4317 cou-

85 4331 203 4383 ivuctntiui
224 4334 283 4386 Ml.
303 4337 373 4399 atqui
392 4336 543 4386 coniunctiui
562 4338 702 4388 Stenarum
755 4351 805 4386 uon
822 4337 910 4386 eedem
924 4347 983 4386 suut
997 4347 1021 4384 et
1039 4339 1063 4387 L
1078 4353 1110 4386 ne
1129 4337 1217 4386 eodem
1235 4345 1259 4387 et
1277 4338 1309 4386 M

86 4400 113 4450 ld
127 4406 310 4454 coniunctetiuo
329 4409 371 4457 mo
385 4407 417 4458 J..
436 4405 549 4466 fortasse
568 4407 727 4456 coniunctiuo
742 4407 815 4456 modo
831 4408 857 4454 in
875 4414 989 4472 tempore
1002 4405 1086 4455 luturo
1105 4407 1234 4472 duplicem
1251 4407 1357 4456 formam

85 4485 132 4520 esse
147 4474 234 4523 dicunt
305 4476 338 4526 14
357 4491 431 4538 quem
448 4487 600 4541 perpetuum
621 4477 736 4540 eoquod
756 4477 867 4540 speciem
886 4491 959 4526 suem
977 4490 1027 4525 uon
1045 4486 1125 4526 mutet
1143 4477 1245 4540 quidam
1266 4487 1359 4527 uocout

86 4549 210 4602 senardus
298 4555 330 4605 15
350 4553 463 4621 prolerre
481 4555 507 4605 B
522 4550 595 4615 cplere
613 4556 638 4604 L
655 4555 739 4618 pierre
758 4555 790 4603 M
877 4555 909 4606 16
927 4555 992 4603 sicut
1017 4554 1066 4602 ium
1091 4555 1202 4604 diximus
1220 4557 1359 4609 sichardus

87 4619 139 4696 sicut
152 4623 224 4672 etium
240 4623 353 4673 diximus
372 4621 462 4674 oMJ.
535 4623 566 4673 18
582 4621 654 4688 sene]
676 4635 758 4673 tamen
772 4625 797 4674 B
866 4623 900 4675 20
919 4619 1024 4687 rectius]
1045 4625 1129 4688 potius
1148 4626 1180 4674 M
1247 4627 1281 4675 22
1300 4643 1359 4693 pos·

86 4703 153 4739 umus
170 4692 261 4742 BMI.
332 4693 495 4743 habuerimus
515 4694 547 4742 M
612 4695 645 4743 27
664 4709 745 4757 neque
762 4702 858 4744 tentum
876 4695 982 4757 quisque
999 4693 1025 4742 B
1042 4708 1089 4743 nec
1104 4703 1190 4744 tamen
1208 4696 1315 4759 quisque
1333 4697 1357 4748 L

144 4759 176 4810 28
188 4763 303 4813 occidere
321 4764 382 4814 dicit
396 4763 429 4814 M
480 4763 588 4828 qualitas
606 4761 746 4828 (superscr.
761 4763 817 4828 illa)
834 4779 899 4827 quoe
918 4763 1014 4814 nomini
1031 4763 1122 4814 eccidit
1135 4765 1166 4815 M
1181 4779 1245 4828 qnae
1261 4769 1358 4816 nomini

87 4829 164 4880 accidit
181 4832 288 4896 qualitas
306 4833 350 4882 ille
366 4834 423 4885 BL
