3350 5442
670 399 741 465 ARS
1310 386 1350 455 15

1158 515 1180 557 p.
1194 503 1251 544 tatt.
1265 504 1291 544 att
1303 501 1326 542 Ρ.

77 595 140 655 inita
161 591 309 655 absentes.
354 589 412 652 boc
433 609 598 672 pronomen
621 593 651 652 in
674 592 773 671 ipsum
795 591 899 659 mittit,
924 607 983 650 non
1005 588 1036 647 in
1058 584 1159 666 ipsud,
1183 601 1241 664 quo
1263 581 1352 642 modo
1418 595 1422 605 ’

76 695 133 756 illud
153 703 180 755 et
200 694 288 755 ismd.
326 710 394 754 nam
416 694 458 753 sic
474 692 619 772 Vergilius
641 693 730 762 dixit,
754 690 888 771 ‘adque
910 693 1057 769 ipsum’,
1080 705 1141 748 non
1163 704 1217 766 per
1239 686 1285 746 d'.
1313 719 1347 728 -

76 799 151 858 item
172 792 392 856 articulare:
422 793 578 856 articulare
599 795 667 856 ideo
689 793 804 869 dicitur,
828 794 894 872 quia
918 791 1033 853 articuli
1054 790 1145 850 buius
1165 787 1352 867 pronominis
1364 793 1423 856 abt,
1436 789 1469 842 ao

76 897 226 960 nonbribus
249 899 480 975 comungunlur.
526 915 595 958 nam
618 899 696 957 inter
718 895 858 958 articulos
880 903 910 954 et
932 893 1108 973 pronomina
1131 890 1189 950 boc
1209 892 1349 951 interest:

56 1025 64 1062 s
75 1000 231 1079 pronomina
254 998 316 1060 sola
339 996 540 1068 declinantur,
561 997 684 1059 articuli
698 999 790 1059 iuncti
808 1000 813 1072 1
833 994 1018 1063 nominibus,
1042 1001 1075 1055 ut
1088 992 1138 1054 bio
1159 993 1299 1070 magister
1321 999 1362 1050 et·

74 1103 134 1161 iaec
148 1101 241 1162 ilusa:
266 1101 477 1182 potestatium,
495 1101 521 1160 si
543 1100 657 1160 nomini
679 1117 738 1161 non
761 1101 907 1178 iungitur,
931 1096 1059 1182 aliquem
1083 1092 1352 1163 demonstrarent

72 1202 177 1262 ddicas
191 1201 260 1262 ‘bic
274 1207 345 1263 rst’.
366 1237 401 1245 -
426 1200 507 1261 llic:
531 1202 588 1262 boo
603 1220 770 1282 pronomen
786 1201 855 1262 dum
871 1206 1042 1278 correptum
1058 1197 1162 1266 luerit,
1185 1212 1351 1276 pronomen

74 1313 121 1374 est,
142 1304 209 1365 dum
232 1304 426 1383 productum,
450 1302 624 1365 adverbium
648 1313 701 1364 est.
746 1303 814 1369 ideo
844 1300 1002 1364 articulare
1023 1299 1256 1380 praepositivum
1279 1296 1350 1356 dici·

72 1417 124 1476 tur,
151 1406 219 1486 qnia
246 1407 440 1486 praeponitur
469 1407 590 1468 nomini.
638 1405 708 1466 dum
736 1405 803 1467 dico
831 1405 880 1465 bio
907 1405 1060 1481 magister,
1089 1401 1279 1481 praepositus
1309 1408 1353 1460 est

47 1533 64 1569 n
74 1507 200 1569 articulus
222 1510 345 1569 nomini.
369 1543 411 1552 -
434 1505 499 1568 Vel
520 1505 869 1569 demonstrativum:
893 1505 1154 1566 demonstrativum
1177 1501 1259 1571 ideo,
1283 1501 1352 1581 quia

73 1611 191 1671 ridemur
206 1610 428 1680 demonstrare,
453 1608 524 1668 dum
545 1607 671 1669 dicimus
694 1608 761 1669 ‘hic
777 1612 851 1677 est',
874 1616 907 1668 ει
922 1604 1069 1683 Vergilius
1091 1605 1169 1665 ‘bic
1191 1611 1261 1671 est,
1283 1600 1353 1662 tibi

73 1731 164 1792 quem
184 1712 358 1792 promitti
380 1711 530 1789 saepius
552 1709 683 1772 audis’.
712 1745 746 1754 -
768 1705 783 1794 fl
808 1708 935 1770 liuius:
958 1725 1029 1768 sanc
1051 1705 1213 1768 comodum
1234 1705 1394 1783 genart-aa

72 1833 127 1874 vum
148 1831 335 1875 communem
363 1831 429 1874 esse
457 1819 516 1872 tam
544 1811 706 1872 masculino
729 1829 816 1891 quam
838 1811 982 1871 feminino
1005 1807 1049 1870 vel
1072 1815 1188 1869 neutro.
1225 1805 1352 1868 dicimus

72 1918 139 1976 euim
158 1915 247 1976 buius
270 1916 326 1974 viri
348 1921 378 1976 et
398 1914 489 1976 buius
510 1914 645 1977 mulieris
668 1921 697 1974 el
719 1914 808 1974 buius
830 1913 953 1974 scamni.
979 1947 1017 1956 -
1047 1908 1348 1972 Subiuootivum:
1362 1914 1450 1976 tota

45 2039 62 2076 ε
73 2018 278 2079 subiunctivum
295 2016 405 2077 dictum
421 2026 467 2078 est
481 2025 532 2078 εει
553 2015 724 2086 εεΙειίεεεε,
747 2013 827 2093 quod
843 2012 1031 2092 subiungitur
1046 2021 1096 2074 εει
1109 2013 1250 2074 retertur.
1283 2029 1353 2072 nam

70 2123 116 2180 ista
136 2121 312 2200 pronomina
334 2117 541 2180 articularibus
560 2121 565 2199 l
585 2117 791 2198 praepositivis
813 2115 948 2178 subiecta
969 2124 1047 2178 sunt.
1079 2133 1149 2176 nam
1170 2133 1240 2176 cum
1260 2111 1352 2174 verbo

71 2233 145 2282 ιεεεε
163 2224 382 2298 interrogamus
405 2220 471 2281 ‘bie
491 2227 534 2282 est
556 2213 745 2298 ma'gisteri’‚
768 2217 935 2299 respondes
955 2219 990 2279 is.
1014 2235 1083 2278 nam
1110 2218 1136 2277 si
1161 2215 1210 2277 bic
1230 2215 1351 2290 dixeris,

71 2325 194 2384 vitiosum
211 2331 266 2384 ast.
292 2356 328 2368 -
354 2322 455 2384 Eius:
480 2321 642 2390 notandum
659 2320 737 2398 quod
752 2322 908 2400 genetivus
921 2319 1059 2382 omnibus
1075 2316 1169 2380 tribus
1191 2315 1353 2396 generibus

70 2426 291 2486 communisset.
318 2459 353 2468 -
378 2427 401 2486 t
423 2443 492 2504 quo
513 2424 569 2485 vel
591 2443 607 2484 ε
628 2424 703 2503 qui:
727 2422 871 2484 ablativus
885 2419 1044 2502 singularis
1059 2419 1168 2500 duplex
1184 2427 1244 2490 εει,
1268 2421 1379 2480 εείεε8

42 2527 127 2588 stalis
147 2535 192 2588 est
212 2526 330 2606 regula,
361 2543 417 2604 qua
439 2534 469 2587 et
489 2525 648 2588 ablativum
669 2523 814 2606 pluralem
836 2522 983 2604 duplicem
1003 2543 1019 2585 a
1040 2525 1107 2603 quis
1129 2522 1174 2584 vel
1196 2541 1212 2582 a
1235 2521 1352 2601 quibus,

70 2631 134 2690 dont
154 2649 169 2690 a
192 2629 281 2690 ducto
302 2628 412 2697 doctis;
434 2626 472 2688 ab
493 2628 622 2710 eoquod
640 2639 685 2689 est
705 2647 720 2688 a
737 2629 789 2706 qui
808 2627 879 2688 lacit
893 2644 909 2685 a
925 2625 1047 2705 quibus,
1070 2627 1148 2685 sicut
1160 2643 1178 2686 a
1191 2622 1284 2685 nobili
1299 2641 1352 2683 no·

70 2730 174 2792 bilibus
193 2766 229 2775 -
255 2731 361 2802 Ouis:
385 2733 583 2792 nominativus
606 2729 714 2810 duplex
730 2729 852 2801 cstiste
874 2726 1042 2805 singularis.
1073 2725 1200 2788 dicimus
1221 2725 1301 2785 enim
1323 2733 1353 2785 et

70 2835 160 2910 ‘qun’
184 2842 214 2894 at
235 2833 303 2913 ‘qui
327 2831 399 2892 est'.
443 2832 497 2894 sed
520 2832 571 2913 qui
594 2833 761 2893 communis
782 2831 902 2892 numeri
924 2835 984 2898 est,
1011 2829 1079 2908 quis
1105 2828 1272 2890 commotus
1292 2845 1352 2887 non

69 2941 113 2994 εει
156 2953 232 3015 quae
261 2936 429 2996 eommunis
455 2935 573 2996 numeri
600 2940 661 3003 est,
691 2941 723 2994 ει
750 2951 826 3012 quaa
853 2922 961 2994 mulier
989 2939 1116 3011 atquae
1137 2929 1285 2991 mulieres.
1312 2937 1395 2986 —te

41 3036 152 3098 saltem
172 3037 408 3118 possessiva:
432 3037 600 3117 possessiva
622 3035 716 3106 dicta,
740 3037 807 3114 quia
829 3033 984 3115 possident
1004 3050 1127 3101 nomem
1160 3032 1242 3092 linita
1263 3031 1351 3100 dicta,

69 3141 127 3216 quia
148 3141 335 3219 personativa
358 3147 436 3200 sunt.
468 3138 577 3200 borum
598 3138 810 3218 pronominum
826 3144 965 3217 quattuor
986 3135 1080 3195 latera
1102 3141 1184 3195 suot:
1207 3141 1258 3194 εει
1271 3139 1350 3194 utra·

69 3258 118 3317 que
134 3243 140 3315 Ι
157 3241 299 3321 pluralia,
322 3251 356 3302 ει
377 3241 486 3308 nostri;
509 3248 561 3300 aut
581 3248 708 3319 utraque
731 3239 901 3318 singularia,
925 3245 959 3300 ει
979 3253 1079 3304 meum
1103 3243 1153 3297 εει
1174 3236 1352 3296 intrinsecus

68 3341 170 3418 plurale
192 3351 222 3404 et
245 3345 432 3404 extrinsecus
454 3341 614 3422 singulare,
634 3351 666 3403 ει
680 3351 792 3409 εεειεε;
816 3348 867 3402 εει
888 3341 1070 3401 intrinsecus
1091 3337 1240 3416 singulare
1256 3345 1286 3398 ει
1301 3357 1352 3398 ex·

70 3444 207 3506 trinsecus
235 3444 365 3524 plurale,
395 3452 428 3507 ει
454 3446 522 3506 mei.
556 3443 636 3534 ⁸[aut
658 3463 693 3504 ex
723 3449 849 3522 utraque
876 3448 960 3520 parte
982 3442 1160 3520 possessiva,
1185 3439 1221 3501 ad
1243 3440 1352 3519 aliquid

42 3565 60 3600 :v
70 3564 96 3604 sa
110 3545 262 3618 babentia,
279 3545 405 3627 plurale,
423 3548 580 3618 monstri,
596 3549 760 3620 structure,
776 3552 906 3605 ulmeus
922 3540 1042 3622 codem]
1060 3575 1098 3586 -
1114 3541 1196 3602 luter
1218 3549 1352 3604 nostrum

70 3655 94 3706 ει
111 3656 282 3711 nostrorum
306 3649 362 3711 boo
384 3651 522 3710 interest:
547 3656 679 3709 nostrum
704 3647 741 3708 de
763 3645 959 3726 nobisipsis,
982 3653 1154 3706 nostrorum
1170 3643 1207 3704 de
1226 3643 1352 3704 bomini·

71 3749 116 3810 bus
136 3754 256 3813 nosnis.
302 3753 345 3813 sic
368 3760 397 3811 et
419 3757 549 3814 vestrum
573 3757 602 3810 ει
625 3757 799 3810 vestrorum.

131 3990 193 4043 Coa.
211 3991 293 4042 Bm.
315 3989 336 4040 ll
353 3989 456 4042 3-st
526 3987 540 4040 1
570 4004 620 4041 non
652 3991 678 4039 iu
707 3989 776 4054 ipsut
805 3987 934 4052 quomodo
960 3987 1016 4037 iiiut
1043 3991 1068 4036 et
1095 3987 1156 4038 istut
1179 4001 1248 4040 carr,
1277 3985 1354 4052 ipsud

70 4081 97 4095 —
114 4059 176 4111 illud
189 4087 223 4098 -
241 4061 311 4111 istud
363 4060 461 4112 2aicut
512 4056 599 4126 perd]
622 4059 713 4125 partlm
764 4058 847 4109 iliter
864 4056 1026 4108 articularem
1043 4057 1151 4107 nticula
1165 4057 1223 4108 ideo
1237 4057 1355 4106 dicuntur

72 4129 122 4190 quia
138 4131 246 4181 articula
265 4131 343 4180 boios
361 4129 517 4196 pronominis
531 4128 725 4196 pronominibus
741 4129 932 4194 coniunguntur
1000 4129 1016 4178 7
1035 4126 1103 4176 dicat
1119 4126 1162 4176 bio
1179 4127 1222 4177 bia
1238 4124 1287 4177 hoc

72 4201 236 4251 tunicularia
254 4201 420 4267 praepositio,
438 4207 466 4250 ut
482 4201 587 4263 videtur,
605 4213 673 4254 curs.
686 4199 761 4249 -tinm
832 4199 867 4250 10
883 4196 1097 4249 demonstratione
1115 4196 1173 4247 ideo
1244 4197 1277 4248 1²
1295 4211 1354 4262 pro·

73 4271 139 4387 ιῖιεῐιιιὶε
209 4271 359 4392 gle⁷uetiup¹m
374 4285 447 4390 omps
465 4285 523 4352 esse
541 4285 556 4319 a
573 4269 713 4391 ppasculino
730 4283 806 4352 quam
823 4284 838 4319 a
856 4268 981 4388 ileminitptp
1018 4266 1298 4388 1111)ιειὶιὶιείἐιεςὶιεεῖεῚι
1315 4282 1355 4317 re-

83 4358 94 4384 e
116 4356 129 4386 ll

75 4356 220 4486 ettvidsecua
242 4337 326 4474 (εἷλε.
339 4351 512 4472 ¹dotriulsxedddd)
534 4336 783 4477 singnldddnblddla
797 4354 968 4462 ogd-doceam
991 4334 1092 4473 pdurdbd
1106 4352 1144 4457 od
1152 4351 1202 4458 ddi
1271 4346 1356 4460 ²⁹⁸pr

75 4478 151 4541 aliquit
167 4495 198 4531 se
215 4480 317 4532 abentia
387 4479 421 4532 30
439 4479 569 4548 singulare
584 4494 631 4535 om,
676 4523 681 4532 .
704 4481 735 4534 31
754 4489 870 4532 nostrum
887 4480 920 4534 de
934 4477 1079 4529 bominibus

133 4688 148 4735 ²
167 4685 310 4754 Vergilius]
332 4688 396 4738 Aen.
416 4687 425 4736 l
442 4687 494 4739 486
510 4696 588 4752 utque
606 4688 690 4754 ipsum
704 4701 796 4753 corpus
815 4687 890 4738 amici
962 4685 992 4738 11
1008 4681 1149 4752 Vergilius]
1167 4681 1233 4736 Aen.
1252 4681 1286 4734 vt
1305 4681 1355 4736 193

136 4756 170 4808 ta
185 4760 325 4823 genitiunm
344 4771 503 4808 communem
521 4771 579 4807 essa
596 4766 647 4808 tam
664 4757 805 4808 masculino
823 4772 898 4822 quam
914 4755 1035 4806 lemiuino
1051 4756 1184 4807 matum
1238 4756 1270 4807 19
1287 4771 1356 4804 com·

82 4825 151 4875 nuris
168 4837 207 4877 est
224 4827 347 4895 Haperms
412 4827 527 4890 farinate
545 4828 617 4878 euim
634 4828 693 4878 talis
710 4839 749 4879 est
766 4829 870 4894 regula,
887 4841 951 4892 qnae
968 4838 993 4877 ει
1010 4826 1148 4877 ablativum
1165 4826 1289 4893 pluralem
1307 4825 1355 4875 du·

84 4894 160 4960 plicam
179 4895 276 4966 tacita
296 4899 353 4966 quia
371 4898 410 4950 vel
429 4913 443 4950 a
462 4899 562 4966 quibus.
591 4897 623 4949 ab
641 4913 671 4951 ao
690 4897 758 4967 quod
776 4907 816 4951 art
832 4913 848 4950 a
867 4913 917 4965 qno
934 4897 996 4950 lacit
1012 4897 1080 4965 quis,
1097 4897 1164 4947 siout
1180 4912 1196 4946 a
1212 4898 1287 4948 docto
1305 4901 1353 4950 eta.
