3350 5442
707 362 777 424 ARS
1326 362 1388 426 331

90 549 243 608 orationis
265 581 305 590 --
328 545 350 605 f.
367 543 427 606 24*
445 548 558 621 sontes.
590 550 623 608 P.
642 551 795 610 consentit
816 551 1034 610 Grammaticos
1053 546 1174 631 anast)
1210 554 1284 632 post
1304 547 1390 610 hunc

89 643 258 729 integrum
279 644 400 708 librum
422 644 547 730 primus
571 644 674 710 edidit
695 645 869 710 Putschius
893 654 954 710 ‘ex
976 648 1098 732 scripto
1120 647 1323 731 Bougarsii',
1338 657 1390 712 ¹ut

91 747 157 825 ait,
182 743 272 830 ‘plus
296 744 431 809 dimidia
453 756 546 831 parte
569 747 764 827 auctiorem,
794 768 891 832 quam
914 769 934 809 a
956 746 1114 811 Siohardo
1136 746 1213 812 olim
1234 747 1389 834 vulgatus

90 846 245 930 prodiit’.
289 868 368 911 usus
393 855 503 912 autem
525 857 576 911 est
598 848 772 912 Putschius
794 847 908 938 codice
930 849 1088 913 Bernensi
1112 870 1150 914 eo
1173 871 1268 933 quem
1290 872 1391 936 supra

90 946 250 1013 indicavi.
281 970 323 1011 ex
346 947 501 1012 Leidensi
525 948 638 1012 codice
660 948 821 1035 quaedam
844 947 1032 1014 emendavit
1054 950 1089 1013 P.
1106 948 1295 1015 Bondamus
1319 972 1389 1015 var.

180 1115 205 1182 *)
229 1120 308 1169 Libri
332 1136 349 1168 a
372 1119 511 1170 Sichardo
530 1119 596 1170 editi
620 1121 666 1170 hic
685 1125 727 1170 est
745 1119 857 1186 titulus,
881 1122 1078 1186 Disciplinarum
1095 1121 1235 1172 liberalium
1252 1123 1335 1188 orbis,
1355 1140 1389 1173 ea

91 1203 124 1254 P.
148 1203 284 1254 Consentio
303 1211 328 1254 et
348 1204 445 1269 Mapno
465 1205 571 1255 Aurelio
591 1205 754 1256 Cassiodoro.
785 1207 826 1256 oui
851 1207 1000 1266 adiecimus,
1019 1208 1125 1256 adducti
1144 1209 1286 1271 arpunrenti
1302 1208 1388 1270 affini·

89 1295 158 1345 tate,
176 1289 274 1338 libellos
295 1289 323 1337 L.
342 1287 448 1352 Apuleii
464 1288 647 1339 Madaurensis
670 1293 701 1340 de
720 1289 870 1354 Syllopiamo
887 1291 1041 1354 cateporioo.
1078 1289 1212 1340 Censorini
1229 1293 1260 1340 rie
1279 1293 1327 1340 Die
1345 1309 1389 1342 aa·

89 1374 149 1421 tali.
174 1373 273 1422 Recens
291 1387 307 1420 a
323 1372 395 1422 nabis
412 1373 521 1436 puhlicis
537 1375 629 1424 studiis
647 1377 747 1424 assati.
770 1375 915 1425 eaoarlehat
932 1375 1054 1425 Basileae
1071 1374 1147 1427 loan.
1159 1373 1287 1433 Bebeliua,
1305 1391 1389 1425 menae

89 1457 214 1520 Apporto
232 1473 298 1506 anno
318 1457 463 1506 XXVIII.
490 1474 542 1507 erem
564 1461 651 1522 pratia
669 1465 694 1508 et
711 1461 856 1524 priuilepio.
881 1487 911 1495 —
935 1459 1057 1509 Baarleae
1073 1475 1123 1523 per
1140 1458 1182 1509 Io.
1200 1458 1288 1509 aaa
1306 1475 1390 1510 saeuae

90 1541 211 1604 Aupusto
229 1558 270 1592 an.
284 1541 483 1590 MDXXVIII.
503 1543 627 1592 continet
645 1547 737 1593 autem
755 1545 871 1609 primum
889 1544 1099 1610 grammaticam
1118 1541 1271 1602 Consentii,
1289 1543 1390 1593 deinde

90 1625 259 1690 compendia
281 1625 436 1676 rhetoricae
460 1624 626 1677 dialecticae
650 1628 842 1678 arithmeticae
866 1628 989 1678 musicae
1013 1628 1181 1694 geometriae
1205 1628 1389 1678 astronomiae

91 1725 128 1758 ex
149 1707 315 1760 cassiodoro
335 1713 361 1759 et
378 1710 571 1775 interpositum
590 1711 750 1776 compendio
768 1711 937 1762 dialecticae
955 1712 1055 1762 librum
1072 1711 1192 1776 Apuleii‚
1211 1725 1291 1775 quem
1302 1726 1388 1776 supe-

89 1795 169 1843 riore
190 1809 261 1844 anno
286 1811 319 1844 ex
343 1795 514 1846 bibliotheca
531 1795 741 1846 Herest'eldensi
759 1811 789 1846 se
807 1796 990 1862 descripsisse
1009 1798 1050 1846 ait
1067 1795 1228 1860 sichardus,
1250 1799 1389 1861 postremo

90 1877 243 1928 Censorini
267 1878 366 1940 librum
391 1880 424 1929 de
448 1879 492 1930 die
515 1879 611 1932 natali.
649 1897 682 1930 ex
701 1880 845 1932 Consentii
862 1882 948 1947 igitur
965 1881 1035 1931 libro
1054 1883 1081 1930 in
1099 1882 1287 1947 prioreparte
1305 1881 1390 1947 pluri·

90 1963 147 2012 bus
165 1961 237 2012 locis
255 1961 398 2014 decurtato
419 1965 544 2016 exhibita
563 1967 627 2014 sunt
644 1965 726 2028 haec,
747 1981 773 2030 p.
793 1967 859 2015 2017
877 1966 974 2016 Partes
991 1991 1024 2003 —
1041 1968 1328 2026 wiltunensium,
1347 1966 1389 2015 in·

90 2047 236 2112 terpositis
254 2047 350 2113 paucis
373 2047 406 2097 de
430 2065 531 2113 genere
551 2054 579 2099 et
597 2051 717 2100 numeris
744 2056 771 2100 et
790 2039 878 2115 ligura
897 2054 926 2099 et
944 2051 1055 2100 casibus
1073 2050 1211 2100 nominum
1228 2066 1255 2116 p.
1273 2052 1340 2101 2033
1358 2053 1391 2102 de

90 2133 186 2181 ordine
204 2139 286 2181 atatem
304 2147 404 2182 caestum
427 2160 458 2170 -
482 2135 549 2185 2035
565 2137 653 2198 plures
671 2149 745 2184 cassas
763 2135 894 2196 deficiant,
917 2135 1067 2185 2035ιιιιιιο
1084 2135 1117 2184 de
1134 2137 1253 2199 analopia
1275 2160 1304 2170 -
1322 2135 1390 2185 2038

90 2231 182 2280 puppe
199 2217 329 2280 mapulam
349 2218 414 2266 2044
433 2219 564 2268 ordiamur
582 2234 643 2283 erpo
662 2246 692 2256 -
711 2220 777 2268 2042
796 2219 873 2268 aliter
890 2221 1019 2276 erreniant,
1043 2221 1110 2269 2043
1127 2221 1238 2269 diximus
1253 2221 1389 2283 penitiuum

92 2327 126 2336 -
144 2316 208 2349 cara
225 2302 317 2364 peculi,
337 2301 403 2350 2047
422 2302 454 2351 rle
472 2304 634 2352 incrementis
650 2303 805 2366 syllabarum
822 2329 857 2338 -
873 2303 961 2353 honam
978 2305 1119 2361 doctoratu,
1138 2305 1206 2354 2048
1223 2319 1289 2353 nuno
1306 2320 1388 2368 quera·

92 2386 227 2434 admodum
250 2411 281 2420 ·-
302 2387 445 2449 proximam
463 2393 514 2446 est,
533 2387 571 2439 ib.
587 2389 636 2437 secl
652 2389 678 2436 in
695 2388 735 2437 llis
752 2389 832 2437 maior
851 2414 882 2422 -
901 2395 929 2437 ut
945 2395 984 2438 eat
998 2403 1098 2452 paean,
1118 2389 1185 2438 2050
1203 2389 1241 2438 Ile
1260 2387 1337 2438 aerbo
1355 2414 1389 2423 -

92 2471 161 2520 2073
179 2478 207 2518 ut
224 2471 380 2519 transeuntia
398 2469 525 2532 abeuntia,
550 2473 617 2522 2074
635 2479 717 2522 restat
734 2488 799 2522 nane
817 2497 850 2508 -
865 2472 960 2535 sontes.
986 2472 1125 2536 scriptura
1148 2476 1240 2522 autem
1258 2471 1389 2522 editionis

92 2553 256 2620 pleramque
274 2553 320 2604 vel
339 2569 399 2604 oum
418 2554 549 2606 Leidensi
567 2555 612 2606 vel
630 2572 691 2606 oum
709 2557 846 2607 Beruensi
864 2555 961 2606 codice
979 2558 1126 2608 consentit.
1163 2572 1227 2606 nam
1245 2571 1305 2606 cum
1322 2557 1389 2607 Ber·

93 2639 184 2701 nansi,
202 2642 234 2688 ut
252 2637 358 2688 leviora
377 2639 511 2704 omittam,
531 2643 671 2690 consentit
690 2640 723 2690 de
742 2641 851 2691 nomine
865 2640 955 2703 Probi,
976 2639 1046 2704 quod
1064 2655 1119 2690 non
1132 2645 1175 2690 est
1186 2641 1215 2690 in
1227 2640 1389 2691 Monacensi

94 2727 123 2772 ct
140 2721 289 2784 Leidensi‚
312 2739 338 2788 p.
357 2724 422 2773 2051
447 2726 505 2774 item
528 2726 651 2790 quaedam
674 2725 755 2775 uerba
770 2734 842 2789 sunt,
860 2734 888 2776 at
905 2727 942 2775 ait
960 2725 1072 2787 Probus,
1092 2740 1157 2791 quoae
1175 2732 1289 2775 eatenus.
1324 2726 1389 2775 Lei-

93 2808 208 2858 densem
226 2811 317 2856 autem
335 2821 420 2873 saepe
434 2809 562 2872 sequitur
574 2809 804 2860 dissentientibus
823 2809 946 2874 reliquis,
965 2813 997 2858 ut
1013 2824 1040 2874 p.
1052 2811 1119 2859 2022
1137 2824 1217 2873 nepor
1233 2811 1304 2860 acies
1321 2811 1391 2860 aries

93 2890 142 2940 LS
162 2890 200 2956 (h.
220 2907 244 2941 e.
264 2890 349 2941 editio
368 2891 521 2958 Sichardi),
540 2897 610 2944 aries
628 2910 679 2948 om.
698 2894 769 2954 BM:
788 2896 855 2945 2037
873 2897 921 2945 sed
937 2894 1042 2944 ethaeo
1059 2895 1146 2944 eadem
1163 2893 1304 2958 euphoniae
1321 2896 1390 2943 ratio

93 2975 143 3024 LS
160 2977 210 3025 sed
226 2981 251 3025 et
268 2976 308 3024 hio
326 2977 444 3039 ausoniae
463 2979 530 3027 ratio
549 2981 577 3029 M
594 2981 644 3029 serl
658 2985 683 3028 et
705 2979 745 3029 laio
762 2981 838 3028 etiarn
856 2980 997 3044 euphoniae
1014 2979 1082 3028 ratio
1100 2978 1136 3038 B,
1160 2979 1226 3029 2043
1242 2981 1389 3044 plerunque

94 3062 160 3110 enirn
181 3062 280 3124 pomino
302 3063 311 3109 ι’
332 3063 419 3111 littera
442 3063 592 3112 terminatae
611 3063 658 3136 LS
680 3065 825 3127 pleramque
846 3065 976 3126 peninata
993 3065 1003 3112 t
1020 3064 1107 3112 littera
1122 3065 1274 3112 terminatur
1291 3063 1319 3111 Μ
1334 3063 1390 3128 ple-

94 3160 199 3209 ramque
217 3147 280 3194 enim
296 3149 405 3208 perainat
423 3147 433 3194 i
450 3149 560 3196 litteram
578 3147 615 3212 B,
640 3148 706 3196 2053
724 3149 822 3214 liqrreor
841 3145 889 3195 Ls
912 3149 992 3198 liceor
1008 3147 1079 3207 ΒΜ,
1102 3147 1169 3198 2068
1187 3148 1310 3213 conlinpit
1331 3148 1392 3197 atat
1434 3193 1441 3202 ,

94 3229 142 3278 tilrt
162 3230 201 3278 illi
222 3231 306 3279 euenit
326 3230 385 3278 milri
406 3229 452 3279 tibi
474 3233 512 3281 illi
536 3231 597 3294 ts,
617 3233 700 3282 euenit
717 3231 838 3281 militibi
855 3233 961 3282 illium.
980 3230 1046 3280 ΒΜ.
1077 3230 1149 3280 unde
1168 3233 1257 3296 siquis
1275 3231 1391 3297 colligat

95 3312 258 3364 Sichardum
276 3314 464 3379 apographum
487 3315 634 3366 Leidensis
652 3317 757 3367 codicis
776 3332 810 3366 ex
828 3317 964 3367 Bemensi
987 3321 1140 3366 correctum
1158 3316 1289 3367 habuisse
1306 3316 1389 3381 idque

95 3399 154 3449 suis
171 3399 338 3449 coniecturis
357 3399 556 3463 mandavisse,
576 3402 695 3451 maxima
713 3415 780 3451 sane
798 3402 994 3466 scripturarum
1013 3417 1077 3466 pars
1095 3416 1130 3452 ex
1146 3401 1201 3451 hac
1218 3401 1325 3467 origine
1343 3399 1391 3451 de-

95 3483 161 3534 duci
180 3484 290 3548 poterit.
326 3499 419 3534 verum
438 3487 530 3535 tamen
549 3489 579 3533 nt
598 3484 682 3534 alium
702 3484 824 3536 codicem
844 3501 958 3552 eumque
971 3485 1118 3539 Leidensis
1136 3487 1254 3536 maxime
1273 3486 1391 3536 similem

96 3569 132 3618 ab
153 3584 186 3618 eo
204 3583 362 3634 expressum
382 3584 442 3620 esse
459 3574 554 3636 putem
572 3564 601 3618 in
620 3572 712 3635 primis
729 3571 799 3621 vitia
818 3571 954 3636 quaedam
976 3571 1130 3635 scripturae
1154 3570 1294 3634 efficiunt,
1318 3585 1389 3636 quae

97 3669 131 3703 ex
151 3657 279 3717 corrupto
298 3651 395 3703 codiee
414 3653 542 3703 videntur
560 3654 711 3720 repetenda
730 3671 800 3718 esse,
819 3660 851 3705 ut
867 3671 894 3720 p.
912 3656 979 3705 2038
996 3656 1085 3707 uariat
1102 3661 1127 3705 et
1144 3657 1214 3706 intra
1230 3657 1277 3705 hoa
1291 3662 1391 3720 pupnat

96 3737 114 3786 S
133 3739 205 3787 uarie
224 3744 316 3787 contra
333 3738 380 3789 loo
395 3745 494 3804 papnat
506 3739 604 3802 BML‚
623 3741 690 3790 2055
707 3747 781 3790 extat
797 3756 812 3790 o
831 3755 929 3806 qaoque
945 3746 1032 3804 potest
1047 3741 1156 3788 actiaum
1171 3747 1291 3805 reputari
1306 3739 1325 3789 S
1343 3756 1390 3790 ero·

97 3829 134 3872 tat
153 3824 276 3887 quoomdo
294 3830 379 3887 potest
397 3825 503 3873 actlman
521 3839 571 3875 noa
588 3826 677 3888 putari
693 3825 792 3888 BML‚
812 3825 849 3877 ib.
862 3831 993 3889 utrunque
1011 3825 1094 3873 utriur
1108 3823 1242 3888 ponerisS
1259 3832 1390 3890 atnanque

98 3908 211 3958 aeutnua
229 3906 370 3973 (utriusque
389 3923 457 3962 corr.
469 3911 630 3975 neutriusque
642 3909 676 3974 Β)
692 3911 795 3974 poneris
806 3909 903 3971 BML‚
922 3910 989 3959 2057
1006 3910 1047 3958 ille
1065 3909 1129 3958 ordo
1147 3907 1190 3958 ubi
1205 3914 1288 3958 aetum
1305 3917 1390 3960 tenen·

98 3994 130 4041 tis
147 3993 222 4057 sipno
242 3989 260 4040 S
278 3993 320 4043 ille
338 3994 402 4043 ordo
420 3993 493 4042 uerbi
510 4001 591 4044 aotam
610 3997 718 4044 tenentis
736 3994 830 4055 BML‚
849 3995 917 4044 2060
934 3996 960 4044 in
977 4009 1007 4043 eo
1020 3994 1089 4059 quael
1103 3995 1310 4057 pronuntiatione
1322 3993 1340 4042 S
1352 3995 1390 4042 in·

99 4078 224 4126 ιίίιαιίιιιιε
247 4079 291 4142 qai
312 4085 337 4127 et
355 4076 464 4143 (quidem
482 4079 505 4128 L
524 4082 568 4145 qui
589 4081 687 4145 quidem
704 4077 743 4143 M)
761 4081 966 4144 pronuntiatione
983 4078 1084 4139 BML‚
1108 4070 1176 4129 2063
1191 4079 1297 4127 saritur
1312 4082 1389 4142 prout

98 4164 151 4226 lepa
171 4161 190 4212 S
213 4166 320 4212 aunrttar
341 4178 442 4227 semper
460 4170 488 4212 ut
509 4167 564 4229 lepa
583 4163 682 4228 BML‚
706 4164 772 4214 2066
790 4163 875 4214 obruit
893 4165 961 4228 pluit
980 4164 1036 4227 fluit
1054 4163 1072 4214 S
1090 4164 1174 4214 obruit
1190 4165 1255 4227 plait
1270 4164 1322 4211 suit
1338 4161 1390 4211 BL

99 4246 182 4296 obruit
197 4247 255 4311 fluit
271 4249 321 4296 suit
339 4246 382 4312 M,
405 4249 472 4298 2068
493 4265 620 4300 renouare
642 4265 721 4301 nouos
740 4250 758 4301 S
780 4265 908 4299 renouare
929 4265 1014 4298 amaea
1032 4247 1130 4310 BML‚
1154 4249 1221 4298 2072
1243 4254 1287 4296 aut
1303 4263 1320 4296 ιι
1339 4261 1390 4311 pro

99 4333 177 4382 aneoli
199 4337 227 4381 ut
249 4347 328 4383 aaeao
351 4349 444 4384 vacuas
465 4335 558 4398 {taetra
575 4335 682 4398 fluctuas
698 4337 770 4386 sinuo
788 4337 877 4385 anuas
894 4348 945 4387 om.
965 4333 1027 4386 SM.
1050 4333 1139 4382 minus
1157 4331 1331 4382 tribuendum
1349 4335 1392 4381 est

101 4416 338 4468 emendationibus
357 4417 497 4480 sichardi,
516 4433 631 4483 quarum
650 4420 770 4470 maxima
788 4434 853 4486 pars
870 4421 911 4469 ita
930 4421 1082 4483 conparata
1101 4421 1156 4478 est,
1183 4420 1214 4467 ut
1231 4417 1392 4466 coniectura

101 4500 218 4579 inpetriri
240 4504 371 4567 potuerit.
407 4518 571 4569 quamquam
595 4505 623 4554 in
647 4504 690 4554 his
714 4519 820 4570 quoque
843 4507 908 4555 sunt
930 4501 1064 4568 quaedam
1082 4517 1154 4566 quae
1172 4505 1285 4566 propter
1301 4498 1392 4566 ipsam

102 4583 229 4637 librorum
248 4587 462 4653 discrepantiam
481 4588 572 4640 codici
590 4589 696 4654 potius,
709 4605 790 4654 quam
801 4588 913 4654 ingenio
927 4588 1040 4638 editoris
1051 4586 1205 4654 ¹tribuenda
1223 4600 1285 4636 esse
1297 4584 1392 4636 viden-

102 4673 156 4733 tur,
178 4675 210 4721 ut
228 4687 255 4736 p.
273 4673 341 4723 2054
358 4675 384 4723 in
402 4675 453 4724 alio
471 4681 548 4739 atque
575 4674 624 4723 alio
648 4675 774 4724 intellectu
793 4673 811 4724 S
834 4676 861 4723 in
883 4675 934 4724 alio
951 4673 1080 4722 intellecta
1098 4671 1154 4721 ΒΜ
1173 4673 1199 4720 ia
1216 4673 1299 4735 altquo
1317 4670 1391 4718 intel·

103 4756 163 4804 lecta
180 4756 218 4820 L,
240 4757 308 4807 2059
331 4761 437 4810 allerias
459 4759 527 4809 modi
548 4775 620 4824 qaam
640 4757 725 4820 forma
743 4757 815 4808 uerbi
832 4760 914 4822 eaipit
932 4757 950 4808 S
969 4759 1073 4807 alterius
1091 4757 1159 4806 modi
1175 4771 1248 4821 quarn
1264 4761 1294 4804 at
1308 4754 1393 4818 sarna

104 4841 171 4890 uerbi
186 4842 267 4910 eaipit
285 4843 314 4891 M
333 4845 439 4893 alierriua
456 4845 524 4894 raodi
541 4861 613 4911 quarn
628 4845 714 4908 forma
732 4844 804 4894 uerbi
821 4845 903 4910 eoeipit
921 4843 982 4892 BL.

1091 4873 1093 4877 ’
1123 4923 1191 4990 22*
