3350 5442
317 379 360 456 30
875 389 1049 460 tidboldi

343 497 511 555 prestabit

319 589 380 643 tur:
403 591 447 643 est
466 586 556 658 longe
577 583 634 654 sic,
659 582 746 644 ‘boc
769 592 850 644 erat
872 583 964 646 alma
987 587 1156 664 parens';
1193 583 1292 645 brevis
1319 585 1377 654 sic,
1405 581 1525 646 ‘solus
1548 581 1610 644 hic

318 684 472 745 inflexit
498 689 657 748 sensus'.
702 688 772 747 item
802 703 869 748 curn
898 693 1065 765 correptam
1094 684 1225 746 vocalem
1248 687 1381 766 sequitur
1402 706 1417 746 a
1439 704 1612 746 consonans

317 803 424 865 graeca
447 786 569 866 duplex:
593 795 637 849 est
656 791 747 865 longa
773 791 829 859 sic,
854 788 1029 850 ‘Mezenti
1052 788 1155 850 ducis
1177 790 1363 857 exuvias’3
1386 787 1499 858 brevis,
1523 790 1610 848 ‘ne-

245 957 249 965 '
318 906 464 950 morosa
486 889 697 968 Zacyntus'.

847 1062 896 1123 DE
918 1060 1075 1123 ruuluvs
1508 1101 1512 1121 .
1625 1073 1641 1113 5

198 1179 302 1242 369,17
399 1178 495 1240 Pedes
527 1179 668 1242 dicuntur
700 1179 805 1258 quibus
838 1198 941 1242 versus
972 1178 1092 1241 incedit.
1123 1180 1251 1241 -Pes
1279 1187 1334 1240 est
1362 1178 1609 1260 syllabarum:

316 1281 390 1342 ordo
417 1280 485 1342 talis
515 1288 571 1351 est,
602 1281 680 1359 quod
704 1278 716 1363 ll
740 1279 858 1343 litterae
886 1280 1027 1362 syllabam
1056 1283 1181 1349 iaciunt,
1210 1279 1338 1360 syllabae
1367 1280 1466 1361 pedes.
1512 1290 1610 1343 metra

288 1403 291 1410 ·
316 1391 524 1452 numerantur,
554 1381 683 1464 syllabae
710 1391 917 1462 computantur
942 1379 946 1464 Ι
971 1391 1000 1443 et
1030 1392 1165 1463 tempora
1189 1391 1218 1444 et
1245 1383 1383 1444 ordinant
1404 1383 1509 1462 pedes:
1532 1383 1610 1443 haec

317 1494 362 1544 est
383 1493 463 1546 certa
488 1485 696 1546 dinumeratio.
722 1517 758 1528 -
783 1485 967 1545 Accidunt
994 1487 1055 1546 uni
1083 1486 1218 1562 cuique
1240 1485 1323 1565 pedi
1348 1487 1445 1547 arsis
1467 1495 1502 1545 et
1523 1483 1612 1544 the-

317 1588 384 1647 sis:
419 1589 516 1648 omnis
540 1599 603 1666 'pes
634 1588 667 1647 in
703 1605 792 1666 passu
820 1596 880 1656 est;
912 1589 986 1647 arsis
1018 1585 1121 1656 elatio,
1156 1587 1246 1647 thesis
1276 1588 1399 1666 positio;
1431 1601 1654 1646 numerusro

317 1687 560 1766 syllabarum,
591 1690 731 1766 quoniam
760 1686 902 1748 collectae
929 1686 1058 1767 syllabae
1072 1687 1172 1768 -pedes
1194 1688 1318 1757 iaciunt:
1347 1689 1608 1767 tempuscula

315 1790 403 1868 longa
436 1789 547 1870 syllaba
580 1791 639 1852 duo
662 1790 795 1870 tempora
818 1789 922 1860 habet,
952 1788 1050 1850 brevis
1072 1808 1179 1858 unum;
1213 1788 1411 1859 resolutio,
1446 1791 1513 1869 quia
1535 1787 1609 1848 licot

316 1911 371 1972 pro
394 1911 451 1953 una
474 1892 561 1971 longa
584 1892 658 1954 duas
679 1892 784 1953 breves
806 1911 934 1971 ponere,
963 1899 995 1953 ut
1017 1891 1162 1969 Vergilius
1188 1891 1409 1952 ‘fluviorum
1433 1908 1498 1951 rex
1521 1891 1607 1951 liri-

316 1994 452 2054 danus'
482 2003 510 2054 et
538 1994 694 2055 ‘arietat
720 1995 756 2054 iu
783 1996 932 2073 portas’
961 2000 992 2054 et
1018 1993 1154 2072 ‘genua
1176 1983 1322 2053 labarit’
1346 2001 1374 2053 et
1397 1991 1608 2054 ‘abietibus

316 2098 504 2165 iuvenes’;
533 2097 673 2174 ligura,
703 2097 771 2175 quia
793 2094 943 2174 simplices
964 2095 1056 2174 pedes
1078 2103 1297 2174 componuntur
1320 2101 1349 2154 et
1369 2095 1486 2171 figurati
1509 2094 1650 2174 dupli-1⁵

316 2217 366 2259 ces
388 2199 475 2266 liunt;
507 2205 680 2268 metrum,
714 2199 781 2277 quia
805 2216 943 2259 mensura
966 2196 1076 2276 pedum
1100 2196 1217 2258 ordinat
1244 2203 1381 2258 metrum.
1408 2229 1451 2240 -
1480 2195 1605 2276 [Tem-

316 2317 382 2378 pus
415 2298 616 2360 resolutio:
654 2297 794 2360 resolutio
822 2299 890 2359 ideo
918 2301 1036 2359 inventa
1064 2306 1122 2369 est,
1156 2300 1223 2378 qula
1252 2296 1322 2358 licet
1349 2297 1434 2360 uobis
1462 2316 1517 2378 pro
1546 2317 1606 2358 una

317 2401 403 2479 longa
425 2399 536 2482 syllaba
559 2399 631 2461 duas
653 2399 758 2461 breves
774 2419 896 2480 ponere,
920 2401 977 2462 hoc
994 2399 1138 2480 exemplo,
1163 2403 1231 2478 quia
1247 2399 1394 2478 Vergilius
1414 2408 1607 2480 anapaestum

315 2504 428 2582 posuit,
452 2510 484 2562 ut
506 2501 726 2564 ‘ilnrlorum
749 2521 813 2564 rex
834 2502 1053 2564 Eridanus’:
1083 2503 1181 2581 posuit
1204 2511 1233 2562 et
1254 2501 1549 2582 proceleumaticum,
1575 2512 1608 2562 ut

317 2603 523 2665 ‘abietibus
547 2601 553 2686 1
577 2605 747 2664 iurenes’
777 2613 806 2664 et
834 2605 989 2666 ‘arietat
1010 2605 1046 2665 in
1068 2609 1212 2684 portas'
1241 2613 1270 2664 et
1292 2605 1425 2682 ‘genua
1448 2603 1604 2664 labant'.
1622 2621 1650 2658 so

272 2707 420 2769 roxxxv
449 2725 551 2768 versus
573 2706 718 2784 Vergilius
745 2706 818 2769 tales
846 2707 943 2768 babet.
968 2704 1023 2786 —-]
1058 2706 1098 2766 lli
1131 2713 1218 2768 sunt
1248 2705 1444 2785 disyllabi,
1479 2709 1605 2787 pyrri-

316 2809 436 2870 chius:
460 2809 556 2869 dictus
577 2807 614 2868 ab
637 2814 705 2869 aclu
727 2807 900 2888 pyrricbae;
930 2808 979 2870 hic
1001 2809 1088 2868 etiarn
1111 2808 1279 2888 pariambus
1302 2816 1332 2868 et
1353 2808 1511 2870 dibracbus
1533 2808 1606 2868 dioi-

270 2918 373 2971 tltur.
397 2944 439 2954 -
462 2909 713 2971 Tribrachus:
737 2909 786 2970 hic
809 2913 897 2971 etiam
920 2908 1039 2971 chorius
1061 2910 1178 2971 dicitur.
1202 2945 1245 2958 -
1266 2909 1447 2971 Dactulus
1469 2910 1565 2971 dictus
1589 2929 1604 2970 a

215 3025 274 3085 370,
287 3025 303 3073 a
317 3013 423 3090 digito,
447 3014 516 3091 quia
539 3018 571 3072 ut
592 3009 687 3071 tribus
708 3013 804 3072 unciis
826 3011 950 3089 digitus,
974 3013 1016 3071 sic
1039 3013 1094 3073 iste
1117 3012 1212 3072 tribus
1233 3011 1352 3092 syllabis
1367 3019 1495 3082 constat,
1518 3011 1605 3090 longa

287 3123 346 3176 aet
368 3113 481 3174 duabus
504 3112 653 3174 brevibus
683 3146 721 3157 -
748 3111 1044 3192 Ampbibraobus
1072 3113 1166 3174 dictus
1194 3133 1243 3186 eo,
1273 3114 1350 3194 quod
1378 3133 1465 3175 unam
1488 3113 1605 3194 longam
1621 3131 1648 3169 ss

237 3251 242 3260 ·
286 3217 392 3278 eduae
414 3216 519 3278 breves
541 3213 701 3295 cingant[is
724 3217 812 3275 etiam
835 3216 963 3276 creticus
985 3213 1118 3296 dicitur].
1142 3251 1184 3264 —-
1205 3215 1486 3296 Amphimacrus
1510 3215 1607 3276 dictus

288 3331 332 3379 ta
355 3320 519 3388 contrario,
554 3317 632 3396 quod
666 3316 792 3378 mediam
827 3316 946 3378 brevem
980 3317 1054 3378 duae
1076 3316 1181 3396 longae
1205 3320 1333 3396 cingant.
1363 3353 1403 3362 -
1432 3317 1607 3396 Duplices

315 3421 407 3500 pedes
422 3420 493 3480 dicti
509 3421 559 3498 qui
578 3426 608 3480 et
622 3420 792 3498 compositi,
816 3421 954 3498 quoniam
978 3417 1039 3479 bini
1062 3419 1210 3498 dissyllabi
1233 3422 1305 3480 istos
1326 3419 1455 3481 sedecim
1478 3421 1606 3480 maiores

232 3529 256 3578 6.
272 3525 435 3585 10laciunt.
460 3557 498 3567 —
528 3520 800 3587 Antibacchias
821 3523 885 3600 ipse
908 3521 1004 3582 dictus
1026 3531 1071 3584 est
1094 3521 1383 3601 etpalimbacchius.
1407 3557 1447 3566 -
1470 3522 1606 3582 Delam·

272 3632 301 3678 11
316 3627 378 3687 hus
411 3643 446 3686 ex
475 3624 558 3685 brevi
579 3624 668 3701 longa
692 3623 774 3684 brevi
796 3633 826 3684 et
847 3623 945 3700 longa.
978 3659 1020 3668 -—
1052 3625 1302 3708 ditrochaeus
1335 3643 1371 3686 ex
1403 3624 1489 3701 longa
1522 3622 1646 3684 bren-iao

272 3733 303 3780 14
316 3727 403 3805 longa
426 3735 455 3788 et
476 3725 568 3788 brevi.
596 3762 639 3773 -
667 3727 819 3787 Ionicus
847 3728 977 3786 minor:
1008 3725 1056 3798 hie
1079 3726 1166 3785 etiarn
1189 3728 1304 3787 ionicus
1333 3719 1399 3788 α’πό
1423 3721 1606 3798 ἐλάσσονος

271 3837 303 3885 16
316 3829 432 3890 dicitur.
449 3863 491 3872 -
506 3829 657 3889 lonicus
671 3832 806 3888 maior:
821 3826 870 3886 hic
886 3845 1002 3906 quoque
1017 3828 1134 3887 ionicus
1153 3825 1158 3906 Ι
1178 3819 1244 3888 dard
1258 3827 1409 3908 μείζονος
1424 3835 1554 3889 vocatur.
1567 3863 1602 3871 -

383 4069 445 4121 θοοὶ.
465 4066 546 4118 Beru.
566 4069 590 4118 V
610 4064 709 4118 1*-3.
794 4066 866 4118 lest
885 4066 960 4133 longe
980 4082 1025 4116 ora.
1091 4067 1242 4116 2cumom.
1310 4068 1384 4120 {lest
1405 4066 1483 4133 longa
1502 4067 1538 4116 sic
1556 4081 1604 4120 om.

383 4153 524 4190 memorasse
595 4137 755 4188 dineedltur
824 4136 1032 4187 9denumeratlo
1104 4136 1176 4188 torn
1196 4153 1288 4203 passus
1342 4138 1374 4188 lo
1394 4149 1473 4188 merra
1491 4137 1552 4200 quia

317 4208 348 4260 18
366 4209 452 4259 breuis
521 4209 553 4260 21
569 4207 717 4274 pyrreohius
736 4207 818 4256 dietus
889 4207 922 4257 22
941 4207 1089 4271 pyriambus
1159 4209 1193 4258 24
1212 4205 1248 4274 ut]
1265 4219 1308 4258 aut
1360 4204 1467 4275 digitus]
1488 4208 1606 4273 signatus

383 4277 466 4346 tois]
487 4279 526 4328 bis
574 4281 629 4329 ·27
649 4273 727 4343 quod]
747 4291 796 4340 quo
867 4275 1013 4326 aemulare
1033 4275 1127 4328 iaciunt
1187 4277 1220 4328 ‘29
1239 4277 1403 4329 antibacchus
1468 4279 1607 4328 diotusest

313 4349 531 4416 epalimnaoehius
550 4364 582 4398 ex
596 4349 668 4400 berbi
739 4347 773 4398 30
786 4346 949 4396 ditrochaeus
960 4363 1005 4397 ore.
1060 4347 1091 4398 31
1112 4348 1209 4398 ionicus
1225 4351 1307 4400 minor
1321 4365 1367 4402 ora.
1423 4363 1472 4413 apo
1487 4347 1605 4397 classone

382 4419 417 4470 32
434 4421 516 4471 maior
530 4434 576 4470 om.
647 4419 812 4484 apomizonos
832 4428 938 4466 uocatur
954 4415 990 4466 hii
1009 4418 1084 4466 etiam
1101 4419 1165 4484 ippli

297 4627 306 4648 ·
384 4609 461 4661 lhoo
479 4607 543 4676 erat]
569 4612 648 4674 Verg.
667 4608 732 4659 Aen.
751 4607 772 4656 ll
790 4606 842 4657 ool
896 4604 977 4671 solus]
996 4608 1074 4672 Verg.
1094 4608 1157 4658 Aen.
1180 4608 1277 4657 111122
1348 4606 1502 4675 dhlezenti]
1523 4608 1602 4674 Verg.

312 4680 379 4736 Aen.
400 4679 434 4730 Xl
453 4680 467 4729 7
522 4677 667 4744 nemorosa]
684 4681 763 4743 Verp.
781 4677 847 4727 Aen.
869 4677 902 4725 ΙΙΙ
922 4679 973 4726 aar
1024 4678 1041 4729 8
1057 4688 1080 4728 et
1100 4691 1214 4743 temporo
1232 4677 1350 4728 ordinant
1367 4681 1446 4745 pedes
1459 4679 1603 4732 Putselttue.

310 4751 425 4815 sortem
449 4764 481 4798 ex
508 4750 616 4815 pedibus
639 4758 719 4798 metro
743 4755 915 4796 numerentur.
939 4746 1051 4811 syllabae
1071 4756 1095 4797 et
1116 4759 1231 4814 tempora
1250 4759 1418 4814 conputantur
1436 4760 1461 4798 et
1486 4749 1605 4800 ordinant

313 4820 393 4886 pedes
464 4818 496 4869 13
519 4815 666 4882 lluviornm]
690 4819 769 4883 Verp.
786 4833 875 4883 georg.
899 4817 910 4866 l
935 4816 987 4867 482
1042 4819 1089 4870 -14
1110 4816 1210 4885 arietet]
1237 4819 1316 4884 Verg.
1340 4819 1405 4874 Aen.
1427 4820 1463 4870 Xl
1480 4818 1533 4872 890

313 4887 408 4962 genua]
433 4892 512 4956 Ver-g.
532 4889 596 4943 Aen.
618 4888 662 4938 Xll
684 4887 736 4940 905
805 4883 942 4955 abietibus]
968 4888 1045 4956 Verp.
1067 4891 1130 4941 Aea.
1153 4890 1222 4940 Vllll
1240 4889 1291 4942 ort
