<?xml version="1.0" encoding="UTF-8"?>
<!DOCTYPE html PUBLIC "-//W3C//DTD XHTML 1.0 Transitional//EN"
    "http://www.w3.org/TR/xhtml1/DTD/xhtml1-transitional.dtd">
<html xmlns="http://www.w3.org/1999/xhtml" xml:lang="en" lang="en">
 <head>
  <title>
</title>
<meta http-equiv="Content-Type" content="text/html;charset=utf-8" />
  <meta name='ocr-system' content='tesseract 3.04.00' />
  <meta name='ocr-capabilities' content='ocr_page ocr_carea ocr_par ocr_line ocrx_word'/>
</head>
<body>
  <div class='ocr_page' id='page_1' title='image "./grammaticilatin02hagagoog_0063.png"; bbox 0 0 3350 5442; ppageno 0'>
   <div class='ocr_carea' id='block_1_1' title="bbox 296 375 1029 445">
    <p class='ocr_par' dir='ltr' id='par_1_1' title="bbox 296 375 1029 445">
     <span class='ocr_line' id='line_1_1' title="bbox 296 375 1029 445; baseline 0.003 -10"><span class='ocrx_word' id='word_1_1' title='bbox 296 380 339 445; x_wconf 83' lang='lat'><strong>54</strong></span> <span class='ocrx_word' id='word_1_2' title='bbox 856 375 1029 438; x_wconf 80' lang='lat' dir='ltr'><strong>CLEDssNli</strong></span> 
     </span>
    </p>
   </div>
   <div class='ocr_carea' id='block_1_2' title="bbox 296 488 1591 647">
    <p class='ocr_par' dir='ltr' id='par_1_2' title="bbox 296 488 1591 647">
     <span class='ocr_line' id='line_1_2' title="bbox 321 488 489 543; baseline -0.018 -13"><span class='ocrx_word' id='word_1_3' title='bbox 321 504 343 543; x_wconf 86' lang='lat' dir='ltr'><strong>p.</strong></span> <span class='ocrx_word' id='word_1_4' title='bbox 358 491 414 530; x_wconf 79' lang='grc'><strong>1910.</strong></span> <span class='ocrx_word' id='word_1_5' title='bbox 429 492 452 529; x_wconf 88' lang='grc'><strong>11</strong></span> <span class='ocrx_word' id='word_1_6' title='bbox 467 488 489 528; x_wconf 84' lang='lat' dir='ltr'><strong>i‘.</strong></span> 
     </span>
     <span class='ocr_line' id='line_1_3' title="bbox 296 561 1591 647; baseline -0.009 -16"><span class='ocrx_word' id='word_1_7' title='bbox 296 572 327 631; x_wconf 92' lang='lat' dir='ltr'><strong>in</strong></span> <span class='ocrx_word' id='word_1_8' title='bbox 349 568 479 631; x_wconf 88' lang='lat' dir='ltr'><strong>secunda</strong></span> <span class='ocrx_word' id='word_1_9' title='bbox 499 585 627 647; x_wconf 88' lang='lat' dir='ltr'><strong>persona</strong></span> <span class='ocrx_word' id='word_1_10' title='bbox 649 566 833 644; x_wconf 81' lang='lat' dir='ltr'><strong>agnoscitur:</strong></span> <span class='ocrx_word' id='word_1_11' title='bbox 859 561 864 643; x_wconf 85' lang='grc'><strong>1</strong></span> <span class='ocrx_word' id='word_1_12' title='bbox 895 581 1004 641; x_wconf 80' lang='lat' dir='ltr'><strong>genus.</strong></span> <span class='ocrx_word' id='word_1_13' title='bbox 1029 567 1128 622; x_wconf 91' lang='lat' dir='ltr'><strong>utrum</strong></span> <span class='ocrx_word' id='word_1_14' title='bbox 1152 561 1277 621; x_wconf 90' lang='lat' dir='ltr'><strong>activum</strong></span> <span class='ocrx_word' id='word_1_15' title='bbox 1302 562 1341 621; x_wconf 90' lang='lat' dir='ltr'><strong>sit</strong></span> <span class='ocrx_word' id='word_1_16' title='bbox 1366 579 1403 623; x_wconf 89' lang='lat' dir='ltr'><strong>an</strong></span> <span class='ocrx_word' id='word_1_17' title='bbox 1426 563 1591 642; x_wconf 88' lang='lat' dir='ltr'><strong>passivum:</strong></span> 
     </span>
    </p>
   </div>
   <div class='ocr_carea' id='block_1_3' title="bbox 145 663 1642 3923">
    <p class='ocr_par' dir='ltr' id='par_1_3' title="bbox 145 663 1642 3923">
     <span class='ocr_line' id='line_1_4' title="bbox 295 663 1593 754; baseline -0.008 -20"><span class='ocrx_word' id='word_1_18' title='bbox 295 689 447 754; x_wconf 73' lang='lat' dir='ltr'><strong>numerus,</strong></span> <span class='ocrx_word' id='word_1_19' title='bbox 471 671 548 730; x_wconf 91' lang='lat' dir='ltr'><strong>sicut</strong></span> <span class='ocrx_word' id='word_1_20' title='bbox 569 671 600 729; x_wconf 92' lang='lat' dir='ltr'><strong>in</strong></span> <span class='ocrx_word' id='word_1_21' title='bbox 622 665 807 730; x_wconf 91' lang='lat' dir='ltr'><strong>nominibus:</strong></span> <span class='ocrx_word' id='word_1_22' title='bbox 830 667 934 742; x_wconf 82' lang='lat' dir='ltr'><strong>figura,</strong></span> <span class='ocrx_word' id='word_1_23' title='bbox 957 667 1033 726; x_wconf 89' lang='lat' dir='ltr'><strong>sicut</strong></span> <span class='ocrx_word' id='word_1_24' title='bbox 1054 665 1085 724; x_wconf 93' lang='lat' dir='ltr'><strong>in</strong></span> <span class='ocrx_word' id='word_1_25' title='bbox 1107 663 1291 727; x_wconf 90' lang='lat' dir='ltr'><strong>nominibus:</strong></span> <span class='ocrx_word' id='word_1_26' title='bbox 1315 671 1458 744; x_wconf 84' lang='lat' dir='ltr'><strong>temporo,</strong></span> <span class='ocrx_word' id='word_1_27' title='bbox 1482 664 1593 744; x_wconf 92' lang='lat' dir='ltr'><strong>quibus</strong></span> 
     </span>
     <span class='ocr_line' id='line_1_5' title="bbox 180 767 1591 850; baseline -0.004 -13"><span class='ocrx_word' id='word_1_28' title='bbox 180 788 238 850; x_wconf 80' lang='lat'><strong>381,</strong></span> <span class='ocrx_word' id='word_1_29' title='bbox 252 787 284 836; x_wconf 81' lang='lat'><strong>14</strong></span> <span class='ocrx_word' id='word_1_30' title='bbox 296 776 372 836; x_wconf 86' lang='lat' dir='ltr'><strong>iacta</strong></span> <span class='ocrx_word' id='word_1_31' title='bbox 386 773 612 834; x_wconf 87' lang='lat' dir='ltr'><strong>discernuntur:</strong></span> <span class='ocrx_word' id='word_1_32' title='bbox 635 787 794 850; x_wconf 79' lang='lat' dir='ltr'>personae,</span> <span class='ocrx_word' id='word_1_33' title='bbox 818 785 893 846; x_wconf 86' lang='lat' dir='ltr'><strong>quae</strong></span> <span class='ocrx_word' id='word_1_34' title='bbox 915 767 1153 828; x_wconf 78' lang='lat' dir='ltr'><strong>distributionem</strong></span> <span class='ocrx_word' id='word_1_35' title='bbox 1170 769 1369 847; x_wconf 80' lang='lat' dir='ltr'><strong>praesignant.</strong></span> <span class='ocrx_word' id='word_1_36' title='bbox 1388 799 1424 812; x_wconf 92' lang='lat'><em>-</em></span> <span class='ocrx_word' id='word_1_37' title='bbox 1442 769 1591 841; x_wconf 84' lang='lat' dir='ltr'><strong>Quoniam</strong></span> 
     </span>
     <span class='ocr_line' id='line_1_6' title="bbox 296 868 1593 954; baseline -0.002 -18"><span class='ocrx_word' id='word_1_38' title='bbox 296 876 385 938; x_wconf 90' lang='lat' dir='ltr'><strong>verba</strong></span> <span class='ocrx_word' id='word_1_39' title='bbox 406 874 592 954; x_wconf 79' lang='lat' dir='ltr'><strong>temporibus</strong></span> <span class='ocrx_word' id='word_1_40' title='bbox 614 881 643 934; x_wconf 89' lang='lat' dir='ltr'><strong>et</strong></span> <span class='ocrx_word' id='word_1_41' title='bbox 666 871 762 934; x_wconf 92' lang='lat' dir='ltr'><strong>modis</strong></span> <span class='ocrx_word' id='word_1_42' title='bbox 783 869 986 939; x_wconf 87' lang='lat' dir='ltr'><strong>declinantur,</strong></span> <span class='ocrx_word' id='word_1_43' title='bbox 1010 872 1129 930; x_wconf 88' lang='lat' dir='ltr'><strong>uomina</strong></span> <span class='ocrx_word' id='word_1_44' title='bbox 1153 868 1279 930; x_wconf 89' lang='lat' dir='ltr'><strong>casibus.</strong></span> <span class='ocrx_word' id='word_1_45' title='bbox 1296 871 1510 932; x_wconf 91' lang='lat' dir='ltr'><strong>-Verbum</strong></span> <span class='ocrx_word' id='word_1_46' title='bbox 1534 883 1593 934; x_wconf 90' lang='lat' dir='ltr'><strong>est</strong></span> 
     </span>
     <span class='ocr_line' id='line_1_7' title="bbox 252 971 1623 1057; baseline -0.003 -17"><span class='ocrx_word' id='word_1_47' title='bbox 252 993 283 1042; x_wconf 79' lang='lat'><strong>1⁷</strong></span> <span class='ocrx_word' id='word_1_48' title='bbox 295 978 517 1057; x_wconf 81' lang='lat' dir='ltr'><strong>interrogative,</strong></span> <span class='ocrx_word' id='word_1_49' title='bbox 539 995 625 1057; x_wconf 91' lang='lat' dir='ltr'><strong>pars</strong></span> <span class='ocrx_word' id='word_1_50' title='bbox 647 974 833 1035; x_wconf 89' lang='lat' dir='ltr'><strong>orationis</strong></span> <span class='ocrx_word' id='word_1_51' title='bbox 856 973 1035 1052; x_wconf 90' lang='lat' dir='ltr'><strong>responsive.</strong></span> <span class='ocrx_word' id='word_1_52' title='bbox 1056 1007 1092 1016; x_wconf 92' lang='lat'><em>-</em></span> <span class='ocrx_word' id='word_1_53' title='bbox 1110 971 1174 1034; x_wconf 92' lang='lat' dir='ltr'><strong>Non</strong></span> <span class='ocrx_word' id='word_1_54' title='bbox 1190 972 1331 1034; x_wconf 83' lang='lat' dir='ltr'><strong>colurnio</strong></span> <span class='ocrx_word' id='word_1_55' title='bbox 1347 973 1442 1035; x_wconf 85' lang='lat' dir='ltr'><strong>nrodis</strong></span> <span class='ocrx_word' id='word_1_56' title='bbox 1457 983 1503 1035; x_wconf 86' lang='lat' dir='ltr'><strong>est</strong></span> <span class='ocrx_word' id='word_1_57' title='bbox 1517 975 1623 1055; x_wconf 77' lang='lat' dir='ltr'><strong>‹qua-⁵</strong></span> 
     </span>
     <span class='ocr_line' id='line_1_8' title="bbox 253 1073 1594 1162; baseline -0.004 -18"><span class='ocrx_word' id='word_1_58' title='bbox 253 1096 284 1144; x_wconf 80' lang='lat'><strong>18</strong></span> <span class='ocrx_word' id='word_1_59' title='bbox 296 1081 362 1142; x_wconf 90' lang='lat' dir='ltr'><strong>litas</strong></span> <span class='ocrx_word' id='word_1_60' title='bbox 378 1080 551 1154; x_wconf 87' lang='lat' dir='ltr'><strong>verborum,</strong></span> <span class='ocrx_word' id='word_1_61' title='bbox 575 1078 627 1139; x_wconf 93' lang='lat' dir='ltr'><strong>sed</strong></span> <span class='ocrx_word' id='word_1_62' title='bbox 644 1079 731 1138; x_wconf 89' lang='lat' dir='ltr'><strong>etiam</strong></span> <span class='ocrx_word' id='word_1_63' title='bbox 746 1077 776 1136; x_wconf 90' lang='lat' dir='ltr'><strong>in</strong></span> <span class='ocrx_word' id='word_1_64' title='bbox 791 1075 905 1136; x_wconf 89' lang='lat' dir='ltr'><strong>iormis.</strong></span> <span class='ocrx_word' id='word_1_65' title='bbox 923 1109 960 1118; x_wconf 85' lang='lat'><strong>-</strong></span> <span class='ocrx_word' id='word_1_66' title='bbox 981 1073 1225 1135; x_wconf 86' lang='lat' dir='ltr'><strong>iudicativus:</strong></span> <span class='ocrx_word' id='word_1_67' title='bbox 1247 1077 1317 1155; x_wconf 91' lang='lat' dir='ltr'><strong>quia</strong></span> <span class='ocrx_word' id='word_1_68' title='bbox 1333 1095 1409 1162; x_wconf 89' lang='lat' dir='ltr'><strong>quae</strong></span> <span class='ocrx_word' id='word_1_69' title='bbox 1423 1075 1594 1139; x_wconf 89' lang='lat' dir='ltr'><strong>indicamus</strong></span> 
     </span>
     <span class='ocr_line' id='line_1_9' title="bbox 296 1177 1594 1263; baseline -0.002 -21"><span class='ocrx_word' id='word_1_70' title='bbox 296 1181 517 1263; x_wconf 89' lang='lat' dir='ltr'><strong>pronuntiando</strong></span> <span class='ocrx_word' id='word_1_71' title='bbox 545 1180 678 1242; x_wconf 87' lang='lat' dir='ltr'><strong>dicimus.</strong></span> <span class='ocrx_word' id='word_1_72' title='bbox 716 1182 743 1239; x_wconf 92' lang='lat' dir='ltr'><strong>is</strong></span> <span class='ocrx_word' id='word_1_73' title='bbox 770 1180 834 1258; x_wconf 90' lang='lat' dir='ltr'><strong>ipse</strong></span> <span class='ocrx_word' id='word_1_74' title='bbox 863 1185 908 1238; x_wconf 91' lang='lat' dir='ltr'><strong>est</strong></span> <span class='ocrx_word' id='word_1_75' title='bbox 929 1177 1180 1258; x_wconf 74' lang='lat' dir='ltr'><strong>pronuntiatione,</strong></span> <span class='ocrx_word' id='word_1_76' title='bbox 1210 1179 1260 1257; x_wconf 92' lang='lat' dir='ltr'><strong>qui</strong></span> <span class='ocrx_word' id='word_1_77' title='bbox 1289 1185 1318 1239; x_wconf 94' lang='lat' dir='ltr'><strong>et</strong></span> <span class='ocrx_word' id='word_1_78' title='bbox 1339 1177 1524 1240; x_wconf 82' lang='lat' dir='ltr'><strong>indicativus</strong></span> <span class='ocrx_word' id='word_1_79' title='bbox 1551 1215 1594 1223; x_wconf 88' lang='lat'><strong>-—</strong></span> 
     </span>
     <span class='ocr_line' id='line_1_10' title="bbox 297 1279 1594 1364; baseline -0.004 -17"><span class='ocrx_word' id='word_1_80' title='bbox 297 1285 365 1356; x_wconf 82' lang='lat' dir='ltr'><strong>Qui</strong></span> <span class='ocrx_word' id='word_1_81' title='bbox 392 1285 713 1364; x_wconf 79' lang='lat' dir='ltr'><strong>pronuntiativus:</strong></span> <span class='ocrx_word' id='word_1_82' title='bbox 743 1283 812 1359; x_wconf 88' lang='lat' dir='ltr'><strong>quia</strong></span> <span class='ocrx_word' id='word_1_83' title='bbox 835 1297 911 1358; x_wconf 88' lang='lat' dir='ltr'><strong>quae</strong></span> <span class='ocrx_word' id='word_1_84' title='bbox 934 1279 1098 1340; x_wconf 83' lang='lat' dir='ltr'><strong>indicamus</strong></span> <span class='ocrx_word' id='word_1_85' title='bbox 1120 1280 1342 1359; x_wconf 89' lang='lat' dir='ltr'><strong>pronuntiando</strong></span> <span class='ocrx_word' id='word_1_86' title='bbox 1364 1283 1525 1360; x_wconf 84' lang='lat' dir='ltr'><strong>signamus.</strong></span> <span class='ocrx_word' id='word_1_87' title='bbox 1551 1317 1594 1328; x_wconf 87' lang='lat'><em>-</em></span> 
     </span>
     <span class='ocr_line' id='line_1_11' title="bbox 296 1381 1595 1467; baseline -0.002 -19"><span class='ocrx_word' id='word_1_88' title='bbox 296 1387 503 1467; x_wconf 85' lang='lat' dir='ltr'><strong>lmperativus,</strong></span> <span class='ocrx_word' id='word_1_89' title='bbox 526 1387 656 1466; x_wconf 91' lang='lat' dir='ltr'><strong>quinos</strong></span> <span class='ocrx_word' id='word_1_90' title='bbox 679 1382 809 1446; x_wconf 86' lang='lat' dir='ltr'><strong>ostendit</strong></span> <span class='ocrx_word' id='word_1_91' title='bbox 829 1381 895 1443; x_wconf 84' lang='lat' dir='ltr'><strong>aliis</strong></span> <span class='ocrx_word' id='word_1_92' title='bbox 916 1384 1079 1462; x_wconf 90' lang='lat' dir='ltr'><strong>imperare;</strong></span> <span class='ocrx_word' id='word_1_93' title='bbox 1105 1382 1253 1463; x_wconf 87' lang='lat' dir='ltr'><strong>optativus</strong></span> <span class='ocrx_word' id='word_1_94' title='bbox 1268 1390 1313 1444; x_wconf 88' lang='lat' dir='ltr'><strong>est</strong></span> <span class='ocrx_word' id='word_1_95' title='bbox 1340 1385 1391 1463; x_wconf 93' lang='lat' dir='ltr'><strong>qui</strong></span> <span class='ocrx_word' id='word_1_96' title='bbox 1414 1390 1443 1444; x_wconf 90' lang='lat' dir='ltr'><strong>et</strong></span> <span class='ocrx_word' id='word_1_97' title='bbox 1464 1387 1595 1464; x_wconf 90' lang='lat' dir='ltr'><strong>promis-</strong></span> 
     </span>
     <span class='ocr_line' id='line_1_12' title="bbox 297 1483 1639 1570; baseline -0.001 -21"><span class='ocrx_word' id='word_1_98' title='bbox 297 1491 387 1559; x_wconf 90' lang='lat' dir='ltr'><strong>sivus,</strong></span> <span class='ocrx_word' id='word_1_99' title='bbox 410 1487 528 1566; x_wconf 90' lang='lat' dir='ltr'><strong>quando</strong></span> <span class='ocrx_word' id='word_1_100' title='bbox 550 1487 637 1549; x_wconf 90' lang='lat' dir='ltr'><strong>nobis</strong></span> <span class='ocrx_word' id='word_1_101' title='bbox 659 1487 859 1566; x_wconf 86' lang='lat' dir='ltr'><strong>promittimus</strong></span> <span class='ocrx_word' id='word_1_102' title='bbox 882 1490 911 1543; x_wconf 89' lang='lat' dir='ltr'><strong>et</strong></span> <span class='ocrx_word' id='word_1_103' title='bbox 925 1491 1061 1562; x_wconf 87' lang='lat' dir='ltr'><strong>optamus</strong></span> <span class='ocrx_word' id='word_1_104' title='bbox 1076 1483 1186 1561; x_wconf 83' lang='lat' dir='ltr'><strong>aliquid</strong></span> <span class='ocrx_word' id='word_1_105' title='bbox 1202 1486 1336 1554; x_wconf 78' lang='lat' dir='ltr'><strong>evenire:</strong></span> <span class='ocrx_word' id='word_1_106' title='bbox 1361 1485 1593 1570; x_wconf 64' lang='lat' dir='ltr'><strong>coniunctione}</strong></span> <span class='ocrx_word' id='word_1_107' title='bbox 1611 1489 1639 1528; x_wconf 83' lang='lat'><strong>1⁰</strong></span> 
     </span>
     <span class='ocr_line' id='line_1_13' title="bbox 297 1585 1593 1670; baseline 0.001 -20"><span class='ocrx_word' id='word_1_108' title='bbox 297 1591 348 1670; x_wconf 90' lang='lat' dir='ltr'><strong>qui</strong></span> <span class='ocrx_word' id='word_1_109' title='bbox 371 1609 426 1651; x_wconf 93' lang='lat' dir='ltr'><strong>nos</strong></span> <span class='ocrx_word' id='word_1_110' title='bbox 447 1591 519 1651; x_wconf 86' lang='lat' dir='ltr'><strong>iacit</strong></span> <span class='ocrx_word' id='word_1_111' title='bbox 540 1608 709 1651; x_wconf 90' lang='lat' dir='ltr'><strong>sermonem</strong></span> <span class='ocrx_word' id='word_1_112' title='bbox 732 1607 800 1649; x_wconf 91' lang='lat' dir='ltr'><strong>cum</strong></span> <span class='ocrx_word' id='word_1_113' title='bbox 823 1587 881 1649; x_wconf 89' lang='lat' dir='ltr'><strong>alio</strong></span> <span class='ocrx_word' id='word_1_114' title='bbox 905 1585 993 1648; x_wconf 92' lang='lat' dir='ltr'><strong>modo</strong></span> <span class='ocrx_word' id='word_1_115' title='bbox 1016 1587 1214 1664; x_wconf 82' lang='lat' dir='ltr'><strong>couiungrre;</strong></span> <span class='ocrx_word' id='word_1_116' title='bbox 1243 1587 1390 1659; x_wconf 82' lang='lat' dir='ltr'><strong>infinitus,</strong></span> <span class='ocrx_word' id='word_1_117' title='bbox 1414 1591 1465 1668; x_wconf 92' lang='lat' dir='ltr'><strong>qui</strong></span> <span class='ocrx_word' id='word_1_118' title='bbox 1486 1607 1593 1669; x_wconf 91' lang='lat' dir='ltr'><strong>perso-</strong></span> 
     </span>
     <span class='ocr_line' id='line_1_14' title="bbox 255 1687 1593 1772; baseline -0.004 -15"><span class='ocrx_word' id='word_1_119' title='bbox 255 1709 285 1757; x_wconf 80' lang='lat' dir='ltr'><strong>tv</strong></span> <span class='ocrx_word' id='word_1_120' title='bbox 299 1711 352 1753; x_wconf 84' lang='lat' dir='ltr'><strong>nas</strong></span> <span class='ocrx_word' id='word_1_121' title='bbox 374 1711 515 1754; x_wconf 91' lang='lat' dir='ltr'><strong>numeros</strong></span> <span class='ocrx_word' id='word_1_122' title='bbox 538 1699 567 1752; x_wconf 89' lang='lat' dir='ltr'><strong>ot</strong></span> <span class='ocrx_word' id='word_1_123' title='bbox 588 1699 721 1772; x_wconf 88' lang='lat' dir='ltr'><strong>tempora</strong></span> <span class='ocrx_word' id='word_1_124' title='bbox 744 1690 867 1750; x_wconf 81' lang='lat' dir='ltr'><strong>contusa</strong></span> <span class='ocrx_word' id='word_1_125' title='bbox 896 1687 994 1749; x_wconf 87' lang='lat' dir='ltr'><strong>babet.</strong></span> <span class='ocrx_word' id='word_1_126' title='bbox 1018 1721 1059 1732; x_wconf 92' lang='lat'><em>-</em></span> <span class='ocrx_word' id='word_1_127' title='bbox 1082 1687 1285 1751; x_wconf 88' lang='lat' dir='ltr'><strong>Verborum</strong></span> <span class='ocrx_word' id='word_1_128' title='bbox 1313 1691 1349 1750; x_wconf 93' lang='lat' dir='ltr'><strong>in</strong></span> <span class='ocrx_word' id='word_1_129' title='bbox 1378 1691 1494 1752; x_wconf 90' lang='lat' dir='ltr'><strong>modis</strong></span> <span class='ocrx_word' id='word_1_130' title='bbox 1522 1700 1593 1754; x_wconf 89' lang='lat' dir='ltr'><strong>est:</strong></span> 
     </span>
     <span class='ocr_line' id='line_1_15' title="bbox 297 1791 1594 1874; baseline 0.001 -20"><span class='ocrx_word' id='word_1_131' title='bbox 297 1795 378 1854; x_wconf 95' lang='lat' dir='ltr'><strong>modi</strong></span> <span class='ocrx_word' id='word_1_132' title='bbox 399 1802 468 1855; x_wconf 90' lang='lat' dir='ltr'><strong>suot</strong></span> <span class='ocrx_word' id='word_1_133' title='bbox 487 1793 609 1874; x_wconf 90' lang='lat' dir='ltr'><strong>proprie</strong></span> <span class='ocrx_word' id='word_1_134' title='bbox 631 1813 718 1855; x_wconf 88' lang='lat' dir='ltr'><strong>casus</strong></span> <span class='ocrx_word' id='word_1_135' title='bbox 739 1793 914 1862; x_wconf 87' lang='lat' dir='ltr'><strong>verborum,</strong></span> <span class='ocrx_word' id='word_1_136' title='bbox 938 1791 1051 1852; x_wconf 84' lang='lat' dir='ltr'><strong>iorurae</strong></span> <span class='ocrx_word' id='word_1_137' title='bbox 1073 1791 1249 1852; x_wconf 82' lang='lat' dir='ltr'><strong>intellectus</strong></span> <span class='ocrx_word' id='word_1_138' title='bbox 1287 1792 1396 1853; x_wconf 90' lang='lat' dir='ltr'><strong>accidit</strong></span> <span class='ocrx_word' id='word_1_139' title='bbox 1418 1803 1447 1855; x_wconf 87' lang='lat' dir='ltr'><strong>et</strong></span> <span class='ocrx_word' id='word_1_140' title='bbox 1468 1801 1594 1874; x_wconf 91' lang='lat' dir='ltr'><strong>tompus,</strong></span> 
     </span>
     <span class='ocr_line' id='line_1_16' title="bbox 251 1893 1594 1978; baseline 0.001 -22"><span class='ocrx_word' id='word_1_141' title='bbox 251 1915 284 1963; x_wconf 81' lang='lat'><strong>20</strong></span> <span class='ocrx_word' id='word_1_142' title='bbox 298 1897 376 1975; x_wconf 91' lang='lat' dir='ltr'><strong>quod</strong></span> <span class='ocrx_word' id='word_1_143' title='bbox 398 1916 459 1964; x_wconf 87' lang='lat' dir='ltr'><strong>non</strong></span> <span class='ocrx_word' id='word_1_144' title='bbox 481 1896 575 1956; x_wconf 82' lang='lat' dir='ltr'><strong>sotum</strong></span> <span class='ocrx_word' id='word_1_145' title='bbox 591 1896 697 1966; x_wconf 88' lang='lat' dir='ltr'><strong>verbo,</strong></span> <span class='ocrx_word' id='word_1_146' title='bbox 720 1895 772 1956; x_wconf 90' lang='lat' dir='ltr'><strong>sed</strong></span> <span class='ocrx_word' id='word_1_147' title='bbox 789 1902 818 1954; x_wconf 93' lang='lat' dir='ltr'><strong>et</strong></span> <span class='ocrx_word' id='word_1_148' title='bbox 833 1893 974 1955; x_wconf 89' lang='lat' dir='ltr'><strong>adverbio</strong></span> <span class='ocrx_word' id='word_1_149' title='bbox 990 1901 1018 1954; x_wconf 90' lang='lat' dir='ltr'><strong>et</strong></span> <span class='ocrx_word' id='word_1_150' title='bbox 1039 1895 1204 1974; x_wconf 86' lang='lat' dir='ltr'><strong>participio.</strong></span> <span class='ocrx_word' id='word_1_151' title='bbox 1224 1929 1262 1938; x_wconf 89' lang='lat'><em>-</em></span> <span class='ocrx_word' id='word_1_152' title='bbox 1279 1896 1471 1956; x_wconf 84' lang='lat' dir='ltr'><strong>Coniunctivo</strong></span> <span class='ocrx_word' id='word_1_153' title='bbox 1487 1894 1594 1978; x_wconf 59' lang='lat' dir='ltr'><strong>nroiido</strong></span> 
     </span>
     <span class='ocr_line' id='line_1_17' title="bbox 298 1995 1642 2075; baseline 0.001 -16"><span class='ocrx_word' id='word_1_154' title='bbox 298 2000 356 2060; x_wconf 90' lang='lat' dir='ltr'><strong>nisi</strong></span> <span class='ocrx_word' id='word_1_155' title='bbox 379 2001 497 2061; x_wconf 90' lang='lat' dir='ltr'><strong>iunctus</strong></span> <span class='ocrx_word' id='word_1_156' title='bbox 520 1998 610 2059; x_wconf 80' lang='lat' dir='ltr'><strong>tuerit</strong></span> <span class='ocrx_word' id='word_1_157' title='bbox 631 1997 808 2059; x_wconf 84' lang='lat' dir='ltr'><strong>indicativus</strong></span> <span class='ocrx_word' id='word_1_158' title='bbox 830 1998 923 2058; x_wconf 78' lang='lat' dir='ltr'><strong>futuri</strong></span> <span class='ocrx_word' id='word_1_159' title='bbox 946 1997 1103 2075; x_wconf 89' lang='lat' dir='ltr'><strong>temporis,</strong></span> <span class='ocrx_word' id='word_1_160' title='bbox 1133 1995 1261 2057; x_wconf 83' lang='lat' dir='ltr'><strong>elocutio</strong></span> <span class='ocrx_word' id='word_1_161' title='bbox 1284 1996 1364 2059; x_wconf 89' lang='lat' dir='ltr'><strong>illius</strong></span> <span class='ocrx_word' id='word_1_162' title='bbox 1386 2017 1445 2059; x_wconf 92' lang='lat' dir='ltr'><strong>non</strong></span> <span class='ocrx_word' id='word_1_163' title='bbox 1470 2006 1593 2068; x_wconf 87' lang='lat' dir='ltr'><strong>constat,</strong></span> <span class='ocrx_word' id='word_1_164' title='bbox 1614 2000 1642 2040; x_wconf 84' lang='lat'><strong>¹⁵</strong></span> 
     </span>
     <span class='ocr_line' id='line_1_18' title="bbox 252 2098 1594 2180; baseline -0.002 -14"><span class='ocrx_word' id='word_1_165' title='bbox 252 2119 283 2166; x_wconf 74' lang='lat'><strong>21</strong></span> <span class='ocrx_word' id='word_1_166' title='bbox 298 2107 330 2161; x_wconf 83' lang='lat' dir='ltr'><strong>ot</strong></span> <span class='ocrx_word' id='word_1_167' title='bbox 352 2105 433 2162; x_wconf 74' lang='lat' dir='ltr'><strong>‘cum</strong></span> <span class='ocrx_word' id='word_1_168' title='bbox 449 2100 567 2180; x_wconf 78' lang='lat' dir='ltr'><strong>legero,</strong></span> <span class='ocrx_word' id='word_1_169' title='bbox 591 2118 711 2178; x_wconf 85' lang='lat' dir='ltr'><strong>surgam</strong></span> <span class='ocrx_word' id='word_1_170' title='bbox 719 2105 738 2160; x_wconf 91' lang='lat'><strong>&#39;.</strong></span> <span class='ocrx_word' id='word_1_171' title='bbox 762 2135 804 2144; x_wconf 89' lang='lat'>-</span> <span class='ocrx_word' id='word_1_172' title='bbox 826 2098 1035 2180; x_wconf 87' lang='lat' dir='ltr'><strong>Inporsonaiis,</strong></span> <span class='ocrx_word' id='word_1_173' title='bbox 1060 2100 1109 2178; x_wconf 93' lang='lat' dir='ltr'><strong>qui</strong></span> <span class='ocrx_word' id='word_1_174' title='bbox 1125 2116 1267 2178; x_wconf 88' lang='lat' dir='ltr'><strong>personas</strong></span> <span class='ocrx_word' id='word_1_175' title='bbox 1282 2101 1400 2176; x_wconf 81' lang='lat' dir='ltr'><strong>quidem</strong></span> <span class='ocrx_word' id='word_1_176' title='bbox 1414 2103 1516 2176; x_wconf 83' lang='lat' dir='ltr'><strong>babet,</strong></span> <span class='ocrx_word' id='word_1_177' title='bbox 1543 2103 1594 2162; x_wconf 90' lang='lat' dir='ltr'><strong>sed</strong></span> 
     </span>
     <span class='ocr_line' id='line_1_19' title="bbox 253 2200 1594 2282; baseline 0.001 -20"><span class='ocrx_word' id='word_1_178' title='bbox 253 2222 285 2270; x_wconf 74' lang='lat'><strong>2³</strong></span> <span class='ocrx_word' id='word_1_179' title='bbox 298 2221 441 2281; x_wconf 87' lang='lat' dir='ltr'><strong>personas</strong></span> <span class='ocrx_word' id='word_1_180' title='bbox 468 2221 529 2262; x_wconf 90' lang='lat' dir='ltr'><strong>non</strong></span> <span class='ocrx_word' id='word_1_181' title='bbox 557 2202 674 2273; x_wconf 89' lang='lat' dir='ltr'><strong>dividit,</strong></span> <span class='ocrx_word' id='word_1_182' title='bbox 706 2204 762 2262; x_wconf 92' lang='lat' dir='ltr'><strong>nisi</strong></span> <span class='ocrx_word' id='word_1_183' title='bbox 791 2221 808 2263; x_wconf 92' lang='lat' dir='ltr'><strong>a</strong></span> <span class='ocrx_word' id='word_1_184' title='bbox 833 2200 1063 2282; x_wconf 90' lang='lat' dir='ltr'><strong>pronominibus</strong></span> <span class='ocrx_word' id='word_1_185' title='bbox 1091 2203 1247 2282; x_wconf 87' lang='lat' dir='ltr'><strong>acceperit.</strong></span> <span class='ocrx_word' id='word_1_186' title='bbox 1279 2235 1316 2248; x_wconf 90' lang='lat'>-</span> <span class='ocrx_word' id='word_1_187' title='bbox 1346 2201 1404 2263; x_wconf 86' lang='lat' dir='ltr'><strong>Sed</strong></span> <span class='ocrx_word' id='word_1_188' title='bbox 1432 2204 1594 2266; x_wconf 88' lang='lat' dir='ltr'><strong>notandum</strong></span> 
     </span>
     <span class='ocr_line' id='line_1_20' title="bbox 253 2301 1597 2384; baseline 0.001 -20"><span class='ocrx_word' id='word_1_189' title='bbox 253 2317 285 2365; x_wconf 79' lang='lat'><strong>25</strong></span> <span class='ocrx_word' id='word_1_190' title='bbox 299 2304 379 2384; x_wconf 92' lang='lat' dir='ltr'><strong>quod</strong></span> <span class='ocrx_word' id='word_1_191' title='bbox 402 2306 450 2365; x_wconf 89' lang='lat' dir='ltr'><strong>hic</strong></span> <span class='ocrx_word' id='word_1_192' title='bbox 472 2305 647 2365; x_wconf 83' lang='lat' dir='ltr'><strong>indicativus</strong></span> <span class='ocrx_word' id='word_1_193' title='bbox 669 2312 720 2365; x_wconf 89' lang='lat' dir='ltr'><strong>aut</strong></span> <span class='ocrx_word' id='word_1_194' title='bbox 742 2322 757 2365; x_wconf 96' lang='lat' dir='ltr'><strong>a</strong></span> <span class='ocrx_word' id='word_1_195' title='bbox 780 2302 964 2365; x_wconf 87' lang='lat' dir='ltr'><strong>neutralibus</strong></span> <span class='ocrx_word' id='word_1_196' title='bbox 979 2301 1077 2363; x_wconf 91' lang='lat' dir='ltr'><strong>verbis</strong></span> <span class='ocrx_word' id='word_1_197' title='bbox 1093 2305 1173 2364; x_wconf 89' lang='lat' dir='ltr'><strong>venit</strong></span> <span class='ocrx_word' id='word_1_198' title='bbox 1187 2311 1236 2364; x_wconf 89' lang='lat' dir='ltr'><strong>aut</strong></span> <span class='ocrx_word' id='word_1_199' title='bbox 1251 2303 1288 2364; x_wconf 89' lang='lat' dir='ltr'><strong>ab</strong></span> <span class='ocrx_word' id='word_1_200' title='bbox 1304 2306 1414 2366; x_wconf 87' lang='lat' dir='ltr'><strong>activis.</strong></span> <span class='ocrx_word' id='word_1_201' title='bbox 1435 2335 1472 2346; x_wconf 90' lang='lat'><strong>—·</strong></span> <span class='ocrx_word' id='word_1_202' title='bbox 1489 2306 1597 2366; x_wconf 87' lang='lat' dir='ltr'><strong>Miso-</strong></span> 
     </span>
     <span class='ocr_line' id='line_1_21' title="bbox 299 2404 1599 2486; baseline 0.002 -20"><span class='ocrx_word' id='word_1_203' title='bbox 299 2426 399 2468; x_wconf 90' lang='lat' dir='ltr'><strong>reor:</strong></span> <span class='ocrx_word' id='word_1_204' title='bbox 428 2406 466 2468; x_wconf 87' lang='lat' dir='ltr'><strong>ab</strong></span> <span class='ocrx_word' id='word_1_205' title='bbox 492 2406 651 2468; x_wconf 88' lang='lat' dir='ltr'><strong>indicativo</strong></span> <span class='ocrx_word' id='word_1_206' title='bbox 679 2408 772 2476; x_wconf 91' lang='lat' dir='ltr'><strong>venit,</strong></span> <span class='ocrx_word' id='word_1_207' title='bbox 802 2404 854 2466; x_wconf 91' lang='lat' dir='ltr'><strong>sed</strong></span> <span class='ocrx_word' id='word_1_208' title='bbox 883 2424 899 2466; x_wconf 88' lang='lat' dir='ltr'><strong>a</strong></span> <span class='ocrx_word' id='word_1_209' title='bbox 928 2405 1097 2486; x_wconf 90' lang='lat' dir='ltr'><strong>deponenti.</strong></span> <span class='ocrx_word' id='word_1_210' title='bbox 1127 2439 1168 2450; x_wconf 91' lang='lat'><strong>—-</strong></span> <span class='ocrx_word' id='word_1_211' title='bbox 1196 2407 1342 2467; x_wconf 89' lang='lat' dir='ltr'><strong>Senesco:</strong></span> <span class='ocrx_word' id='word_1_212' title='bbox 1371 2427 1478 2482; x_wconf 86' lang='lat' dir='ltr'><strong>senoo,</strong></span> <span class='ocrx_word' id='word_1_213' title='bbox 1507 2411 1599 2486; x_wconf 86' lang='lat' dir='ltr'><strong>quien</strong></span> 
     </span>
     <span class='ocr_line' id='line_1_22' title="bbox 298 2507 1640 2592; baseline 0.001 -22"><span class='ocrx_word' id='word_1_214' title='bbox 298 2507 410 2570; x_wconf 87' lang='lat' dir='ltr'><strong>lectum</strong></span> <span class='ocrx_word' id='word_1_215' title='bbox 438 2517 492 2571; x_wconf 89' lang='lat' dir='ltr'><strong>ost.</strong></span> <span class='ocrx_word' id='word_1_216' title='bbox 530 2509 645 2570; x_wconf 78' lang='lat' dir='ltr'><strong>facesso</strong></span> <span class='ocrx_word' id='word_1_217' title='bbox 667 2527 728 2570; x_wconf 91' lang='lat' dir='ltr'><strong>non</strong></span> <span class='ocrx_word' id='word_1_218' title='bbox 756 2516 801 2570; x_wconf 93' lang='lat' dir='ltr'><strong>est</strong></span> <span class='ocrx_word' id='word_1_219' title='bbox 820 2507 1085 2584; x_wconf 82' lang='lat' dir='ltr'><strong>frequentativum.</strong></span> <span class='ocrx_word' id='word_1_220' title='bbox 1123 2509 1335 2586; x_wconf 78' lang='lat' dir='ltr'><strong>frequentativa</strong></span> <span class='ocrx_word' id='word_1_221' title='bbox 1366 2507 1409 2589; x_wconf 90' lang='lat' dir='ltr'><strong>[in</strong></span> <span class='ocrx_word' id='word_1_222' title='bbox 1434 2509 1477 2592; x_wconf 91' lang='lat' dir='ltr'><strong>to]</strong></span> <span class='ocrx_word' id='word_1_223' title='bbox 1508 2510 1599 2572; x_wconf 84' lang='lat' dir='ltr'><strong>aliam</strong></span> <span class='ocrx_word' id='word_1_224' title='bbox 1614 2515 1640 2554; x_wconf 78' lang='lat'><strong>²⁰</strong></span> 
     </span>
     <span class='ocr_line' id='line_1_23' title="bbox 254 2608 1600 2694; baseline -0.001 -18"><span class='ocrx_word' id='word_1_225' title='bbox 254 2629 287 2678; x_wconf 78' lang='lat'><strong>22</strong></span> <span class='ocrx_word' id='word_1_226' title='bbox 300 2611 441 2692; x_wconf 69' lang='lat' dir='ltr'><strong>syllabam</strong></span> <span class='ocrx_word' id='word_1_227' title='bbox 463 2611 575 2674; x_wconf 87' lang='lat' dir='ltr'><strong>babent</strong></span> <span class='ocrx_word' id='word_1_228' title='bbox 597 2619 626 2672; x_wconf 88' lang='lat' dir='ltr'><strong>et</strong></span> <span class='ocrx_word' id='word_1_229' title='bbox 648 2611 735 2672; x_wconf 88' lang='lat' dir='ltr'><strong>aliam</strong></span> <span class='ocrx_word' id='word_1_230' title='bbox 754 2608 758 2694; x_wconf 90' lang='grc' dir='ltr'>Ι</span> <span class='ocrx_word' id='word_1_231' title='bbox 779 2613 1026 2690; x_wconf 81' lang='lat' dir='ltr'><strong>coniugationem.</strong></span> <span class='ocrx_word' id='word_1_232' title='bbox 1066 2611 1185 2689; x_wconf 88' lang='lat' dir='ltr'><strong>quiesco</strong></span> <span class='ocrx_word' id='word_1_233' title='bbox 1208 2612 1306 2691; x_wconf 89' lang='lat' dir='ltr'><strong>quievi</strong></span> <span class='ocrx_word' id='word_1_234' title='bbox 1328 2611 1405 2673; x_wconf 91' lang='lat' dir='ltr'><strong>iacit.</strong></span> <span class='ocrx_word' id='word_1_235' title='bbox 1430 2647 1469 2657; x_wconf 87' lang='lat'><strong>—-</strong></span> <span class='ocrx_word' id='word_1_236' title='bbox 1492 2613 1600 2694; x_wconf 86' lang='lat' dir='ltr'><strong>inper-</strong></span> 
     </span>
     <span class='ocr_line' id='line_1_24' title="bbox 300 2712 1599 2793; baseline 0.001 -17"><span class='ocrx_word' id='word_1_237' title='bbox 300 2713 412 2776; x_wconf 89' lang='lat' dir='ltr'><strong>sonalia</strong></span> <span class='ocrx_word' id='word_1_238' title='bbox 435 2724 496 2775; x_wconf 89' lang='lat' dir='ltr'><strong>tros</strong></span> <span class='ocrx_word' id='word_1_239' title='bbox 519 2715 750 2793; x_wconf 83' lang='lat' dir='ltr'><strong>significationes</strong></span> <span class='ocrx_word' id='word_1_240' title='bbox 773 2712 897 2775; x_wconf 91' lang='lat' dir='ltr'><strong>babent:</strong></span> <span class='ocrx_word' id='word_1_241' title='bbox 927 2723 978 2775; x_wconf 90' lang='lat' dir='ltr'><strong>aut</strong></span> <span class='ocrx_word' id='word_1_242' title='bbox 1000 2715 1029 2774; x_wconf 88' lang='lat' dir='ltr'><strong>in</strong></span> <span class='ocrx_word' id='word_1_243' title='bbox 1051 2722 1101 2775; x_wconf 89' lang='lat' dir='ltr'><strong>tur</strong></span> <span class='ocrx_word' id='word_1_244' title='bbox 1124 2720 1245 2785; x_wconf 83' lang='lat' dir='ltr'><strong>exeunt,</strong></span> <span class='ocrx_word' id='word_1_245' title='bbox 1275 2719 1307 2774; x_wconf 90' lang='lat' dir='ltr'><strong>ut</strong></span> <span class='ocrx_word' id='word_1_246' title='bbox 1329 2716 1468 2785; x_wconf 92' lang='lat' dir='ltr'><strong>curritur,</strong></span> <span class='ocrx_word' id='word_1_247' title='bbox 1493 2723 1544 2776; x_wconf 90' lang='lat' dir='ltr'><strong>ant</strong></span> <span class='ocrx_word' id='word_1_248' title='bbox 1567 2719 1599 2778; x_wconf 92' lang='lat' dir='ltr'><strong>in</strong></span> 
     </span>
     <span class='ocr_line' id='line_1_25' title="bbox 300 2814 1600 2896; baseline 0.002 -20"><span class='ocrx_word' id='word_1_249' title='bbox 300 2818 337 2887; x_wconf 88' lang='lat' dir='ltr'><strong>it,</strong></span> <span class='ocrx_word' id='word_1_250' title='bbox 362 2825 394 2877; x_wconf 92' lang='lat' dir='ltr'><strong>ut</strong></span> <span class='ocrx_word' id='word_1_251' title='bbox 416 2816 491 2891; x_wconf 86' lang='lat' dir='ltr'><strong>odit,</strong></span> <span class='ocrx_word' id='word_1_252' title='bbox 516 2818 619 2877; x_wconf 92' lang='lat' dir='ltr'><strong>autin</strong></span> <span class='ocrx_word' id='word_1_253' title='bbox 643 2822 685 2890; x_wconf 90' lang='lat' dir='ltr'><strong>et,</strong></span> <span class='ocrx_word' id='word_1_254' title='bbox 710 2823 743 2877; x_wconf 88' lang='lat' dir='ltr'><strong>ut</strong></span> <span class='ocrx_word' id='word_1_255' title='bbox 764 2817 864 2896; x_wconf 91' lang='lat' dir='ltr'><strong>pudet.</strong></span> <span class='ocrx_word' id='word_1_256' title='bbox 898 2817 958 2876; x_wconf 88' lang='lat' dir='ltr'><strong>ista</strong></span> <span class='ocrx_word' id='word_1_257' title='bbox 981 2816 1044 2895; x_wconf 87' lang='lat' dir='ltr'><strong>ipsa</strong></span> <span class='ocrx_word' id='word_1_258' title='bbox 1068 2821 1097 2874; x_wconf 88' lang='lat' dir='ltr'><strong>et</strong></span> <span class='ocrx_word' id='word_1_259' title='bbox 1118 2814 1370 2878; x_wconf 84' lang='lat' dir='ltr'><strong>neutrodeiectira</strong></span> <span class='ocrx_word' id='word_1_260' title='bbox 1388 2817 1539 2879; x_wconf 89' lang='lat' dir='ltr'><strong>dicuntur.</strong></span> <span class='ocrx_word' id='word_1_261' title='bbox 1556 2855 1600 2864; x_wconf 90' lang='lat'>—</span> 
     </span>
     <span class='ocr_line' id='line_1_26' title="bbox 255 2915 1601 2997; baseline 0.001 -18"><span class='ocrx_word' id='word_1_262' title='bbox 255 2939 288 2986; x_wconf 78' lang='lat'><strong>25</strong></span> <span class='ocrx_word' id='word_1_263' title='bbox 300 2917 376 2980; x_wconf 77' lang='lat' dir='ltr'><strong>Atta</strong></span> <span class='ocrx_word' id='word_1_264' title='bbox 400 2937 416 2978; x_wconf 91' lang='lat' dir='ltr'><strong>a</strong></span> <span class='ocrx_word' id='word_1_265' title='bbox 438 2938 475 2978; x_wconf 90' lang='lat' dir='ltr'><strong>se</strong></span> <span class='ocrx_word' id='word_1_266' title='bbox 491 2921 678 2978; x_wconf 89' lang='lat' dir='ltr'><strong>oriuntur:</strong></span> <span class='ocrx_word' id='word_1_267' title='bbox 703 2920 771 2997; x_wconf 92' lang='lat' dir='ltr'><strong>quia</strong></span> <span class='ocrx_word' id='word_1_268' title='bbox 786 2918 1017 2996; x_wconf 79' lang='lat' dir='ltr'><strong>significationes</strong></span> <span class='ocrx_word' id='word_1_269' title='bbox 1031 2936 1090 2977; x_wconf 89' lang='lat' dir='ltr'><strong>non</strong></span> <span class='ocrx_word' id='word_1_270' title='bbox 1107 2915 1226 2988; x_wconf 85' lang='lat' dir='ltr'><strong>babent,</strong></span> <span class='ocrx_word' id='word_1_271' title='bbox 1250 2918 1330 2978; x_wconf 90' lang='lat' dir='ltr'><strong>unde</strong></span> <span class='ocrx_word' id='word_1_272' title='bbox 1346 2919 1537 2981; x_wconf 87' lang='lat' dir='ltr'><strong>descendant.</strong></span> <span class='ocrx_word' id='word_1_273' title='bbox 1556 2955 1601 2964; x_wconf 94' lang='lat'><strong>——</strong></span> 
     </span>
     <span class='ocr_line' id='line_1_27' title="bbox 145 3018 1639 3102; baseline 0.002 -23"><span class='ocrx_word' id='word_1_274' title='bbox 145 3070 148 3079; x_wconf 91' lang='grc'><strong>.</strong></span> <span class='ocrx_word' id='word_1_275' title='bbox 201 3020 553 3102; x_wconf 71' lang='lat' dir='ltr'><strong>:vso‚1l&#39;raeteritrrm</strong></span> <span class='ocrx_word' id='word_1_276' title='bbox 574 3026 717 3100; x_wconf 89' lang='lat' dir='ltr'><strong>tempus</strong></span> <span class='ocrx_word' id='word_1_277' title='bbox 740 3038 809 3080; x_wconf 92' lang='lat' dir='ltr'><strong>non</strong></span> <span class='ocrx_word' id='word_1_278' title='bbox 832 3018 985 3079; x_wconf 89' lang='lat' dir='ltr'><strong>babent:</strong></span> <span class='ocrx_word' id='word_1_279' title='bbox 1015 3020 1130 3080; x_wconf 85' lang='lat' dir='ltr'><strong>calesco</strong></span> <span class='ocrx_word' id='word_1_280' title='bbox 1153 3038 1212 3079; x_wconf 90' lang='lat' dir='ltr'><strong>non</strong></span> <span class='ocrx_word' id='word_1_281' title='bbox 1236 3021 1307 3081; x_wconf 84' lang='lat' dir='ltr'><strong>iacit</strong></span> <span class='ocrx_word' id='word_1_282' title='bbox 1329 3022 1473 3090; x_wconf 86' lang='lat' dir='ltr'><strong>caiescui;</strong></span> <span class='ocrx_word' id='word_1_283' title='bbox 1503 3027 1599 3102; x_wconf 88' lang='lat' dir='ltr'><strong>parti·</strong></span> <span class='ocrx_word' id='word_1_284' title='bbox 1615 3026 1639 3068; x_wconf 74' lang='lat'><strong>2⁵</strong></span> 
     </span>
     <span class='ocr_line' id='line_1_28' title="bbox 303 3121 1601 3201; baseline 0.005 -21"><span class='ocrx_word' id='word_1_285' title='bbox 303 3123 412 3200; x_wconf 88' lang='lat' dir='ltr'><strong>cipium</strong></span> <span class='ocrx_word' id='word_1_286' title='bbox 434 3122 526 3182; x_wconf 82' lang='lat' dir='ltr'><strong>intimi</strong></span> <span class='ocrx_word' id='word_1_287' title='bbox 548 3123 692 3201; x_wconf 89' lang='lat' dir='ltr'><strong>temporis</strong></span> <span class='ocrx_word' id='word_1_288' title='bbox 714 3139 774 3182; x_wconf 92' lang='lat' dir='ltr'><strong>non</strong></span> <span class='ocrx_word' id='word_1_289' title='bbox 789 3122 874 3191; x_wconf 87' lang='lat' dir='ltr'><strong>iacit,</strong></span> <span class='ocrx_word' id='word_1_290' title='bbox 897 3121 1152 3192; x_wconf 80' lang='lat' dir='ltr'><strong>fervescenturus;</strong></span> <span class='ocrx_word' id='word_1_291' title='bbox 1176 3126 1284 3184; x_wconf 84' lang='lat' dir='ltr'><strong>tertiae</strong></span> <span class='ocrx_word' id='word_1_292' title='bbox 1297 3127 1516 3200; x_wconf 75' lang='lat' dir='ltr'><strong>contropationis</strong></span> <span class='ocrx_word' id='word_1_293' title='bbox 1532 3145 1601 3186; x_wconf 92' lang='lat' dir='ltr'><strong>cor-</strong></span> 
     </span>
     <span class='ocr_line' id='line_1_29' title="bbox 274 3222 1601 3305; baseline 0.005 -22"><span class='ocrx_word' id='word_1_294' title='bbox 274 3231 405 3304; x_wconf 80' lang='lat' dir='ltr'><strong>2reptae</strong></span> <span class='ocrx_word' id='word_1_295' title='bbox 427 3223 542 3285; x_wconf 78' lang='lat' dir='ltr'><strong>miesco</strong></span> <span class='ocrx_word' id='word_1_296' title='bbox 572 3222 704 3285; x_wconf 80' lang='lat' dir='ltr'><strong>calescis.</strong></span> <span class='ocrx_word' id='word_1_297' title='bbox 730 3257 768 3269; x_wconf 92' lang='lat'>-</span> <span class='ocrx_word' id='word_1_298' title='bbox 798 3225 893 3285; x_wconf 89' lang='lat' dir='ltr'><strong>Sunt</strong></span> <span class='ocrx_word' id='word_1_299' title='bbox 922 3223 1032 3283; x_wconf 89' lang='lat' dir='ltr'><strong>etiam</strong></span> <span class='ocrx_word' id='word_1_300' title='bbox 1060 3223 1354 3303; x_wconf 76' lang='lat' dir='ltr'><strong>frequentativa:</strong></span> <span class='ocrx_word' id='word_1_301' title='bbox 1383 3229 1601 3305; x_wconf 78' lang='lat' dir='ltr'><strong>frequentativa</strong></span> 
     </span>
     <span class='ocr_line' id='line_1_30' title="bbox 302 3323 1600 3407; baseline 0.006 -21"><span class='ocrx_word' id='word_1_302' title='bbox 302 3334 371 3387; x_wconf 92' lang='lat' dir='ltr'><strong>sunt</strong></span> <span class='ocrx_word' id='word_1_303' title='bbox 392 3326 461 3398; x_wconf 86' lang='lat' dir='ltr'><strong>aba,</strong></span> <span class='ocrx_word' id='word_1_304' title='bbox 485 3345 562 3407; x_wconf 84' lang='lat' dir='ltr'><strong>quae</strong></span> <span class='ocrx_word' id='word_1_305' title='bbox 583 3347 643 3389; x_wconf 91' lang='lat' dir='ltr'><strong>uon</strong></span> <span class='ocrx_word' id='word_1_306' title='bbox 666 3335 780 3388; x_wconf 86' lang='lat' dir='ltr'><strong>tantum</strong></span> <span class='ocrx_word' id='word_1_307' title='bbox 802 3345 818 3386; x_wconf 91' lang='lat' dir='ltr'><strong>a</strong></span> <span class='ocrx_word' id='word_1_308' title='bbox 841 3323 932 3386; x_wconf 93' lang='lat' dir='ltr'><strong>verbo</strong></span> <span class='ocrx_word' id='word_1_309' title='bbox 954 3325 1091 3398; x_wconf 89' lang='lat' dir='ltr'><strong>veniunt,</strong></span> <span class='ocrx_word' id='word_1_310' title='bbox 1115 3326 1167 3387; x_wconf 88' lang='lat' dir='ltr'><strong>sed</strong></span> <span class='ocrx_word' id='word_1_311' title='bbox 1187 3334 1217 3388; x_wconf 88' lang='lat' dir='ltr'><strong>et</strong></span> <span class='ocrx_word' id='word_1_312' title='bbox 1230 3345 1247 3388; x_wconf 86' lang='lat' dir='ltr'><strong>a</strong></span> <span class='ocrx_word' id='word_1_313' title='bbox 1262 3329 1382 3390; x_wconf 89' lang='lat' dir='ltr'><strong>nomine</strong></span> <span class='ocrx_word' id='word_1_314' title='bbox 1404 3328 1600 3394; x_wconf 87' lang='lat' dir='ltr'><strong>descendunt..</strong></span> 
     </span>
     <span class='ocr_line' id='line_1_31' title="bbox 303 3427 1601 3510; baseline 0.005 -23"><span class='ocrx_word' id='word_1_315' title='bbox 303 3446 371 3489; x_wconf 91' lang='lat' dir='ltr'><strong>nam</strong></span> <span class='ocrx_word' id='word_1_316' title='bbox 394 3431 533 3508; x_wconf 87' lang='lat' dir='ltr'><strong>patrissat</strong></span> <span class='ocrx_word' id='word_1_317' title='bbox 555 3437 599 3491; x_wconf 89' lang='lat' dir='ltr'><strong>est</strong></span> <span class='ocrx_word' id='word_1_318' title='bbox 621 3431 715 3510; x_wconf 80' lang='lat' dir='ltr'><strong>‘patri</strong></span> <span class='ocrx_word' id='word_1_319' title='bbox 737 3427 842 3490; x_wconf 80' lang='lat' dir='ltr'><strong>similis</strong></span> <span class='ocrx_word' id='word_1_320' title='bbox 865 3429 935 3499; x_wconf 89' lang='lat' dir='ltr'><strong>est&#39;,</strong></span> <span class='ocrx_word' id='word_1_321' title='bbox 959 3429 1122 3507; x_wconf 86' lang='lat' dir='ltr'><strong>graecissat</strong></span> <span class='ocrx_word' id='word_1_322' title='bbox 1149 3433 1274 3508; x_wconf 78' lang='lat' dir='ltr'><strong>‘graece</strong></span> <span class='ocrx_word' id='word_1_323' title='bbox 1297 3430 1453 3492; x_wconf 86' lang='lat' dir='ltr'><strong>adiectat&#39;.</strong></span> <span class='ocrx_word' id='word_1_324' title='bbox 1490 3440 1520 3492; x_wconf 91' lang='lat' dir='ltr'><strong>et</strong></span> <span class='ocrx_word' id='word_1_325' title='bbox 1541 3433 1601 3494; x_wconf 89' lang='lat' dir='ltr'><strong>ista</strong></span> 
     </span>
     <span class='ocr_line' id='line_1_32' title="bbox 303 3529 1640 3613; baseline 0.004 -23"><span class='ocrx_word' id='word_1_326' title='bbox 303 3547 410 3610; x_wconf 83' lang='lat' dir='ltr'><strong>quana</strong></span> <span class='ocrx_word' id='word_1_327' title='bbox 430 3533 551 3592; x_wconf 92' lang='lat' dir='ltr'><strong>nominc</strong></span> <span class='ocrx_word' id='word_1_328' title='bbox 566 3533 688 3593; x_wconf 91' lang='lat' dir='ltr'><strong>veniunt</strong></span> <span class='ocrx_word' id='word_1_329' title='bbox 703 3531 783 3592; x_wconf 92' lang='lat' dir='ltr'><strong>velut</strong></span> <span class='ocrx_word' id='word_1_330' title='bbox 803 3529 1024 3593; x_wconf 88' lang='lat' dir='ltr'><strong>similitudinem</strong></span> <span class='ocrx_word' id='word_1_331' title='bbox 1040 3537 1151 3591; x_wconf 90' lang='lat' dir='ltr'><strong>tenent.</strong></span> <span class='ocrx_word' id='word_1_332' title='bbox 1183 3549 1250 3592; x_wconf 88' lang='lat' dir='ltr'><strong>nam</strong></span> <span class='ocrx_word' id='word_1_333' title='bbox 1265 3531 1406 3611; x_wconf 85' lang='lat' dir='ltr'><strong>patrissat</strong></span> <span class='ocrx_word' id='word_1_334' title='bbox 1419 3551 1479 3593; x_wconf 91' lang='lat' dir='ltr'><strong>non</strong></span> <span class='ocrx_word' id='word_1_335' title='bbox 1503 3533 1603 3613; x_wconf 80' lang='lat' dir='ltr'><strong>‘pater</strong></span> <span class='ocrx_word' id='word_1_336' title='bbox 1614 3535 1640 3576; x_wconf 78' lang='lat'><strong>³⁰</strong></span> 
     </span>
     <span class='ocr_line' id='line_1_33' title="bbox 277 3631 1601 3714; baseline 0.006 -24"><span class='ocrx_word' id='word_1_337' title='bbox 277 3635 376 3704; x_wconf 83' lang='lat' dir='ltr'><strong>3est&#39;‚</strong></span> <span class='ocrx_word' id='word_1_338' title='bbox 411 3633 463 3694; x_wconf 89' lang='lat' dir='ltr'><strong>sed</strong></span> <span class='ocrx_word' id='word_1_339' title='bbox 496 3633 619 3694; x_wconf 80' lang='lat' dir='ltr'><strong>‘similis</strong></span> <span class='ocrx_word' id='word_1_340' title='bbox 645 3635 721 3714; x_wconf 89' lang='lat' dir='ltr'><strong>patri</strong></span> <span class='ocrx_word' id='word_1_341' title='bbox 750 3637 821 3694; x_wconf 79' lang='lat' dir='ltr'><strong>est’,</strong></span> <span class='ocrx_word' id='word_1_342' title='bbox 846 3669 884 3676; x_wconf 87' lang='lat'><em>-</em></span> <span class='ocrx_word' id='word_1_343' title='bbox 915 3634 1007 3694; x_wconf 89' lang='lat' dir='ltr'><strong>Sunt</strong></span> <span class='ocrx_word' id='word_1_344' title='bbox 1033 3635 1137 3713; x_wconf 90' lang='lat' dir='ltr'><strong>quasi</strong></span> <span class='ocrx_word' id='word_1_345' title='bbox 1167 3631 1402 3708; x_wconf 83' lang='lat' dir='ltr'><strong>diminutiva,</strong></span> <span class='ocrx_word' id='word_1_346' title='bbox 1429 3637 1433 3710; x_wconf 94' lang='grc' dir='ltr'>Ι</span> <span class='ocrx_word' id='word_1_347' title='bbox 1461 3652 1554 3713; x_wconf 86' lang='lat' dir='ltr'><strong>quoe</strong></span> <span class='ocrx_word' id='word_1_348' title='bbox 1584 3657 1601 3698; x_wconf 89' lang='lat' dir='ltr'><strong>a</strong></span> 
     </span>
     <span class='ocr_line' id='line_1_34' title="bbox 306 3733 1601 3824; baseline 0.004 -30"><span class='ocrx_word' id='word_1_349' title='bbox 306 3734 474 3813; x_wconf 82' lang='lat' dir='ltr'><strong>perfecta</strong></span> <span class='ocrx_word' id='word_1_350' title='bbox 501 3737 617 3796; x_wconf 87' lang='lat' dir='ltr'><strong>iorma</strong></span> <span class='ocrx_word' id='word_1_351' title='bbox 645 3737 812 3807; x_wconf 89' lang='lat' dir='ltr'><strong>veniunt,</strong></span> <span class='ocrx_word' id='word_1_352' title='bbox 847 3734 1007 3798; x_wconf 82' lang='lat' dir='ltr'><strong>sorbitio</strong></span> <span class='ocrx_word' id='word_1_353' title='bbox 1036 3733 1190 3814; x_wconf 81' lang='lat' dir='ltr'><strong>sugillo:</strong></span> <span class='ocrx_word' id='word_1_354' title='bbox 1219 3736 1275 3795; x_wconf 85' lang='lat' dir='ltr'><strong>ista</strong></span> <span class='ocrx_word' id='word_1_355' title='bbox 1296 3735 1419 3797; x_wconf 87' lang='lat' dir='ltr'><strong>sorbitio</strong></span> <span class='ocrx_word' id='word_1_356' title='bbox 1442 3746 1470 3798; x_wconf 91' lang='lat' dir='ltr'><strong>ot</strong></span> <span class='ocrx_word' id='word_1_357' title='bbox 1492 3737 1601 3824; x_wconf 77' lang='lat' dir='ltr'><strong>sugilio</strong></span> 
     </span>
     <span class='ocr_line' id='line_1_35' title="bbox 307 3837 1601 3923; baseline 0.005 -28"><span class='ocrx_word' id='word_1_358' title='bbox 307 3837 386 3898; x_wconf 87' lang='lat' dir='ltr'><strong>vetut</strong></span> <span class='ocrx_word' id='word_1_359' title='bbox 407 3837 579 3898; x_wconf 88' lang='lat' dir='ltr'><strong>diminutiva</strong></span> <span class='ocrx_word' id='word_1_360' title='bbox 595 3845 673 3923; x_wconf 87' lang='lat' dir='ltr'><strong>sunt.</strong></span> <span class='ocrx_word' id='word_1_361' title='bbox 709 3837 760 3897; x_wconf 91' lang='lat' dir='ltr'><strong>sed</strong></span> <span class='ocrx_word' id='word_1_362' title='bbox 776 3837 947 3898; x_wconf 90' lang='lat' dir='ltr'><strong>diminutiva</strong></span> <span class='ocrx_word' id='word_1_363' title='bbox 966 3857 1023 3898; x_wconf 76' lang='lat' dir='ltr'><strong>novit</strong></span> <span class='ocrx_word' id='word_1_364' title='bbox 1040 3845 1122 3906; x_wconf 84' lang='lat' dir='ltr'><strong>sunt,</strong></span> <span class='ocrx_word' id='word_1_365' title='bbox 1147 3839 1200 3899; x_wconf 91' lang='lat' dir='ltr'><strong>sed</strong></span> <span class='ocrx_word' id='word_1_366' title='bbox 1215 3839 1308 3916; x_wconf 84' lang='lat' dir='ltr'><strong>magis</strong></span> <span class='ocrx_word' id='word_1_367' title='bbox 1323 3839 1490 3900; x_wconf 81' lang='lat' dir='ltr'><strong>derivativa.</strong></span> <span class='ocrx_word' id='word_1_368' title='bbox 1530 3859 1601 3902; x_wconf 90' lang='lat' dir='ltr'><strong>uam</strong></span> 
     </span>
    </p>
   </div>
   <div class='ocr_carea' id='block_1_4' title="bbox 306 4021 1603 4582">
    <p class='ocr_par' dir='ltr' id='par_1_4' title="bbox 306 4021 1603 4582">
     <span class='ocr_line' id='line_1_36' title="bbox 377 4021 1529 4090; baseline 0.003 -17"><span class='ocrx_word' id='word_1_369' title='bbox 377 4024 438 4078; x_wconf 82' lang='lat' dir='ltr'><strong>Ood.</strong></span> <span class='ocrx_word' id='word_1_370' title='bbox 459 4023 539 4076; x_wconf 72' lang='lat' dir='ltr'><strong>nm.</strong></span> <span class='ocrx_word' id='word_1_371' title='bbox 554 4021 762 4076; x_wconf 76' lang='lat' dir='ltr'><strong>v11113*-5*.</strong></span> <span class='ocrx_word' id='word_1_372' title='bbox 833 4027 849 4074; x_wconf 85' lang='grc'><strong>2</strong></span> <span class='ocrx_word' id='word_1_373' title='bbox 868 4027 893 4074; x_wconf 93' lang='lat' dir='ltr'><strong>in</strong></span> <span class='ocrx_word' id='word_1_374' title='bbox 910 4024 1027 4075; x_wconf 85' lang='lat' dir='ltr'><strong>omnibus</strong></span> <span class='ocrx_word' id='word_1_375' title='bbox 1042 4031 1147 4090; x_wconf 82' lang='lat' dir='ltr'><strong>utroque</strong></span> <span class='ocrx_word' id='word_1_376' title='bbox 1164 4027 1218 4076; x_wconf 85' lang='lat' dir='ltr'><strong>loco</strong></span> <span class='ocrx_word' id='word_1_377' title='bbox 1287 4023 1303 4079; x_wconf 88' lang='lat'>3</span> <span class='ocrx_word' id='word_1_378' title='bbox 1322 4026 1529 4077; x_wconf 87' lang='lat' dir='ltr'><strong>destributionem</strong></span> 
     </span>
     <span class='ocr_line' id='line_1_37' title="bbox 306 4093 1602 4161; baseline 0.003 -17"><span class='ocrx_word' id='word_1_379' title='bbox 306 4095 539 4159; x_wconf 82' lang='lat' dir='ltr'><strong>5iuterrogatinae</strong></span> <span class='ocrx_word' id='word_1_380' title='bbox 589 4097 755 4159; x_wconf 82' lang='lat' dir='ltr'><strong>responsione</strong></span> <span class='ocrx_word' id='word_1_381' title='bbox 826 4096 964 4146; x_wconf 74' lang='lat' dir='ltr'><strong>iiscorr.</strong></span> <span class='ocrx_word' id='word_1_382' title='bbox 981 4095 1008 4143; x_wconf 91' lang='lat' dir='ltr'><strong>id</strong></span> <span class='ocrx_word' id='word_1_383' title='bbox 1077 4093 1224 4161; x_wconf 78' lang='lat' dir='ltr'><strong>diuperere</strong></span> <span class='ocrx_word' id='word_1_384' title='bbox 1295 4095 1329 4147; x_wconf 88' lang='lat'><strong>10</strong></span> <span class='ocrx_word' id='word_1_385' title='bbox 1344 4097 1434 4160; x_wconf 81' lang='lat' dir='ltr'><strong>eliquit</strong></span> <span class='ocrx_word' id='word_1_386' title='bbox 1505 4099 1537 4148; x_wconf 98' lang='grc'><strong>12</strong></span> <span class='ocrx_word' id='word_1_387' title='bbox 1554 4113 1602 4148; x_wconf 92' lang='lat' dir='ltr'><strong>nu-</strong></span> 
     </span>
     <span class='ocr_line' id='line_1_38' title="bbox 308 4161 1602 4234; baseline 0.005 -22"><span class='ocrx_word' id='word_1_388' title='bbox 308 4161 402 4230; x_wconf 86' lang='lat' dir='ltr'><strong>meros]</strong></span> <span class='ocrx_word' id='word_1_389' title='bbox 423 4163 535 4213; x_wconf 88' lang='lat' dir='ltr'><strong>muueris</strong></span> <span class='ocrx_word' id='word_1_390' title='bbox 553 4179 621 4216; x_wconf 84' lang='lat' dir='ltr'><strong>corr.</strong></span> <span class='ocrx_word' id='word_1_391' title='bbox 643 4167 678 4217; x_wconf 85' lang='lat' dir='ltr'><strong>at.</strong></span> <span class='ocrx_word' id='word_1_392' title='bbox 697 4181 762 4217; x_wconf 78' lang='lat' dir='ltr'><strong>raon.</strong></span> <span class='ocrx_word' id='word_1_393' title='bbox 783 4165 896 4214; x_wconf 88' lang='lat' dir='ltr'><strong>rrumeris</strong></span> <span class='ocrx_word' id='word_1_394' title='bbox 949 4164 1067 4214; x_wconf 88' lang='lat' dir='ltr'><strong>immodis</strong></span> <span class='ocrx_word' id='word_1_395' title='bbox 1126 4163 1157 4214; x_wconf 89' lang='grc'><strong>13</strong></span> <span class='ocrx_word' id='word_1_396' title='bbox 1177 4165 1295 4231; x_wconf 80' lang='lat' dir='ltr'><strong>propriae</strong></span> <span class='ocrx_word' id='word_1_397' title='bbox 1366 4167 1399 4218; x_wconf 79' lang='lat'><strong>16</strong></span> <span class='ocrx_word' id='word_1_398' title='bbox 1418 4168 1461 4231; x_wconf 92' lang='lat' dir='ltr'><strong>qui</strong></span> <span class='ocrx_word' id='word_1_399' title='bbox 1475 4183 1602 4234; x_wconf 84' lang='lat' dir='ltr'><strong>personas</strong></span> 
     </span>
     <span class='ocr_line' id='line_1_39' title="bbox 308 4233 1602 4300; baseline 0.005 -19"><span class='ocrx_word' id='word_1_400' title='bbox 308 4249 335 4282; x_wconf 90' lang='lat' dir='ltr'><strong>se</strong></span> <span class='ocrx_word' id='word_1_401' title='bbox 354 4236 433 4294; x_wconf 85' lang='lat' dir='ltr'><strong>(corr.</strong></span> <span class='ocrx_word' id='word_1_402' title='bbox 447 4235 483 4287; x_wconf 84' lang='lat' dir='ltr'><strong>nl.</strong></span> <span class='ocrx_word' id='word_1_403' title='bbox 497 4249 561 4287; x_wconf 78' lang='lat' dir='ltr'><strong>naon.</strong></span> <span class='ocrx_word' id='word_1_404' title='bbox 574 4234 633 4296; x_wconf 80' lang='lat' dir='ltr'><strong>sed)</strong></span> <span class='ocrx_word' id='word_1_405' title='bbox 646 4249 772 4300; x_wconf 84' lang='lat' dir='ltr'><strong>personas</strong></span> <span class='ocrx_word' id='word_1_406' title='bbox 790 4247 841 4282; x_wconf 90' lang='lat' dir='ltr'><strong>non</strong></span> <span class='ocrx_word' id='word_1_407' title='bbox 894 4233 926 4284; x_wconf 81' lang='lat'><strong>19</strong></span> <span class='ocrx_word' id='word_1_408' title='bbox 945 4248 1049 4283; x_wconf 82' lang='lat' dir='ltr'><strong>eeneseo</strong></span> <span class='ocrx_word' id='word_1_409' title='bbox 1068 4236 1139 4282; x_wconf 85' lang='lat' dir='ltr'><strong>senio</strong></span> <span class='ocrx_word' id='word_1_410' title='bbox 1159 4237 1233 4300; x_wconf 86' lang='lat' dir='ltr'><strong>cupio</strong></span> <span class='ocrx_word' id='word_1_411' title='bbox 1252 4237 1324 4286; x_wconf 86' lang='lat' dir='ltr'><strong>s&#39;euio</strong></span> <span class='ocrx_word' id='word_1_412' title='bbox 1344 4236 1436 4286; x_wconf 85' lang='lat' dir='ltr'><strong>lectum</strong></span> <span class='ocrx_word' id='word_1_413' title='bbox 1456 4254 1483 4288; x_wconf 86' lang='lat' dir='ltr'><strong>es</strong></span> <span class='ocrx_word' id='word_1_414' title='bbox 1499 4239 1602 4289; x_wconf 84' lang='lat' dir='ltr'><strong>incesso</strong></span> 
     </span>
     <span class='ocr_line' id='line_1_40' title="bbox 309 4300 1603 4374; baseline 0.006 -24"><span class='ocrx_word' id='word_1_415' title='bbox 309 4317 358 4352; x_wconf 89' lang='lat' dir='ltr'><strong>uon</strong></span> <span class='ocrx_word' id='word_1_416' title='bbox 377 4315 416 4352; x_wconf 87' lang='lat' dir='ltr'><strong>est</strong></span> <span class='ocrx_word' id='word_1_417' title='bbox 434 4303 619 4366; x_wconf 83' lang='lat' dir='ltr'><strong>ireqrveututiue</strong></span> <span class='ocrx_word' id='word_1_418' title='bbox 637 4305 662 4352; x_wconf 90' lang='lat' dir='ltr'><strong>in</strong></span> <span class='ocrx_word' id='word_1_419' title='bbox 682 4312 736 4354; x_wconf 84' lang='lat' dir='ltr'><strong>toso</strong></span> <span class='ocrx_word' id='word_1_420' title='bbox 754 4303 835 4368; x_wconf 87' lang='lat' dir='ltr'><strong>(corr.</strong></span> <span class='ocrx_word' id='word_1_421' title='bbox 856 4300 1141 4368; x_wconf 82' lang='lat' dir='ltr'><strong>o1.man.toto)aliem</strong></span> <span class='ocrx_word' id='word_1_422' title='bbox 1201 4305 1233 4356; x_wconf 86' lang='grc'><strong>21</strong></span> <span class='ocrx_word' id='word_1_423' title='bbox 1250 4303 1345 4374; x_wconf 86' lang='lat' dir='ltr'><strong>quievi]</strong></span> <span class='ocrx_word' id='word_1_424' title='bbox 1367 4308 1437 4372; x_wconf 89' lang='lat' dir='ltr'><strong>quivi</strong></span> <span class='ocrx_word' id='word_1_425' title='bbox 1507 4309 1539 4358; x_wconf 84' lang='grc'><strong>22</strong></span> <span class='ocrx_word' id='word_1_426' title='bbox 1557 4319 1603 4358; x_wconf 89' lang='lat' dir='ltr'><strong>aut</strong></span> 
     </span>
     <span class='ocr_line' id='line_1_41' title="bbox 309 4373 1600 4443; baseline 0.006 -23"><span class='ocrx_word' id='word_1_427' title='bbox 309 4373 335 4420; x_wconf 88' lang='lat' dir='ltr'><strong>in</strong></span> <span class='ocrx_word' id='word_1_428' title='bbox 354 4373 372 4420; x_wconf 88' lang='lat' dir='ltr'><strong>it</strong></span> <span class='ocrx_word' id='word_1_429' title='bbox 390 4373 471 4436; x_wconf 71' lang='lat' dir='ltr'><strong>(corr.</strong></span> <span class='ocrx_word' id='word_1_430' title='bbox 491 4375 527 4422; x_wconf 83' lang='lat' dir='ltr'><strong>oi.</strong></span> <span class='ocrx_word' id='word_1_431' title='bbox 545 4390 608 4427; x_wconf 70' lang='lat' dir='ltr'><strong>aaron.</strong></span> <span class='ocrx_word' id='word_1_432' title='bbox 632 4375 671 4436; x_wconf 73' lang='grc'><strong>,1)</strong></span> <span class='ocrx_word' id='word_1_433' title='bbox 691 4385 719 4424; x_wconf 90' lang='lat' dir='ltr'><strong>ut</strong></span> <span class='ocrx_word' id='word_1_434' title='bbox 736 4374 778 4423; x_wconf 92' lang='lat' dir='ltr'><strong>odi</strong></span> <span class='ocrx_word' id='word_1_435' title='bbox 831 4373 944 4424; x_wconf 77' lang='lat' dir='ltr'><strong>2doiiee</strong></span> <span class='ocrx_word' id='word_1_436' title='bbox 997 4373 1123 4423; x_wconf 69' lang='lat' dir='ltr'><strong>estnon</strong></span> <span class='ocrx_word' id='word_1_437' title='bbox 1193 4377 1326 4443; x_wconf 84' lang='lat' dir='ltr'><strong>participio</strong></span> <span class='ocrx_word' id='word_1_438' title='bbox 1379 4377 1413 4429; x_wconf 84' lang='grc'><strong>26</strong></span> <span class='ocrx_word' id='word_1_439' title='bbox 1432 4377 1520 4428; x_wconf 75' lang='lat' dir='ltr'><strong>tertiae</strong></span> <span class='ocrx_word' id='word_1_440' title='bbox 1539 4395 1600 4429; x_wconf 89' lang='lat' dir='ltr'><strong>con-</strong></span> 
     </span>
     <span class='ocr_line' id='line_1_42' title="bbox 310 4443 1602 4511; baseline 0.006 -21"><span class='ocrx_word' id='word_1_441' title='bbox 310 4443 448 4508; x_wconf 75' lang='lat' dir='ltr'><strong>iugationis</strong></span> <span class='ocrx_word' id='word_1_442' title='bbox 466 4457 512 4492; x_wconf 80' lang='lat' dir='ltr'><strong>our.</strong></span> <span class='ocrx_word' id='word_1_443' title='bbox 566 4443 601 4494; x_wconf 81' lang='lat'><strong>28</strong></span> <span class='ocrx_word' id='word_1_444' title='bbox 622 4455 646 4494; x_wconf 90' lang='lat' dir='ltr'><strong>et</strong></span> <span class='ocrx_word' id='word_1_445' title='bbox 664 4459 710 4493; x_wconf 86' lang='lat' dir='ltr'><strong>om.</strong></span> <span class='ocrx_word' id='word_1_446' title='bbox 773 4444 917 4495; x_wconf 72' lang='lat' dir='ltr'><strong>estsimilis</strong></span> <span class='ocrx_word' id='word_1_447' title='bbox 936 4459 963 4494; x_wconf 84' lang='lat' dir='ltr'><strong>es</strong></span> <span class='ocrx_word' id='word_1_448' title='bbox 982 4445 1122 4510; x_wconf 80' lang='lat' dir='ltr'><strong>graecissot</strong></span> <span class='ocrx_word' id='word_1_449' title='bbox 1140 4453 1248 4511; x_wconf 76' lang='lat' dir='ltr'><strong>graecae</strong></span> <span class='ocrx_word' id='word_1_450' title='bbox 1265 4446 1408 4498; x_wconf 75' lang='lat' dir='ltr'><strong>adfectatur</strong></span> <span class='ocrx_word' id='word_1_451' title='bbox 1479 4445 1513 4498; x_wconf 78' lang='lat'><strong>³0</strong></span> <span class='ocrx_word' id='word_1_452' title='bbox 1531 4449 1602 4498; x_wconf 82' lang='lat' dir='ltr'><strong>uelvrt</strong></span> 
     </span>
     <span class='ocr_line' id='line_1_43' title="bbox 308 4512 1461 4582; baseline 0.004 -19"><span class='ocrx_word' id='word_1_453' title='bbox 308 4527 377 4565; x_wconf 80' lang='lat' dir='ltr'><strong>corr.</strong></span> <span class='ocrx_word' id='word_1_454' title='bbox 395 4514 430 4566; x_wconf 82' lang='lat' dir='ltr'><strong>ai.</strong></span> <span class='ocrx_word' id='word_1_455' title='bbox 450 4529 515 4563; x_wconf 76' lang='lat' dir='ltr'><strong>nan.</strong></span> <span class='ocrx_word' id='word_1_456' title='bbox 534 4512 613 4564; x_wconf 88' lang='lat' dir='ltr'><strong>uelud</strong></span> <span class='ocrx_word' id='word_1_457' title='bbox 681 4521 749 4564; x_wconf 86' lang='lat' dir='ltr'><strong>tenet</strong></span> <span class='ocrx_word' id='word_1_458' title='bbox 817 4513 850 4566; x_wconf 85' lang='lat'><strong>31</strong></span> <span class='ocrx_word' id='word_1_459' title='bbox 872 4515 962 4564; x_wconf 81' lang='lat' dir='ltr'><strong>similis</strong></span> <span class='ocrx_word' id='word_1_460' title='bbox 979 4514 1058 4580; x_wconf 81' lang='lat' dir='ltr'><strong>petris</strong></span> <span class='ocrx_word' id='word_1_461' title='bbox 1078 4523 1136 4565; x_wconf 88' lang='lat' dir='ltr'><strong>suut</strong></span> <span class='ocrx_word' id='word_1_462' title='bbox 1155 4516 1227 4578; x_wconf 82' lang='lat' dir='ltr'><strong>qussi</strong></span> <span class='ocrx_word' id='word_1_463' title='bbox 1298 4517 1331 4567; x_wconf 88' lang='lat' dir='ltr'><strong>od</strong></span> <span class='ocrx_word' id='word_1_464' title='bbox 1349 4517 1461 4582; x_wconf 80' lang='lat' dir='ltr'><strong>perfecte</strong></span> 
     </span>
    </p>
   </div>
   <div class='ocr_carea' id='block_1_5' title="bbox 309 4633 1602 4808">
    <p class='ocr_par' dir='ltr' id='par_1_5' title="bbox 309 4633 1602 4808">
     <span class='ocr_line' id='line_1_44' title="bbox 380 4633 1601 4736; baseline 0.006 -19"><span class='ocrx_word' id='word_1_465' title='bbox 380 4667 413 4718; x_wconf 85' lang='grc'><strong>19</strong></span> <span class='ocrx_word' id='word_1_466' title='bbox 432 4683 535 4718; x_wconf 83' lang='lat' dir='ltr'><strong>senesce</strong></span> <span class='ocrx_word' id='word_1_467' title='bbox 552 4696 586 4705; x_wconf 96' lang='lat'>—</span> <span class='ocrx_word' id='word_1_468' title='bbox 603 4670 635 4720; x_wconf 85' lang='grc'><strong>21</strong></span> <span class='ocrx_word' id='word_1_469' title='bbox 657 4668 717 4719; x_wconf 79' lang='lat' dir='ltr'><strong>ierit</strong></span> <span class='ocrx_word' id='word_1_470' title='bbox 735 4633 772 4719; x_wconf 73' lang='lat' dir='ltr'><strong>ed</strong></span> <span class='ocrx_word' id='word_1_471' title='bbox 785 4671 953 4734; x_wconf 75' lang='lat' dir='ltr'><strong>differentiam</strong></span> <span class='ocrx_word' id='word_1_472' title='bbox 974 4669 1073 4732; x_wconf 80' lang='lat' dir='ltr'><strong>foratae</strong></span> <span class='ocrx_word' id='word_1_473' title='bbox 1085 4669 1240 4721; x_wconf 74' lang='lat' dir='ltr'><strong>inchoatione</strong></span> <span class='ocrx_word' id='word_1_474' title='bbox 1252 4679 1277 4722; x_wconf 85' lang='lat' dir='ltr'><strong>et</strong></span> <span class='ocrx_word' id='word_1_475' title='bbox 1290 4673 1390 4736; x_wconf 77' lang='lat' dir='ltr'><strong>somine</strong></span> <span class='ocrx_word' id='word_1_476' title='bbox 1404 4673 1548 4736; x_wconf 78' lang='lat' dir='ltr'><strong>perfectae,</strong></span> <span class='ocrx_word' id='word_1_477' title='bbox 1569 4674 1601 4724; x_wconf 80' lang='lat' dir='ltr'><strong>de</strong></span> 
     </span>
     <span class='ocr_line' id='line_1_45' title="bbox 309 4738 1602 4808; baseline 0.006 -23"><span class='ocrx_word' id='word_1_478' title='bbox 309 4753 359 4804; x_wconf 80' lang='lat' dir='ltr'><strong>pua</strong></span> <span class='ocrx_word' id='word_1_479' title='bbox 368 4738 437 4801; x_wconf 74' lang='lat' dir='ltr'><strong>insin</strong></span> <span class='ocrx_word' id='word_1_480' title='bbox 450 4755 474 4788; x_wconf 83' lang='lat' dir='ltr'><strong>v.</strong></span> <span class='ocrx_word' id='word_1_481' title='bbox 481 4740 515 4789; x_wconf 83' lang='grc'><strong>25</strong></span> <span class='ocrx_word' id='word_1_482' title='bbox 527 4739 617 4790; x_wconf 60' lang='lat' dir='ltr'><strong>damn</strong></span> <span class='ocrx_word' id='word_1_483' title='bbox 629 4747 677 4802; x_wconf 80' lang='lat' dir='ltr'><strong>ert,</strong></span> <span class='ocrx_word' id='word_1_484' title='bbox 694 4743 832 4802; x_wconf 82' lang='lat' dir='ltr'><strong>pertinent:</strong></span> <span class='ocrx_word' id='word_1_485' title='bbox 853 4741 888 4804; x_wconf 85' lang='lat' dir='ltr'><strong>as.</strong></span> <span class='ocrx_word' id='word_1_486' title='bbox 905 4741 1015 4806; x_wconf 86' lang='lat' dir='ltr'><strong>Pompei.</strong></span> <span class='ocrx_word' id='word_1_487' title='bbox 1029 4757 1058 4804; x_wconf 87' lang='lat' dir='ltr'><strong>p.</strong></span> <span class='ocrx_word' id='word_1_488' title='bbox 1073 4739 1124 4792; x_wconf 82' lang='lat'><strong>283</strong></span> <span class='ocrx_word' id='word_1_489' title='bbox 1138 4741 1178 4790; x_wconf 84' lang='lat' dir='ltr'><strong>ed.</strong></span> <span class='ocrx_word' id='word_1_490' title='bbox 1191 4739 1266 4791; x_wconf 84' lang='lat' dir='ltr'><strong>Lind.</strong></span> <span class='ocrx_word' id='word_1_491' title='bbox 1278 4741 1377 4792; x_wconf 82' lang='lat' dir='ltr'><strong>incesso</strong></span> <span class='ocrx_word' id='word_1_492' title='bbox 1389 4753 1469 4793; x_wconf 84' lang='lat' dir='ltr'><strong>autem</strong></span> <span class='ocrx_word' id='word_1_493' title='bbox 1479 4743 1602 4808; x_wconf 73' lang='lat' dir='ltr'><strong>frequen-</strong></span> 
     </span>
    </p>
   </div>
   <div class='ocr_carea' id='block_1_6' title="bbox 308 4809 1602 4944">
    <p class='ocr_par' dir='ltr' id='par_1_6' title="bbox 308 4809 1602 4944">
     <span class='ocr_line' id='line_1_46' title="bbox 308 4809 1602 4882; baseline 0.004 -22"><span class='ocrx_word' id='word_1_494' title='bbox 308 4809 410 4860; x_wconf 79' lang='lat' dir='ltr'><strong>tativum</strong></span> <span class='ocrx_word' id='word_1_495' title='bbox 429 4823 478 4858; x_wconf 82' lang='lat' dir='ltr'><strong>non</strong></span> <span class='ocrx_word' id='word_1_496' title='bbox 492 4823 548 4860; x_wconf 80' lang='lat' dir='ltr'><strong>erse</strong></span> <span class='ocrx_word' id='word_1_497' title='bbox 565 4811 704 4873; x_wconf 59' lang='lat' dir='ltr'><strong>mvnera</strong></span> <span class='ocrx_word' id='word_1_498' title='bbox 720 4811 839 4874; x_wconf 79' lang='lat' dir='ltr'><strong>ertiasra</strong></span> <span class='ocrx_word' id='word_1_499' title='bbox 855 4825 882 4872; x_wconf 83' lang='lat' dir='ltr'><strong>p.</strong></span> <span class='ocrx_word' id='word_1_500' title='bbox 895 4809 939 4872; x_wconf 84' lang='grc'><strong>61,</strong></span> <span class='ocrx_word' id='word_1_501' title='bbox 957 4809 991 4862; x_wconf 86' lang='grc'><strong>32</strong></span> <span class='ocrx_word' id='word_1_502' title='bbox 1058 4809 1092 4861; x_wconf 85' lang='grc'><strong>23</strong></span> <span class='ocrx_word' id='word_1_503' title='bbox 1110 4819 1136 4860; x_wconf 93' lang='lat' dir='ltr'><strong>ut</strong></span> <span class='ocrx_word' id='word_1_504' title='bbox 1153 4811 1207 4860; x_wconf 90' lang='lat' dir='ltr'><strong>odit</strong></span> <span class='ocrx_word' id='word_1_505' title='bbox 1219 4811 1369 4866; x_wconf 82' lang='lat' dir='ltr'><strong>Putscbtur:</strong></span> <span class='ocrx_word' id='word_1_506' title='bbox 1387 4816 1511 4882; x_wconf 80' lang='lat' dir='ltr'><strong>contingit</strong></span> <span class='ocrx_word' id='word_1_507' title='bbox 1528 4815 1602 4882; x_wconf 80' lang='lat' dir='ltr'><strong>mdpo</strong></span> 
     </span>
     <span class='ocr_line' id='line_1_47' title="bbox 310 4880 867 4944; baseline 0.002 -15"><span class='ocrx_word' id='word_1_508' title='bbox 310 4882 335 4929; x_wconf 84' lang='lat' dir='ltr'><strong>in</strong></span> <span class='ocrx_word' id='word_1_509' title='bbox 350 4881 464 4942; x_wconf 63' lang='lat' dir='ltr'><strong>compto</strong></span> <span class='ocrx_word' id='word_1_510' title='bbox 482 4880 676 4944; x_wconf 78' lang='lat' dir='ltr'><strong>inpersouaiium</strong></span> <span class='ocrx_word' id='word_1_511' title='bbox 693 4881 719 4930; x_wconf 84' lang='lat' dir='ltr'><strong>in</strong></span> <span class='ocrx_word' id='word_1_512' title='bbox 733 4881 753 4929; x_wconf 94' lang='lat' dir='ltr'><strong>it</strong></span> <span class='ocrx_word' id='word_1_513' title='bbox 764 4884 867 4944; x_wconf 81' lang='lat' dir='ltr'><strong>ponitur</strong></span> 
     </span>
    </p>
   </div>
   <div class='ocr_carea' id='block_1_7' title="bbox 0 0 1694 5442">
    <p class='ocr_par' dir='ltr' id='par_1_7' title="bbox 0 0 1694 5442">
     <span class='ocr_line' id='line_1_48' title="bbox 0 0 1694 5442; baseline 0 0"><span class='ocrx_word' id='word_1_514' title='bbox 0 0 1694 5442; x_wconf 95' lang='lat' dir='ltr'><strong> </strong></span> 
     </span>
    </p>
   </div>
  </div>
 </body>
</html>
