3350 5442
295 365 357 430 343
762 365 1029 449 [3333333333]
1054 368 1125 430 ans

320 487 341 527 p.
354 475 455 519 3333-33
468 473 491 514 3.

295 557 403 618 lecturi
430 555 501 618 buic
528 555 652 616 lecturo.
697 575 766 616 eece
793 559 886 619 traxit
914 575 930 616 3
958 558 1078 616 nomine
1106 556 1346 618 declinationem.
1390 576 1462 619 sane
1484 559 1589 619 omnia

295 642 453 722 partieipia
481 643 512 702 in
539 643 690 720 praesenti
719 648 852 720 tempore
883 648 933 703 aut
960 644 991 702 in
1020 660 1073 703 333
1101 649 1211 704 exeunt
1237 650 1268 702 et
1293 642 1417 703 veniunt
1442 663 1460 703 3
1488 645 1588 723 prima

295 727 518 804 coniugatione,
547 732 581 786 ut
607 745 707 786 amans
735 727 881 796 clamans,
909 728 1017 788 33113
1047 745 1100 790 333
1129 735 1159 788 31
1185 729 1308 788 3331331
1334 747 1352 788 3
1379 729 1510 789 33333313
1536 728 1587 789 vel

294 813 382 875 tertia
404 819 539 890 correpta
561 811 607 872 vel
630 811 789 890 producta,
817 822 851 871 ut
873 830 997 872 monens
1019 814 1121 891 legens
1138 812 1284 880 serviens.
1328 831 1398 874 nam
1419 832 1544 874 monens
1568 835 1587 874 a

294 897 425 960 secunda
446 898 653 974 coniugatione
676 903 736 968 331,
760 895 864 974 legens
885 899 1014 958 3133113
1035 905 1187 977 correpta,
1210 899 1342 959 serviens
1364 918 1380 960 a
1402 901 1491 960 tertia
1512 912 1612 979 pro-⁵

295 985 393 1044 ducta.
437 983 531 1042 131331
553 982 696 1060 temporis
718 982 876 1060 participia
899 1000 1016 1061 semper
1037 984 1068 1043 in
1091 1001 1143 1044 rus
1165 982 1333 1044 33333131)
1355 983 1495 1045 omnihus
1516 1003 1586 1044 ver·

295 1068 356 1138 bis,
385 1069 444 1128 nisi
472 1086 488 1126 3
516 1068 650 1144 passivis.
695 1068 850 1145 praeteriti
876 1069 1019 1147 temperis
1046 1087 1164 1148 semper
1193 1074 1244 1128 aut
1270 1070 1303 1130 in
1330 1076 1378 1130 tus
1406 1072 1511 1130 autin
1532 1088 1587 1130 333

294 1154 397 1214 autin
419 1170 488 1212 xus:
511 1153 543 1226 in
565 1159 622 1221 tus,
647 1159 680 1212 ut
701 1151 796 1214 133133
818 1153 949 1232 scriptus
971 1160 1096 1223 amatus,
1119 1157 1151 1221 13
1173 1171 1233 1222 333,
1255 1161 1288 1215 31
1310 1154 1401 1216 131333
1422 1153 1531 1232 lapsus,
1550 1156 1586 1214 in

294 1255 365 1307 xus,
388 1244 421 1298 31
442 1254 546 1297 nexus.
591 1244 688 1298 33131
709 1255 800 1298 unum
823 1239 855 1298 in
878 1256 943 1308 333,
966 1245 999 1298 31
1020 1245 1164 1299 mortuus.
1208 1239 1302 1300 131331
1324 1241 1468 1318 temporis
1489 1241 1585 1318 parti-

295 1324 372 1402 cipia
394 1341 411 1383 3
433 1323 559 1400 passivis
581 1322 627 1384 vel
649 1321 857 1383 communibus
878 1341 996 1401 semper
1017 1324 1049 1383 in
1071 1323 1137 1384 dus.
1167 1341 1234 1384 nam
1256 1324 1409 1402 deponens
1421 1343 1586 1404 numquam
1599 1337 1623 1375 ¹⁰

294 1406 385 1469 babet
405 1407 465 1467 duo
486 1407 602 1468 lutura:
631 1427 686 1469 333
709 1408 788 1468 enim
816 1407 943 1469 dicimus
972 1408 1146 1469 ‘luctandns
1167 1415 1213 1469 est
1234 1408 1302 1470 ille'
1330 1416 1381 1470 331
1407 1409 1585 1478 nascendus,

295 1492 347 1553 sed
369 1492 459 1554 habet
488 1510 593 1563 unum,
623 1500 655 1554 ut
682 1492 849 1554 luctaturus
876 1495 1043 1554 nasciturus
1066 1493 1233 1564 locuturum
1260 1494 1332 1554 licet
1361 1493 1438 1572 apud
1467 1500 1587 1554 veteres

294 1578 366 1639 talia
394 1594 510 1657 quoque
538 1580 704 1638 communis
731 1580 851 1654 generis
879 1580 1078 1658 reperiantur.
1122 1597 1192 1639 sane
1214 1578 1317 1656 regula
1337 1585 1397 1648 est,
1425 1581 1586 1658 partieipia

295 1664 394 1723 omnia
418 1665 584 1741 praesentis
606 1660 758 1744 temlporis
780 1666 901 1741 generis
923 1681 988 1725 esse
1011 1665 1122 1733 omnis,
1145 1663 1176 1724 id
1198 1670 1244 1724 est
1265 1682 1398 1743 quaeque
1420 1673 1531 1725 333331
1554 1667 1587 1724 13

295 1766 348 1809 333
371 1765 505 1829 quaeque
528 1749 559 1810 in
583 1766 650 1818 ens,
675 1754 708 1808 ut
729 1747 779 1809 hic
801 1755 831 1809 et
853 1749 927 1810 baec
950 1757 980 1809 et
1001 1749 1056 1809 boc
1078 1767 1179 1810 amans
1201 1748 1302 1826 legens
1324 1751 1471 1810 33331333.
1600 1762 1623 1800 1⁵

812 1935 861 1996 DE
884 1935 1073 1998 novennio

379 2053 525 2116 Adverbia
547 2061 598 2116 aut
620 2054 656 2115 ab
679 2055 745 2116 aliis
773 2056 896 2115 veniunt
924 2064 974 2116 aut
1001 2074 1037 2116 ex
1065 2073 1108 2115 se.
1151 2062 1221 2116 sunt
1251 2054 1323 2125 loci,
1358 2058 1518 2134 temporis:
1551 2063 1587 2116 ut

295 2147 365 2218 puta
387 2140 461 2210 loci,
491 2139 540 2200 hic
569 2141 637 2200 istic
666 2140 728 2200 illic
757 2147 787 2200 et
819 2147 920 2201 331333
942 2159 1017 2220 qnae
1040 2140 1136 2201 locum
1159 2140 1342 2218 significant;
1371 2142 1529 2220 temporis,
1553 2149 1587 2200 31

295 2225 382 2287 hodie
405 2243 472 2285 cras
494 2225 559 2286 heri
583 2233 734 2286 31331333
763 2243 837 2304 quae
860 2233 978 2304 tempus
1005 2227 1182 2302 significant.
1226 2224 1262 2286 ab
1285 2225 1352 2287 aliis
1373 2224 1513 2286 adverbia
1533 2244 1586 2284 33-

294 2311 395 2380 31331,
425 2318 475 2371 331
502 2330 519 2372 3
547 2313 667 2372 nomine
695 2317 746 2372 aut
773 2329 789 2370 3
817 2312 992 2389 participio,
1020 2318 1053 2370 31
1080 2330 1096 2370 3
1125 2310 1210 2371 docto
1232 2310 1332 2380 docte,
1357 2329 1373 2371 a
1395 2313 1474 2371 iusto
1496 2313 1624 2371 instes

295 2413 365 2456 sane
389 2394 598 2456 adverbiorum
620 2395 756 2456 biformis
779 2395 882 2472 regula
905 2403 965 2456 est:
988 2394 1115 2456 ablativo
1137 2396 1216 2456 enim
1238 2395 1409 2474 dirigvmtur
1431 2395 1584 2456 adverbia.

295 2480 372 2541 unde
401 2481 426 2541 si
454 2479 594 2541 habuerit
621 2480 767 2542 ablativus
795 2499 828 2550 3,
858 2480 1031 2568 adverbium
1059 2483 1090 2541 in
1118 2499 1134 2540 e
1162 2482 1268 2549 mittit,
1298 2487 1331 2540 ut
1359 2479 1585 2559 supradictum

296 2571 355 2634 est,
379 2583 394 2625 3
418 2564 504 2626 docto
527 2565 626 2636 docte,
650 2567 881 2635 31331313313,
911 2565 948 2626 ab
977 2567 1069 2645 impio
1100 2567 1207 2644 impie,
1231 2584 1247 2626 3
1269 2565 1410 2642 religioso
1432 2563 1584 2642 religiose.

295 2652 320 2711 si
343 2667 413 2710 vero
436 2649 581 2712 ablativus
604 2653 668 2712 ini
691 2653 814 2721 exierit,
838 2650 1013 2712 adverbium
1035 2652 1067 2711 in
1089 2658 1136 2710 ter
1159 2652 1265 2719 mittit,
1295 2658 1328 2711 ut
1350 2669 1366 2712 a
1388 2649 1481 2711 simili
1503 2651 1586 2710 simi·

294 2735 382 2805 liter,
405 2733 442 2794 ab
465 2735 535 2812 agili
558 2736 689 2813 agiliter,
714 2755 729 2797 a
752 2736 848 2797 veloci
871 2736 1028 2806 velociter,
1053 2755 1070 2797 3
1091 2736 1162 2797 13311
1185 2736 1320 2805 13311133,
1342 2735 1481 2814 agrandi
1495 2745 1623 2812 gran-²⁵

295 2819 373 2880 diter
395 2826 425 2880 et
446 2827 546 2882 cetera
567 2821 647 2882 talia.
1265 2814 1270 2827 ’

753 2990 802 3052 DE
824 2990 1135 3056 PRAEPOSITIONE.

379 3109 619 3188 Praepositiones
646 3117 732 3172 notae
760 3118 828 3171 sunt
851 3113 1036 3172 accusativae
1060 3118 1090 3172 et
1112 3110 1272 3172 ablativae:
1294 3118 1417 3188 utputa
1439 3110 1476 3170 ad
1498 3129 1586 3188 prae·

295 3195 405 3274 positio
427 3198 458 3255 in
479 3195 667 3263 masculinis,
691 3196 782 3256 31331
805 3195 889 3257 illum
911 3196 1000 3265 vado,
1024 3198 1055 3256 in
1077 3197 1245 3265 femininis,
1269 3196 1304 3256 ad
1327 3191 1528 3276 1111333313,
1553 3198 1586 3254 in

295 3281 426 3350 neutris,
450 3279 485 3339 ad
508 3279 580 3340 illud
603 3279 677 3340 vado
699 3281 842 3360 templum
864 3281 911 3341 331
932 3279 1097 3351 theatrum;
1120 3289 1150 3341 31
1172 3281 1326 3360 pluraliter
1347 3283 1378 3340 in
1400 3280 1584 3349 masculinis,
1598 3289 1623 3327 ³⁰

295 3364 332 3425 ad
354 3364 435 3433 illos,
459 3365 490 3424 in
512 3365 684 3435 femininis,
708 3365 744 3426 ad
767 3365 843 3435 illac,
866 3368 898 3426 in
920 3368 1052 3433 neutris,
1076 3367 1111 3427 ad
1135 3366 1184 3426 illa
1207 3366 1316 3444 templa
1339 3366 1422 3426 vado.
1446 3383 1517 3426 sane
1538 3367 1586 3424 sic

295 3448 352 3510 tibi
374 3467 428 3528 per
450 3448 505 3509 hoc
527 3467 636 3511 nomen
659 3452 853 3528 interrogatio
875 3451 917 3521 fit,
940 3458 1066 3529 utputa
1089 3452 1114 3512 si
1137 3451 1203 3512 dico
1224 3450 1277 3512 ‘ad
1292 3469 1380 3530 quem
1395 3451 1515 3512 vadisi’
1536 3450 1585 3510 vel

295 3534 331 3596 ad
354 3535 461 3614 quami
482 3534 528 3594 vel
550 3534 587 3595 Ι331
611 3535 707 3616 quodi
730 3537 761 3596 in
784 3535 891 3615 plurali
906 3554 977 3596 3333
999 3536 1065 3597 3113
1088 3555 1125 3597 33
1148 3536 1230 3598 311333
1250 3535 1308 3596 ‘ad
1327 3536 1437 3614 templa
1452 3535 1584 3605 3331131’,

295 3619 347 3680 3331
370 3620 521 3699 ‘adquae
545 3620 700 3699 templal'.
729 3623 773 3681 313
796 3620 851 3681 ‘ad
874 3639 949 3701 qnae
971 3621 1034 3681 loca
1057 3622 1194 3700 pergisi’
1217 3624 1261 3682 sic
1282 3620 1335 3682 ‘ad
1358 3638 1434 3699 quae
1456 3621 1585 3699 palatia?

295 3704 331 3765 ad
354 3723 428 3784 quae
451 3705 581 3784 spatiai'
603 3706 712 3766 313113
735 3704 855 3767 similia.
886 3707 918 3766 in
933 3705 1072 3766 ablativis
1087 3714 1185 3767 autern
1208 3706 1335 3766 dicimus
1357 3710 1392 3766 ‘a
1414 3714 1444 3765 te
1458 3707 1583 3774 avenio’3
1596 3715 1620 3754 ⁸⁵

295 3790 338 3850 sie
361 3789 396 3849 ab
419 3789 484 3860 illo,
515 3788 683 3860 atheatro,
713 3790 750 3852 ab
773 3789 836 3860 illa,
868 3789 1008 3859 anobis,
1032 3790 1069 3851 ab
1093 3790 1229 3860 aedibus,
1254 3790 1290 3851 ab
1312 3791 1374 3852 illis
1394 3792 1491 3853 venio.
1536 3809 1583 3849 re·

294 3881 414 3934 manent
436 3876 672 3953 praepositiones
693 3878 866 3955 utriusque,
895 3893 970 3955 quae
994 3874 1206 3936 discernuntur
1228 3876 1264 3936 de
1288 3885 1368 3936 motu
1390 3883 1422 3935 et
1443 3878 1518 3936 situ:
1547 3875 1583 3935 de

294 3967 393 4027 motu‚'
413 3966 446 4020 ut
467 3966 538 4038 puta
561 3963 635 4038 ‘quo
658 3961 721 4020 isl’
745 3960 827 4020 vides
849 3963 919 4039 qnia
947 3978 1057 4022 moves.
1101 3961 1153 4022 sed
1177 3961 1247 4040 quid
1271 3959 1519 4039 respondebitur?
1547 3961 1582 4020 ad

295 4045 493 4105 accusativum
515 4062 630 4112 casum,
655 4052 688 4106 ut
709 4044 790 4106 dicas
813 4047 843 4105 in
866 4046 978 4115 lorum,
1002 4048 1034 4106 in
1057 4045 1216 4125 templum,
1239 4048 1270 4106 in
1293 4045 1443 4106 balneum.
1473 4046 1498 4105 si
1514 4064 1582 4105 3333

294 4130 370 4190 31133
391 4137 450 4198 331,
474 4137 505 4190 31
526 4129 674 4206 significas
697 4136 731 4194 te
748 4131 843 4191 luisse
867 4130 986 4201 alicubi,
1010 4129 1137 4192 ablativo
1159 4129 1369 4210 respondebis,
1392 4137 1426 4191 ut
1448 4131 1531 4190 dicas
1552 4132 1617 4192 ino

294 4215 359 4274 loro
381 4214 452 4284 lui’;
476 4216 520 4275 sic
542 4215 809 4276 ε13111333313131.
836 4233 908 4294 ergo
923 4223 956 4277 tu
971 4218 1015 4276 sie
1031 4215 1160 4286 attende,
1177 4223 1219 4286 ut,
1236 4218 1261 4276 si
1277 4217 1373 4276 lueris
1388 4217 1448 4276 iam
1465 4214 1580 4282 alicubi,

364 4430 560 4499 4313333333]
584 4443 743 4487 3133313333
764 4437 1139 4492 7ς3113333333Ρ31331ᾰ333
1192 4449 1249 4486 nam
1268 4447 1420 4492 racemosa
1488 4432 1578 4502 11333]

295 4517 361 4554 3333
384 4505 411 4554 V
479 4502 511 4554 10
530 4505 555 4554 ln
575 4506 624 4557 dus
641 4517 725 4562 oms
794 4507 825 4558 11
843 4505 965 4555 13133313
982 4510 1135 4557 1333333333.
1155 4507 1180 4555 V
1250 4505 1401 4556 tenebatur
1417 4520 1496 4556 unum
1516 4507 1543 4556 V

296 4575 329 4624 14
349 4573 375 4622 id
393 4581 432 4626 331
450 4587 651 4640 quaecunqne5
722 4575 754 4626 18
772 4573 906 4642 temporis]
927 4585 1026 4642 tempus
1049 4579 1076 4627 V
1125 4577 1159 4625 22
1177 4572 1254 4642 unde]
1277 4587 1372 4632 name
1441 4576 1476 4625 24
1494 4571 1576 4640 mittit]

294 4643 418 4700 existite
503 4643 538 4696 ‘28
556 4646 713 4710 praepositio
730 4645 880 4696 masculinis
904 4647 931 4695 V
933 4658 950 4700 ς
1037 4646 1072 4699 31)
1090 4648 1116 4696 13
1134 4645 1273 4695 masculino
1291 4645 1324 4695 ad
1342 4644 1402 4694 illos
1418 4646 1444 4694 in
1464 4645 1579 4695 leminino

298 4715 345 4769 Va
415 4713 447 4765 31
466 4715 566 4764 333331
585 4715 630 4764 tibi
651 4716 696 4771 νς
748 4714 782 4766 32
800 4716 867 4767 3131
885 4715 1069 4782 dicopntaad
1093 4717 1121 4766 V
1169 4714 1203 4766 37
1222 4715 1403 4769 discernente
1473 4714 1580 4778 383313

294 4791 411 4837 moneta
460 4783 507 4834 sed
526 4784 588 4846 quid
607 4801 669 4851 erge
693 4786 888 4849 respondebitur
910 4786 939 4836 V
991 4785 1026 4836 40
1040 4785 1168 4853 significat
1184 4801 1213 4836 33
1234 4785 1277 4842 Vq
1329 4785 1362 4838 41
1382 4786 1421 4836 sic
1436 4787 1462 4835 in
1476 4784 1579 4836 thermis

295 4851 331 4902 131
349 4867 395 4900 om.
418 4863 434 4908 ς
505 4852 581 4903 133311
595 4861 646 4904 tarn
662 4854 752 4904 alieubi
777 4855 803 4906 V
819 4855 897 4905 luerit
915 4853 1007 4906 alicubi
1028 4867 1045 4914 ς
