3350 5442
650 323 843 416 msto
1306 351 1370 418 453

110 472 132 514 p.
147 459 275 504 simeon.
1187 463 1345 516 ptos-ml,

77 544 189 602 sertim
212 542 430 619 coniugationis
453 537 618 603 derivatum
634 545 665 602 in
680 561 715 603 or
730 543 871 604 desinens
885 544 971 622 quasi
992 543 1188 622 incorporalis
1211 544 1257 602 rei
1271 545 1370 603 iecere

79 642 273 714 vocabulum,
302 642 414 722 ubique
443 650 557 704 servata
585 645 701 706 scilicet
723 654 903 706 consonante
925 647 1101 725 positionis,
1124 644 1236 724 absque
1260 664 1275 705 s
1296 653 1326 705 et
1348 652 1369 713 t,

78 762 158 823 quae
187 745 265 805 solae
295 753 362 805 aute
391 761 425 804 or
453 748 589 807 inventae
618 747 714 806 solent
740 746 897 806 ostendere
931 764 986 806 uec
1015 746 1212 825 incorporalia
1240 748 1369 815 nomina,

77 865 136 906 nec
161 867 177 908 a
199 847 363 926 praesenti,
386 846 438 907 sed
462 846 500 908 ab
522 847 669 908 infinitivo
685 847 779 908 luturi
795 847 936 918 deducta,
960 854 994 908 ut
1016 855 1117 908 tonsor
1138 848 1277 909 delensor
1299 866 1368 908 con·

51 949 195 1008 osolator
218 954 330 1009 amator
351 957 474 1009 venator
496 947 590 1009 lector
611 951 722 1029 petitor
744 949 873 1010 auditor.
914 950 994 1011 unde
1016 961 1123 1010 censor
1145 969 1277 1030 quoque,
1299 949 1370 1010 licet

71 1069 93 1108 a
121 1049 134 1129 'l
160 1051 310 1130 praesenti
337 1068 444 1110 censeo
465 1049 597 1132 ‚potelrat
625 1051 793 1111 traductum
815 1050 926 1121 videri,
948 1058 1064 1122 omen,
1086 1053 1156 1131 quia
1178 1069 1243 1111 rem
1264 1070 1368 1131 corpo·
1473 1131 1482 1139 ‘

77 1150 176 1248 palem
199 1152 359 1230 significat,
389 1164 448 1213 non
475 1172 491 1214 a
520 1155 671 1232 praesenti
693 1155 786 1230 magis
817 1151 888 1214 illud
918 1171 1007 1231 quarn
1035 1152 1072 1214 ab
1095 1154 1241 1213 infinitivo
1263 1154 1367 1223 luturi,

75 1255 130 1331 qui
155 1263 202 1314 cst
223 1271 345 1314 censum
367 1255 426 1324 ire,
450 1255 561 1338 lactum
583 1254 811 1335 conprobamus.
842 1262 912 1316 sunt
934 1262 1034 1314 autem
1056 1256 1087 1315 in
1109 1272 1144 1314 or
1165 1253 1367 1315 desinentium

76 1345 239 1416 nominum
262 1363 471 1417 consonantem
501 1357 656 1435 positionis
684 1359 866 1418 servantium
894 1356 1029 1436 exempla
1055 1356 1142 1427 haec,
1172 1357 1247 1417 sudo
1268 1356 1368 1426 sudor,

39 1475 63 1511 ro
77 1476 146 1517 rarrro
170 1476 266 1528 amor,
290 1458 384 1518 clamo
406 1457 534 1528 clamor,
557 1477 631 1519 sono
652 1476 754 1530 sonor,
778 1477 848 1519 erro
870 1476 970 1528 error,
998 1456 1093 1518 rubeo
1115 1456 1223 1527 rubor,
1251 1476 1370 1518 marceo

78 1577 211 1628 rrrarcor,
235 1559 347 1621 candeo
369 1560 495 1630 candor,
519 1560 602 1638 algeo
624 1560 722 1640 algor,
746 1561 827 1623 caleo
850 1561 946 1630 calor,
976 1561 1065 1620 timeo
1088 1561 1191 1630 timor,
1216 1567 1303 1620 teneo
1326 1567 1368 1619 te-

78 1680 150 1731 nor,
176 1668 262 1742 tepeo
277 1668 375 1742 tepor,
401 1662 508 1722 horreo
523 1662 644 1734 horror,
668 1664 769 1723 lerveo
790 1664 904 1731 fervor,
927 1661 1040 1723 strideo
1063 1661 1108 1722 vel
1130 1661 1225 1723 strido
1248 1661 1367 1731 stridor,

78 1773 177 1822 tremo
205 1770 333 1833 tremor,
363 1781 436 1824 cano
463 1781 566 1836 canor,
602 1766 685 1844 sapio
713 1782 816 1844 sapor,
851 1765 918 1824 luro
939 1765 1030 1834 luris,
1057 1765 1129 1824 lieet
1150 1764 1251 1825 delicit
1272 1767 1367 1845 prima

78 1883 222 1944 persona,
246 1866 346 1936 luror;
370 1866 465 1945 liquor
486 1865 613 1945 liqueris
635 1865 773 1936 verbum,
795 1865 894 1946 liquor
915 1865 1043 1945 liquoris
1064 1885 1188 1938 nomen;
1217 1867 1300 1946 sopio
1322 1867 1368 1926 sd·

43 1982 65 2020 n
77 1985 143 2046 por.
177 1985 302 2047 quorum
330 1967 388 2027 duo
416 1970 580 2048 posteriora
602 1975 756 2038 notantur,
786 1967 865 2047 quod
888 1968 1098 2047 paenultimam
1122 1968 1281 2030 verborum
1304 1968 1367 2028 lon-

77 2087 144 2146 gam
168 2071 336 2148 corripiunt
357 2071 388 2130 in
411 2069 591 2131 nominibus
636 2073 707 2132 item
730 2077 798 2130 aute
820 2070 888 2131 idus
915 2087 1079 2130 consonans
1106 2072 1264 2150 positionis
1286 2071 1367 2129 inve-

73 2173 175 2250 nitur,
204 2178 238 2232 ut
265 2171 368 2232 madeo
399 2171 549 2241 madidus,
575 2172 721 2251 splendeo
749 2171 938 2252 splendiduS,
967 2172 1073 2233 sordeo
1094 2172 1248 2242 sordidus,
1272 2172 1368 2250 frigeo

79 2273 224 2350 trigidus,
254 2271 335 2334 caleo
362 2272 490 2344 calidus,
520 2277 609 2335 timeo
640 2274 782 2344 timidus,
804 2281 893 2353 tepeo
919 2273 1053 2352 tepidus,
1088 2283 1194 2354 stupeo
1221 2272 1366 2353 stupidus,

79 2392 150 2434 areo
173 2374 288 2445 aridus,
312 2382 412 2458 torreo
435 2375 583 2445 torriduS,
607 2375 708 2437 lerveo
730 2375 879 2445 lervidus,
902 2375 986 2455 rapio
1008 2375 1144 2454 rapidus,
1173 2378 1262 2456 cupio
1284 2377 1367 2455 cupi·
1409 2409 1413 2422 .

44 2477 147 2548 totluS,
172 2479 238 2538 rivo
261 2478 387 2547 vividus,
412 2478 471 2539 lluo
493 2480 669 2558 interposita
692 2497 708 2537 v
731 2478 868 2538 lluridus.
899 2475 937 2538 ab
959 2478 1076 2539 invideo
1099 2485 1130 2539 et
1150 2478 1248 2557 pando
1269 2479 1368 2538 minus

80 2597 136 2638 una
159 2578 271 2659 syllaba
294 2580 487 2659 proteruntur
502 2579 620 2643 invidus
639 2580 765 2661 pandus
796 2579 933 2660 trepidus
954 2581 1034 2640 enim
1055 2598 1164 2641 nomeu
1186 2598 1245 2641 non
1267 2599 1285 2640 a
1306 2586 1366 2640 tre·

80 2681 148 2758 pido
172 2681 282 2751 verbo,
306 2682 358 2742 sed
382 2701 397 2743 a
420 2679 516 2743 tremo
538 2683 684 2744 tremidus
706 2693 736 2744 et
757 2683 893 2763 trepidus
908 2681 983 2742 mhi
997 2682 1115 2743 ridetur
1136 2684 1230 2760 magis
1254 2664 1365 2749 venire,

81 2793 108 2842 et
130 2802 166 2843 ex
190 2802 224 2843 eo
247 2785 345 2845 lacere
368 2783 492 2849 verbum
513 2786 632 2866 trepido
654 2784 801 2865 trepidas,
830 2785 910 2845 sicut
931 2802 947 2843 a
970 2784 1108 2844 sordidus
1128 2786 1248 2844 nomine
1270 2783 1366 2844 sordi·

81 2883 116 2944 do
138 2885 273 2946 sordidas
296 2884 430 2948 verbum.
468 2889 499 2947 in
523 2905 555 2948 es
577 2906 694 2968 quoque
717 2894 777 2948 tam
800 2885 920 2946 brevem
950 2905 1038 2966 quam
1066 2885 1184 2963 longam
1206 2885 1251 2945 vel
1273 2887 1301 2945 is
1321 2885 1366 2944 rel

49 3000 71 3038 ²2³
84 2985 165 3047 ihilis
186 2988 233 3048 rel
255 2987 304 3049 ilis
326 2987 374 3048 vel
395 3006 451 3048 uus
472 2988 518 3048 vel
540 2989 606 3050 ulus
629 2991 673 3050 sic
696 2989 888 3050 inveniuntur
902 2987 1035 3048 derivata
1056 2989 1214 3067 positionis
1236 2987 1366 3047 litteram
1452 2985 1459 2997 '

82 3095 146 3148 ante
173 3089 336 3150 claustdam
363 3093 525 3161 servantia,
554 3098 623 3169 tego
649 3098 746 3168 teges,
776 3089 1293 3177 mergomerges,1caedocacdes,
1317 3088 1367 3149 luo

82 3190 159 3262 lues,
188 3199 272 3252 struo
300 3197 412 3262 strues,
442 3192 503 3252 lido
531 3193 609 3254 lidos
635 3193 815 3273 paenultima
849 3199 999 3271 correpta,
1034 3198 1067 3251 ut
1094 3199 1124 3251 et
1151 3190 1235 3270 sopio
1262 3194 1366 3269 sipon

50 3289 55 3302 '
82 3295 150 3352 item
172 3295 203 3353 in
219 3295 260 3363 ie,
286 3300 409 3373 torqueo
431 3295 562 3375 torquis;
585 3296 657 3354 item
680 3297 711 3354 in
734 3293 816 3354 ibilis
838 3293 885 3354 vel
909 3293 966 3362 ilis,
990 3292 1082 3354 doceo
1096 3291 1235 3353 docibilis
1250 3292 1364 3363 docilis

83 3394 159 3454 nubo
181 3394 306 3464 nubilis,
330 3396 407 3457 lacio
430 3395 540 3466 facilis,
565 3402 632 3457 utor
655 3396 751 3466 utilio,
781 3395 883 3456 ellutio
910 3394 1048 3466 ellutilis;
1076 3397 1149 3455 ilem
1170 3396 1203 3455 in
1223 3413 1293 3465 uus,
1316 3412 1365 3454 oc·

50 3497 323 3567 perdocendum,
352 3496 480 3577 praedor
501 3497 664 3577 praeduus,
694 3497 786 3558 caedo
806 3496 984 3568 incaeduus,
1008 3499 1158 3577 perspicio
1179 3499 1363 3576 perspicuus,

83 3598 179 3658 divido
202 3598 354 3670 dividuus;
380 3601 450 3660 item
474 3603 504 3660 in
527 3600 609 3670 ulus,
633 3598 705 3660 bibo
728 3597 860 3669 bibulus
883 3599 981 3678 pendo
1003 3599 1164 3680 pendulus,
1188 3598 1278 3660 credo
1300 3617 1364 3660 cre·

84 3700 179 3771 dulus,
208 3701 302 3762 strido
330 3700 486 3773 stridulus,
518 3720 590 3780 gero
623 3700 758 3779 gerulus,
794 3700 862 3777 lego
889 3701 1018 3778 legulus,
1052 3701 1131 3761 unde
1158 3701 1364 3779 murilegulus

84 3809 173 3862 tremo
196 3803 354 3873 tremulus,
379 3821 469 3864 cerno
484 3803 637 3872 cernulus,
661 3820 772 3883 queror
786 3801 943 3883 querulus,
967 3802 1074 3883 adopto
1096 3798 1272 3885 adloptulus.
1296 3812 1364 3864 ante

121 4035 128 4044 =
150 4007 160 4057 l
179 4007 308 4058 deriuatur
324 4009 348 4058 B
417 4008 433 4056 4
452 4005 549 4074 tonsor]
568 4022 657 4058 censor
675 4007 731 4056 BP
746 4014 832 4072 tonsor
850 4021 941 4056 censor
956 4007 1088 4058 Paucum
1160 4007 1192 4058 10
1206 4022 1270 4057 sono
1288 4023 1365 4058 sonor

84 4091 127 4126 om.
145 4077 170 4127 B
240 4079 270 4129 ll
291 4079 365 4145 algeo
384 4077 456 4144 algor
474 4077 558 4144 (caleo
575 4087 666 4143 posteo
682 4078 739 4131 ead.
759 4094 790 4130 m.
808 4076 870 4128 add.
890 4076 927 4140 B)
945 4078 1020 4127 timeo
1038 4076 1095 4126 BP
1111 4076 1186 4143 algeo
1204 4077 1276 4143 algor
1292 4077 1364 4127 olbeo

85 4145 151 4195 albor
169 4148 245 4196 timeo
259 4148 277 4209 f
292 4149 368 4215 algeo
384 4163 397 4195 r
414 4147 453 4197 alo
471 4162 482 4197 r
498 4149 574 4198 timeo
593 4147 693 4215 talgeo
711 4147 785 4212 algor
801 4146 857 4196 oleo
873 4147 928 4196 olor
941 4148 1016 4197 timeo
1029 4161 1063 4203 ς.·
1080 4150 1179 4199 nomino
1191 4148 1275 4198 aab&
1288 4148 1363 4197 timeo

85 4219 202 4281 —sepio
221 4218 415 4282 adscriptorum.
437 4217 579 4282 31³‚auu
600 4218 650 4281 tss
720 4217 751 4267 13
771 4225 866 4268 tremeo
882 4216 923 4265 rel
943 4226 1023 4268 tremo
1042 4216 1067 4265 P
1135 4216 1201 4267 inrio
1222 4216 1286 4268 luris
1304 4216 1365 4266 iurit

86 4284 137 4336 licet
157 4286 257 4338 defloiat
275 4287 300 4336 B
370 4288 401 4339 17
416 4287 506 4338 sordeo
525 4287 614 4354 (algeo
626 4295 718 4351 postea
733 4287 791 4340 ead.
810 4303 840 4338 m.
861 4285 922 4336 odd.
937 4287 975 4351 B)
994 4286 1076 4352 irigeo
1089 4287 1155 4339 BP:
1173 4289 1271 4338 omna
1282 4287 1363 4339 verbu

85 4355 169 4406 sordeo
186 4385 221 4394 —
240 4357 325 4407 ferveo
344 4359 475 4422 adscripta
494 4373 540 4412 om.
558 4358 625 4421 BP,
645 4359 704 4406 item
723 4357 828 4421 rapidus
845 4363 872 4407 et
888 4356 997 4422 cupidus
1014 4370 1058 4406 otte
1075 4359 1112 4420 P,
1130 4358 1192 4411 odd.
1211 4357 1243 4420 ts
1245 4371 1262 4414 ς
1330 4358 1364 4410 20

86 4422 173 4491 pendo]
196 4429 308 4494 prandeo
327 4428 393 4480 BP:
415 4428 449 4490 cs.
469 4429 552 4481 Prisc.
570 4429 588 4478 l.
608 4428 652 4477 llll
668 4442 696 4490 p.
717 4426 810 4491 137,1
882 4426 914 4476 21
938 4421 1050 4492 pondus]
1077 4427 1188 4494 prandes
1206 4427 1263 4477 BP
1330 4429 1364 4478 24

87 4495 179 4562 longam
200 4499 240 4547 uel
262 4496 403 4562 (superior.
423 4496 459 4562 is)
476 4496 517 4546 ilis
535 4499 675 4560 (superacr.
696 4498 735 4546 uel
752 4493 813 4561 uus)
834 4496 875 4546 uel
892 4495 950 4546 ulus
968 4495 1009 4545 uel
1024 4495 1084 4560 ilios
1100 4498 1139 4546 sie
1156 4497 1320 4546 inueniuntur
1338 4495 1364 4545 B

87 4565 116 4613 '25
134 4566 260 4618 deriuotae
279 4570 305 4620 P
354 4569 389 4620 26
403 4581 491 4633 mergo
512 4582 612 4634 merges
631 4581 701 4616 corr.
722 4581 819 4616 mercor
838 4565 978 4616 mercesB
1030 4568 1063 4617 27
1082 4565 1159 4632 sopor
1182 4574 1287 4630 torqueo
1304 4569 1363 4616 item

87 4643 121 4682 est
136 4639 229 4700 torquis
242 4637 300 4687 item
319 4639 345 4689 in
357 4638 426 4689 ibills
437 4637 478 4686 uel
494 4637 534 4686 llis
546 4639 625 4688 doceo
638 4637 754 4687 docibilis
767 4635 858 4688 docilis
871 4639 895 4687 P
910 4632 988 4701 sopor
1000 4635 1059 4685 item
1072 4644 1177 4700 torqueo
1190 4646 1292 4700 torques
1304 4637 1363 4687 item
1390 4671 1395 4678 -

88 4703 158 4754 doceo
170 4706 257 4757 docilis
268 4707 294 4758 B
306 4723 384 4774 sopor
396 4709 456 4758 item
470 4709 496 4756 ln
510 4709 533 4757 is
545 4714 650 4772 torqueo
663 4707 685 4757 is
698 4705 777 4756 doceo
789 4705 858 4758 lhilis
870 4715 880 4755 t
929 4706 963 4757 30
977 4707 1072 4770 praedo
1087 4707 1214 4773 praedans
1227 4708 1259 4771 ts
1269 4707 1364 4772 proedo

89 4776 205 4836 praecluus
228 4778 322 4829 additis
342 4779 427 4830 eodem
447 4793 521 4830 manu
538 4791 631 4828 cernuo
651 4791 763 4835 ¹cernuus
781 4785 805 4827 et
821 4778 917 4826 recenti
930 4791 1003 4826 mono
1020 4777 1139 4842 praedico
1156 4778 1310 4844 praedicuus
1328 4777 1362 4830 B.

86 4842 189 4905 sortasse
207 4847 284 4898 ardeo
301 4848 407 4912 arduus,
425 4849 492 4914 quod
507 4856 548 4898 eat
564 4848 634 4915 apud
647 4848 804 4899 Prioeiooum
816 4849 834 4901 l.
853 4847 896 4896 llll
911 4863 940 4913 p.
959 4846 1018 4911 136,
1034 4847 1050 4896 7
1103 4847 1135 4899 31
1155 4849 1183 4897 iu
1201 4846 1260 4898 ulus
1275 4863 1321 4902 ooo.
1340 4847 1364 4897 B
