3350 5442
322 344 385 410 548
893 347 1031 430 [nsunt]

348 467 370 508 p.
383 455 484 496 uas-at
497 453 519 494 r.
1423 471 1446 512 p.
1460 460 1508 500 aas.
1525 461 1549 500 ro
1563 457 1586 498 ι.

323 555 357 604 x,
381 537 461 596 aliae
483 541 591 604 mutae,
614 553 718 596 novem
742 535 760 595 b
783 555 799 594 c
822 535 840 595 d
862 554 881 613 g
903 534 922 595 h
945 536 964 596 Ιι
984 556 1005 618 p
1027 557 1046 616 q
1069 544 1091 597 t.
1135 540 1207 599 item
1228 538 1248 598 b
1270 541 1301 598 in
1324 556 1427 598 earum
1449 555 1608 598 numerum

323 619 478 697 redigitur,
502 619 619 698 quando
641 638 699 681 non
722 623 927 699 aspirationis,
956 621 1008 682 sed
1031 622 1147 683 litterae
1169 623 1232 684 loco
1253 625 1385 702 ponitur.
1429 623 1533 683 littera
1555 625 1608 681 tri·

322 704 378 764 bus
399 705 494 765 modis
515 705 705 782 intelligitur,
729 708 847 766 nomine
862 725 921 786 quo
936 708 1128 778 enunciatur,
1152 715 1295 788 potestate
1318 727 1377 789 qua
1399 707 1492 777 valet,
1515 709 1608 786 ligura
1671 730 1672 743 ι

321 808 379 870 qua
401 789 545 853 scribitur
566 797 609 859 et,
633 798 665 851 ut
687 789 754 860 alii,
778 791 883 852 ordine
905 809 964 872 quo
985 799 1110 853 constat.
1671 752 1672 831 l

1671 838 1672 869 l

1618 981 1628 990 .
1671 880 1672 961 l

1617 991 1630 1018 ὗ

844 959 894 1022 DE
917 960 1084 1023 sittim
1160 989 1164 994 ·

407 1079 524 1159 Syllaba
546 1087 592 1140 est
612 1079 779 1154 litterarum
794 1081 873 1140 inter
889 1099 920 1140 se
936 1083 1106 1142 coeuntium
1128 1100 1186 1141 uua
1209 1084 1346 1141 iunctura
1368 1081 1415 1141 tel
1437 1083 1609 1140 enunciatio

322 1165 488 1226 litterarum
512 1183 578 1225 cum
601 1163 765 1224 adiectione
787 1167 941 1243 temporis.
985 1165 1095 1244 syllaba
1118 1174 1216 1226 autem
1238 1168 1302 1226 sine
1325 1165 1416 1226 vocali
1439 1165 1540 1225 littera
1563 1166 1607 1225 rel

321 1251 430 1311 litteris
453 1269 510 1310 non
533 1255 632 1328 potest
653 1249 727 1309 lieri.
772 1248 960 1331 syllabalrum
987 1250 1062 1311 aliae
1090 1250 1210 1328 longae,
1239 1251 1314 1311 aliae
1342 1249 1459 1311 breves.
1504 1250 1609 1326 longae

323 1343 373 1396 aut
399 1343 503 1395 natura
532 1335 605 1394 liunt
632 1341 681 1394 aut
709 1335 856 1412 positione
886 1343 918 1395 et
943 1334 1056 1396 babent
1083 1334 1152 1396 bina
1179 1342 1322 1414 tempora.
1366 1343 1472 1396 natura
1494 1335 1610 1395 duobus

322 1419 418 1480 modis
441 1418 630 1495 intelligitur,
653 1437 719 1478 cum
742 1419 851 1480 vocalis
875 1417 888 1500 ll
910 1437 965 1499 per
987 1438 1019 1480 se
1041 1419 1126 1498 longa
1149 1419 1644 1489 est,autcumrocalesduae1⁰

321 1507 400 1565 inter
423 1523 453 1563 sc
475 1505 593 1564 iunctae
615 1502 833 1582 producuntur,
864 1512 897 1564 ut
918 1523 962 1564 ae.
1006 1504 1151 1584 positione
1172 1499 1277 1583 longae
1298 1504 1427 1584 syllabae
1450 1506 1526 1565 liunt
1548 1524 1610 1564 mo

246 1637 253 1652 .
323 1589 369 1650 dis
396 1596 476 1650 octo:
504 1590 603 1668 primo
629 1587 733 1658 modo,
761 1590 885 1688 quoties·
904 1589 1046 1651 desinit
1038 1608 1069 1651 1n
1097 1597 1307 1705 consonantem
1334 1599 1373 1650 et
1391 1591 1543 1669 excipitur
1574 1589 1610 1649 ab

323 1675 416 1735 altera
439 1679 635 1741 consonante,
658 1680 690 1733 ut
713 1675 831 1734 ‘arma
853 1676 1045 1754 virumque
1068 1675 1186 1734 cano’.
1224 1693 1257 1736 ar
1279 1676 1358 1734 enim
1380 1681 1487 1734 natura
1510 1672 1612 1734 brevis

304 1766 382 1828 est,
406 1765 503 1819 tamen
526 1759 671 1837 positione
694 1759 726 1818 tit
747 1757 849 1836 longa,
873 1761 943 1838 quia
965 1759 1074 1819 desinit
1087 1761 1120 1821 in
1139 1767 1350 1820 consonantem
1371 1776 1394 1818 r·
1408 1765 1440 1818 et
1461 1759 1612 1837 excipitur

323 1863 339 1904 a
361 1852 541 1904 consonante
569 1862 614 1903 m:
642 1843 683 1903 ita
712 1861 792 1903 arma
822 1845 850 1903 vl
879 1843 1026 1924 dactylus,
1055 1845 1107 1924 qui
1135 1851 1249 1904 constat
1276 1861 1312 1903 ex
1333 1844 1420 1920 longa
1443 1852 1474 1903 et
1495 1843 1612 1903 duabus
1625 1858 1645 1894 ιι

323 1927 473 1989 brevibus,
512 1927 642 1988 secundo
664 1927 750 1988 modo
773 1927 805 1988 tit
826 1927 914 2006 longa
936 1927 1062 2008 syllaba,
1085 1931 1202 2008 quoties
1224 1929 1333 1989 desinit
1353 1930 1385 1988 in
1407 1929 1482 1989 duas
1504 1947 1611 1988 consu

323 2019 443 2081 nantes,
472 2020 505 2072 ut
532 2015 609 2072 ‘ast
631 2030 715 2091 ego,
737 2030 831 2092 quae
860 2013 985 2074 divum
1012 2014 1146 2074 incedo
1173 2015 1304 2092 regina
1330 2013 1531 2092 lovisqne'.
1568 2021 1614 2073 ast

322 2099 403 2158 enim
424 2099 571 2176 positione
593 2097 679 2174 longa
703 2105 762 2167 est,
786 2099 856 2176 quia
878 2098 989 2159 desinit
1010 2100 1042 2158 in
1065 2118 1079 2160 s
1101 2107 1131 2160 et
1152 2106 1165 2159 t
1186 2099 1287 2159 ambas
1309 2104 1517 2158 consonantes.
1551 2105 1612 2157 ter-

322 2185 364 2244 tio
392 2182 479 2243 modo
505 2182 592 2258 longa
619 2180 732 2262 syllaba
759 2190 806 2243 est
831 2184 995 2261 positione,
1022 2185 1138 2262 quoties
1160 2186 1307 2263 excipitur
1329 2202 1346 2243 a
1368 2180 1483 2243 duabus
1505 2201 1613 2242 conso·

324 2266 478 2337 nantibus,
502 2273 535 2326 ut
557 2266 728 2328 ‘Atrides
751 2266 890 2338 Proti';
914 2287 982 2328 nam
997 2271 1055 2329 etsi
1070 2287 1086 2330 a
1101 2276 1239 2348 correpta
1254 2276 1317 2338 est,
1339 2275 1438 2328 tamma
1459 2269 1647 2345 positiones

322 2354 355 2412 lat
376 2352 475 2428 longa,
498 2353 567 2431 quia
591 2359 755 2430 sequuntur
777 2359 790 2411 t
811 2359 843 2412 et
863 2371 894 2412 r:
918 2359 1023 2432 quarto
1045 2353 1147 2424 modo,
1170 2355 1288 2433 quoties
1311 2352 1422 2413 desinit
1444 2350 1559 2430 syllaba
1584 2354 1615 2411 in

323 2436 467 2516 duplicem
495 2435 638 2505 litteram,
666 2443 699 2496 ut
727 2437 788 2496 ‘ex
817 2436 883 2498 illo
912 2437 1135 2499 celebratus
1160 2439 1311 2498 bonor':
1342 2438 1462 2516 quinto,
1492 2439 1616 2516 quoties

322 2520 433 2601 syllaba
460 2523 608 2600 excipitur
636 2540 652 2581 a
684 2520 795 2600 duplici
828 2521 940 2592 littera,
974 2530 1007 2582 ut
1033 2522 1274 2583 ‘exulibusue
1302 2522 1412 2582 datur
1441 2521 1615 2581 ducenda

321 2606 476 2666 Lavinia
503 2603 696 2666 Teucris’:
724 2613 824 2677 sexto,
854 2609 972 2687 quoties
999 2609 1146 2686 excipitur
1173 2627 1189 2668 a
1217 2606 1310 2667 vocali
1332 2607 1523 2666 consonantis
1547 2607 1616 2666 loco
1671 2674 1672 2677 Ἴ

322 2692 433 2770 posita,
470 2697 504 2750 ut
538 2690 591 2750 at
626 2708 713 2751 vero
749 2693 942 2768 ingentem
978 2694 1153 2771 quatiens
1188 2691 1397 2752 blezentius
1432 2689 1650 2751 hastam'ns
1640 2686 1672 2714 ³

285 2807 288 2812 ,
322 2777 462 2854 septimo,
490 2777 608 2854 quoties
634 2775 741 2837 desinit
769 2775 937 2855 syllabam
966 2777 1094 2837 vocalem
1122 2777 1186 2837 loco
1214 2777 1403 2836 consonantis
1431 2777 1562 2854 positam
1587 2784 1618 2834 et
1671 2740 1672 2843 l

322 2861 469 2938 excipitur
501 2878 517 2919 a
550 2867 746 2929 consonante,
779 2868 811 2920 ut
840 2861 1032 2922 audieras
1060 2863 1216 2922 etlama
1244 2862 1348 2921 luit’:
1383 2868 1484 2921 octavo
1512 2861 1616 2928 modo,
1671 2846 1672 2919 l

321 2945 438 3024 quoties
461 2943 572 3023 syllaba
595 2947 741 3024 excipitur
763 2964 780 3005 a
802 2946 895 3006 vocali
921 2948 1111 3007 consonantis
1131 2945 1196 3006 loco
1218 2947 1327 3026 posita,
1351 2952 1384 3006 ut
1406 2944 1672 3024 ‘Troiaque

321 3047 416 3089 nunc
439 3035 560 3088 stares
582 3029 794 3109 Priamique
817 3048 882 3090 arx
905 3031 982 3091 alta
1010 3033 1206 3092 maneres'.
1252 3030 1358 3090 breves
1378 3036 1448 3090 sunt
1469 3029 1615 3109 syllabae,

323 3131 398 3193 quae
423 3113 517 3173 vocali
539 3123 678 3194 correpta
701 3115 867 3175 elleruntur
889 3123 920 3176 et
940 3115 1052 3176 babent
1073 3122 1207 3196 tempora
1229 3115 1354 3193 singula.
1474 3123 1482 3138 ‘
1627 3123 1648 3160 ιι
1671 3194 1672 3217 ¹

1671 3222 1672 3269 l

845 3283 895 3345 DE
916 3283 1076 3346 Puumvs
1671 3282 1672 3293 ¹

405 3417 500 3479 Pedes
528 3417 678 3497 simplices
705 3428 774 3480 sunt
801 3419 972 3480 duodecim:
1003 3419 1156 3500 bisyllabi,
1179 3419 1234 3480 hoc
1257 3427 1303 3480 est
1325 3418 1462 3480 binarum
1484 3418 1616 3497 syllaba·
1671 3430 1672 3433 ’

321 3522 402 3571 rum,
432 3509 573 3582 quatuor,
604 3499 617 3580 ll
646 3504 817 3582 pariambus
844 3505 994 3584 spondeus
1021 3504 1138 3566 iambus
1160 3506 1324 3566 trochacus.
1367 3502 1534 3583 trisyllabi,
1559 3505 1617 3564 boc

321 3594 367 3647 est
388 3594 542 3648 ternarum
563 3587 756 3668 syllabarum,
780 3597 861 3660 octo,
884 3598 1061 3670 anapaestus
1083 3590 1215 3671 dactylus
1237 3586 1480 3670 brachysyllabus
1501 3589 1615 3650 molos-

409 3859 508 3910 laliae
527 3867 749 3912 curtemutaecm,
773 3861 851 3918 Vde
938 3859 1041 3928 novem]
1062 3862 1157 3917 vltis
1242 3859 1546 3924 bprioretococmti

321 3943 425 3978 numero
445 3931 472 3978 V
558 3931 689 3995 ‘dregltur
711 3932 739 3982 V
743 3931 765 3982 G
851 3931 916 3980 det
933 3939 961 3979 ιιι
978 3930 1021 3980 alii
1040 3931 1128 3981 urdine
1144 3946 1194 3993 quo
1215 3931 1356 3980 constatV
1370 3938 1400 3978 ut
1416 3929 1461 3978 alii
1479 3939 1505 3979 et
1521 3931 1615 3980 ordine

321 3999 469 4060 constatG,
484 4015 530 4049 um.
549 4012 567 4054 ς
619 4000 793 4052 denunciatio
812 4001 899 4050 literae
916 4001 1013 4050 uocalis
1030 3998 1097 4064 (tum
1114 4001 1176 4055 add.
1197 4002 1231 4067 (ι’)
1248 4000 1410 4049 adiunctione
1427 4001 1553 4064 temporis
1570 4001 1614 4055 ue

389 4037 494 4132 lllludtl
513 4077 572 4118 sunt
587 4082 604 4126 ς
662 4069 695 4120 10
712 4070 861 4136 intelligitur
877 4069 950 4120 cuins
968 4070 1066 4120 uocalis
1085 4085 1132 4136 per
1149 4087 1177 4122 se
1195 4071 1327 4136 longeest
1344 4077 1388 4118 aut
1404 4084 1462 4118 cum
1476 4072 1614 4120 umalesne

320 4139 386 4187 inter
410 4153 437 4186 se
458 4139 558 4188 iunctae
576 4137 750 4204 producuntur
767 4141 788 4191 d
806 4140 957 4204 intelligitur
976 4150 1020 4188 aut
1039 4155 1096 4189 oum
1114 4139 1210 4190 uocalis
1227 4154 1273 4205 per
1294 4154 1323 4188 se
1341 4139 1420 4205 longa
1439 4147 1478 4189 est
1496 4150 1541 4188 aut
1556 4157 1613 4189 oum

320 4207 417 4257 uocalis
433 4208 538 4257 uocati
532 4218 597 4257 tuter
614 4223 642 4257 se
659 4210 759 4258 iunctae
777 4211 921 4275 producunt
939 4221 955 4264 ς
973 4208 1123 4275 intelligitur
1145 4226 1201 4259 enm
1218 4209 1344 4258 uocales
1338 4219 1403 4259 tuter
1419 4225 1448 4257 se
1466 4209 1614 4273 producun

320 4289 362 4327 tur
384 4279 411 4328 V
478 4277 511 4329 13
528 4291 556 4327 ur
576 4278 643 4328 enirn
662 4279 758 4346 syllaba
774 4280 902 4344 positione
918 4279 945 4326 llt
960 4279 1067 4344 longas
1118 4277 1218 4346 natura]
1239 4281 1333 4330 eumd
1404 4277 1438 4328 14
1455 4294 1469 4327 r
1486 4281 1614 4345 excipitur

324 4349 351 4396 V
418 4347 451 4398 15
468 4348 503 4397 ita
520 4357 545 4397 et
563 4357 633 4398 trme
652 4347 697 4406 θς
767 4349 799 4400 17
818 4346 868 4413 ast]
887 4349 1051 4414 Verum.
1071 4349 1135 4399 146
1202 4349 1495 4414 reginalovisqneota.
1513 4350 1564 4406 ὃς

322 4415 354 4468 18
366 4418 493 4482 positione
510 4425 548 4468 est
570 4419 598 4468 V
662 4417 697 4468 20
712 4418 825 4484 Atrides]
849 4419 930 4484 Verp.
948 4419 1013 4470 Aen.
1031 4417 1066 4468 tu
1083 4417 1134 4471 262
1185 4419 1254 4470 Proti
1272 4434 1318 4472 οιιι
1342 4420 1369 4468 V
1372 4433 1390 4474 ς
1440 4420 1542 4468 namsi
1565 4420 1613 4470 Vc

390 4487 423 4537 22
442 4484 545 4554 exilio]
570 4488 729 4553 Verp.Aen.
749 4487 877 4539 11111268
946 4488 1061 4546 bonose
1142 4489 1176 4540 23
1194 4485 1355 4554 exulibusue]
1380 4489 1460 4553 Ver-p.
1480 4488 1547 4540 Aea.
1567 4491 1611 4538 111

319 4556 370 4608 359
440 4558 474 4607 24
491 4557 627 4618 lauineuti
695 4557 799 4609 Teucris
815 4573 863 4608 om.
887 4557 914 4608 V
921 4558 943 4608 G
1012 4560 1047 4609 25
1065 4567 1092 4607 at
1108 4557 1177 4626 vero]
1198 4561 1278 4624 Verp.
1298 4560 1364 4613 Aen.
1385 4557 1480 4610 11762
1551 4575 1611 4622 qua-

319 4623 395 4692 tiens]
414 4627 530 4688 quotiens
550 4629 576 4678 V
582 4627 604 4677 G
674 4627 707 4678 26
726 4636 750 4677 et
768 4643 814 4682 οιιι.
836 4628 859 4678 G
928 4629 962 4678 27
977 4626 1106 4694 audieras]
1126 4631 1205 4695 νειμ.
1219 4628 1301 4679 bacol.
1315 4629 1341 4689 a,
1358 4629 1388 4680 ll
1461 4629 1497 4680 28
1514 4629 1611 4693 syllaba

320 4711 334 4743 a
359 4695 442 4745 uacali
465 4697 591 4761 excipitur
615 4697 777 4748 consonantis
802 4697 858 4748 luco
881 4698 1000 4762 positas
1023 4699 1150 4765 excipitur
1171 4697 1271 4763 syllaba
1288 4715 1304 4750 a
1320 4667 1405 4751 ducali
1427 4700 1571 4764 composite
1587 4699 1613 4747 V

320 4763 417 4826 ysllaba
435 4766 550 4815 auocati
569 4767 624 4816 loco
643 4768 765 4832 positaG
835 4765 973 4833 Troiaque]
998 4770 1078 4833 νειμ.
1098 4772 1165 4819 Aen.
1185 4767 1259 4820 1166
1329 4767 1364 4820 29
1389 4768 1543 4819 maneretG

321 4831 353 4882 ts
373 4849 419 4898 par
421 4833 529 4902 iambus]
551 4835 731 4902 pyrrichius5
800 4837 925 4902 spondius
951 4838 979 4888 V
1044 4838 1157 4889 trocbius
1183 4838 1212 4889 V
1278 4838 1313 4890 34
1337 4838 1508 4889 triaarumG
