3350 5442
647 385 717 447 aas
1263 377 1326 444 355

1126 490 1301 545 peasa-aon.

47 578 185 661 retinent,
213 582 245 635 ut
268 574 417 635 lluctubus
439 577 537 653 potius
565 594 652 654 quam
680 573 820 634 fluctibus
847 573 957 633 dicant.
1002 572 1055 633 sed
1083 572 1112 632 id
1142 571 1325 631 consuetudo

47 677 222 756 inprobavit,
251 696 347 755 neque
376 679 407 736 in
435 676 502 736 aliis
529 676 714 746 nominibus,
743 695 831 755 quam
860 675 911 735 ubi
939 682 984 734 est
1013 674 1189 752 ambiguitas
1212 674 1324 734 discer-

48 780 152 848 nenda,
176 781 339 847 retinetur,
363 786 396 839 ut
418 778 455 838 ab
477 780 533 838 hoo
556 785 622 839 artu
644 779 692 838 bis
714 787 744 838 et
767 778 803 839 ab
826 778 874 837 bis
897 776 1021 837 artubus
1045 772 1051 857 1
1077 783 1190 837 relenta
1215 795 1233 835 u
1256 776 1324 836 elle·

47 900 154 949 camnis,
183 900 220 940 ne
248 888 327 941 artes
355 882 453 960 potins
481 900 569 960 quam
597 888 679 941 artus
709 880 819 940 dixisse
842 879 1004 939 videamur.
1049 896 1251 957 quaecumque
1275 897 1326 937 no·

26 986 122 1043 sruina
144 982 273 1043 ablativo
294 1001 365 1042 casu
386 983 530 1060 singulari
553 985 563 1041 i
586 983 686 1042 littera
709 984 821 1042 luerint
845 983 1016 1048 terminata,
1040 982 1204 1057 genitivum
1227 980 1326 1058 plura·

48 1086 101 1145 lem
133 1086 163 1143 iu
196 1086 271 1153 ium,
306 1084 436 1145 dativum
469 1091 498 1144 et
527 1084 687 1145 ablativum
715 1086 747 1143 iu
776 1083 831 1143 bus
860 1084 996 1151 ruiltuul,
1027 1089 1059 1141 ut
1087 1080 1123 1141 ab
1152 1082 1207 1142 bac
1234 1084 1326 1161 puppi

48 1189 147 1247 barum
170 1188 312 1266 puppium
335 1187 383 1246 bis
406 1195 436 1247 et
458 1186 494 1247 ab
517 1187 564 1245 bis
586 1185 746 1265 puppibus.
791 1185 880 1245 datur
907 1193 1004 1245 tamen
1035 1184 1082 1243 bic
1110 1184 1253 1262 quaedam
1275 1184 1327 1243 ob-

48 1290 183 1357 servatio,
212 1307 288 1368 quae
317 1288 428 1366 dirigat
455 1288 611 1349 iudicium·
627 1296 775 1357 nostrum,
810 1286 955 1367 siquando
984 1285 1107 1346 dubium
1136 1294 1195 1355 est,
1230 1294 1328 1346 utrum

48 1391 187 1450 ablativus
208 1389 369 1467 singularis
392 1393 402 1451 i
424 1410 500 1451 ane
529 1389 637 1451 debeat
665 1375 836 1457 terminari,
868 1392 997 1468 itemque
1021 1394 1120 1447 ulrum
1143 1390 1328 1449 accusativus

18 1513 38 1550 ιο
48 1492 202 1569 singularis
225 1494 257 1551 iu
280 1495 319 1552 im
343 1512 379 1552 an
401 1495 433 1553 in
456 1512 513 1552 em.
558 1512 625 1552 nam
653 1494 679 1552 si
702 1494 733 1551 in
756 1492 953 1551 diminutione
978 1490 1100 1550 ultiman
1123 1488 1254 1568 syllabae
1277 1509 1326 1547 vn-

48 1595 115 1654 ralis
138 1612 154 1653 a
175 1595 355 1654 nominativo
384 1597 505 1665 veniens
532 1595 720 1674 producitur,
749 1595 820 1653 lacit
849 1596 1022 1669 contingere
1051 1594 1081 1651 iu
1111 1598 1235 1670 utroque
1259 1610 1328 1651 casu

50 1696 244 1775 iponendurn
272 1715 353 1764 esse,
388 1703 421 1756 ut
448 1696 521 1757 baec
549 1699 642 1756 turris
668 1696 827 1763 turricula,
858 1714 892 1755 ao
919 1694 1044 1774 perinde
1074 1713 1089 1754 a
1119 1696 1194 1753 turri
1222 1694 1328 1752 turrIm

50 1800 153 1857 lac-ere.
191 1798 270 1877 quod
293 1800 319 1857 si
345 1817 404 1857 nou
426 1799 601 1878 producitur
623 1790 747 1866 vocalis,
772 1773 804 1857 dt
826 1798 899 1857 baec
922 1798 1037 1856 securis
1059 1794 1234 1863 securicula,
1259 1802 1328 1854 trine

50 1901 145 1959 lacere
167 1899 311 1960 debemus
326 1920 341 1960 a
357 1919 462 1960 secure
484 1918 630 1959 securem.
667 1899 719 1959 sed
743 1902 784 1960 ita
806 1898 990 1959 cousuetudo
1013 1904 1043 1957 et
1065 1898 1226 1956 auctoritas
1248 1898 1328 1955 varie

21 2010 150 2062 econtra
172 2001 228 2061 boc
250 1989 376 2082 pugnat,
407 2010 438 2062 ut
460 2003 595 2081 plerique
618 2004 649 2061 iu
671 2002 726 2061 bac
749 2010 834 2081 parte
857 1999 981 2061 dubium
1004 1999 1135 2058 ‹lineriut
1157 1996 1328 2058 ablativum.

52 2111 126 2163 certe
147 2112 176 2164 et
197 2106 249 2183 qui
272 2104 431 2164 ablativum
454 2107 464 2164 i
487 2104 586 2164 littera
609 2104 750 2172 efferunt,
781 2106 941 2183 septimum
969 2120 1070 2161 casum
1093 2099 1128 2159 ad
1152 2118 1168 2159 e
1192 2080 1329 2177 redigunt

53 2206 208 2266 interdum:
238 2206 382 2283 Virgilius
408 2208 541 2284 ‘puppi
576 2208 631 2265 sie
659 2207 761 2266 latur
787 2205 830 2265 ab
860 2205 966 2272 alta',
996 2204 1133 2285 Lucanps
1161 2201 1329 2262 ‘deserta

53 2328 163 2387 puppe
185 2308 395 2384 magister'.
439 2308 509 2367 licet
538 2315 567 2367 et
595 2309 692 2385 ipsum
713 2310 872 2385 septinuuu
900 2325 1000 2367 cascum
1029 2306 1157 2373 varient,
1191 2304 1328 2364 ‘classe

53 2410 134 2469 nebo
165 2411 333 2478 mecum',
367 2410 578 2470 ‘advectum
612 2412 765 2470 Aeneam
799 2409 944 2468 classi'.
990 2410 1020 2467 iu
1054 2406 1109 2465 bac
1142 2406 1243 2482 regula
1271 2405 1330 2465 cluo

23 2530 121 2571 nuova
147 2510 300 2579 accidunt,
330 2530 436 2580 tulum,
460 2511 537 2591 quod
561 2512 659 2571 lacere
683 2514 883 2571 accusativum
910 2508 1055 2589 pluralem
1085 2510 1115 2566 in
1139 2510 1165 2567 is
1188 2506 1328 2585 syllabam

55 2614 238 2691 conpellitur,
262 2630 321 2690 quo
343 2612 459 2672 scilicet
480 2612 622 2673 discretio
644 2615 682 2673 sit
703 2615 784 2672 iuter
807 2616 903 2691 ipsum
926 2612 1124 2671 accusativum
1146 2615 1175 2667 et
1197 2610 1329 2669 nomina·

55 2717 137 2774 tivum
158 2722 188 2775 et
210 2715 391 2783 vocativum,
414 2716 464 2793 qui
488 2716 602 2776 similes
625 2722 693 2775 sunt
714 2716 905 2795 frequentem
928 2712 1021 2781 aliud,
1039 2710 1116 2789 quod
1133 2712 1331 2770 accusativum

55 2835 161 2895 quoque
188 2815 370 2892 singularem
399 2818 430 2875 iu
458 2818 498 2876 im
526 2816 672 2896 syllabam
700 2836 788 2896 saepe
811 2822 986 2883 commutat,
1010 2820 1044 2872 ul
1066 2814 1188 2898 puppim
1209 2815 1331 2873 messim

56 2921 150 2978 restim
176 2920 276 2997 potius
309 2934 397 2995 quam
429 2936 559 2996 puppem
591 2937 719 2979 messem
752 2927 921 2997 restemque
956 2915 1098 2975 dieamus.
1143 2932 1199 2973 neo
1233 2924 1330 2975 tamen

26 3030 189 3099 aperpetua
218 3026 264 3080 est
291 3019 364 3078 baec
391 3019 504 3096 regula.
548 3038 616 3080 nam
645 3022 838 3080 inveniuntur
861 3018 1005 3098 quaedam
1033 3017 1151 3077 nomina
1175 3016 1263 3076 aliter
1285 3019 1330 3076 iu-

57 3122 154 3182 clinata
177 3125 208 3181 in
230 3122 361 3198 genitivo
389 3120 514 3199 plurali,
543 3129 576 3181 ut
598 3122 635 3182 ab
657 3122 712 3182 boc
735 3122 817 3200 vigili
840 3121 949 3200 pugili,
973 3121 1080 3179 horum
1103 3118 1225 3195 vigilum
1246 3120 1331 3198 pugi-

57 3223 125 3293 lnmr;
153 3241 227 3303 quae
257 3223 315 3282 diro
343 3222 478 3299 analogia
499 3225 579 3282 inter
601 3243 633 3282 se
656 3226 785 3293 confert,
810 3225 944 3301 quamvis
967 3220 1088 3300 regulae
1111 3238 1169 3280 nou
1191 3223 1330 3281 serviunt.

131 3326 167 3385 Et
196 3326 336 3404 quoniam
361 3322 401 3413 yle
430 3326 559 3401 genitivo
587 3325 696 3403 plurali
720 3328 761 3385 'in
787 3328 850 3385 ium
878 3332 1004 3385 exeunte
1032 3325 1144 3383 mentio
1172 3322 1247 3383 lacta
1277 3330 1330 3392 est,

57 3426 220 3488 adiciendae
248 3432 318 3485 suut
345 3427 515 3486 necessario
542 3426 616 3487 aliae
644 3427 718 3487 duae
748 3428 883 3504 regulae,
912 3446 967 3505 per
994 3444 1067 3504 quas
1090 3423 1169 3483 idem
1192 3422 1247 3483 boo
1269 3424 1331 3502 ple·

29 3547 171 3609 aruurque
193 3530 312 3589 evenire
334 3528 524 3588 manifestum
552 3536 607 3589 est.
651 3547 710 3588 una
738 3537 798 3598 est,
822 3530 960 3608 ryrrotieus
983 3527 1179 3586 nominativus
1201 3525 1331 3601 siugula-

59 3632 94 3689 ris
114 3650 132 3690 u
154 3637 184 3690 et
206 3650 221 3690 s
244 3628 353 3689 litteris
376 3630 566 3689 terminatur:
594 3639 659 3690 tum
681 3632 761 3690 enim
783 3632 931 3707 genitivus
954 3622 1087 3707 plurallis
1110 3628 1278 3686 necessario
1302 3628 1332 3686 iu

60 3732 111 3791 ium
131 3734 205 3800 erit,
234 3738 267 3791 ut
295 3729 344 3790 bic
371 3749 455 3790 mous
477 3731 582 3791 borum
605 3734 762 3800 montium,
792 3750 895 3791 amaus
917 3730 1088 3789 amantium.
1133 3746 1208 3805 quae
1230 3728 1333 3804 regula

60 3850 109 3892 uon
134 3850 284 3913 peraeque
311 3840 425 3893 manet:
454 3851 521 3893 nam
550 3835 648 3894 iulans
676 3834 822 3894 inlautum
850 3834 929 3893 lacit.
974 3830 1031 3891 alia
1054 3837 1098 3889 est
1120 3828 1236 3906 regula,
1260 3848 1332 3908 quo·

61 3934 127 3994 tiens
147 3935 277 3995 ablativo
298 3954 368 3995 casu
390 3934 534 4012 singndari
556 3936 699 3995 lemiuina
720 3937 842 3995 nomina
865 3940 1001 4013 correpta
1017 3952 1033 3993 c
1049 3932 1148 3992 littera
1172 3916 1332 3991 terruiuau-

120 4170 319 4223 tretenendau
337 4172 370 4222 M
420 4174 529 4222 lanus
544 4171 658 4237 pdixiese
672 4172 698 4221 B
767 4168 854 4235 ahio]
876 4170 934 4220 inde
955 4172 986 4220 M
1056 4170 1085 4221 ll
1107 4169 1260 4235 producatur
1278 4168 1333 4217 BL

123 4242 152 4291 12
167 4243 314 4308 ponendum
333 4242 398 4292 sicut
412 4242 470 4291 BL
540 4256 570 4291 ac
585 4242 678 4292 deinde
696 4259 711 4291 a
729 4244 791 4291 turri
809 4242 897 4290 turrim
912 4241 976 4290 solet
991 4240 1074 4289 lacere
1089 4240 1122 4290 M
1190 4237 1222 4289 13
1239 4238 1334 4304 produ-

63 4312 186 4361 caturBL
236 4312 269 4363 16
284 4320 351 4362 certe
369 4319 394 4360 et
412 4312 595 4373 quiaheerte
611 4312 732 4374 quemM
783 4311 815 4362 17
832 4311 958 4377 Virgilius
979 4324 1025 4363 om.
1038 4310 1080 4360 M=
1101 4311 1179 4374 Verg.
1193 4307 1258 4361 Aen.
1275 4308 1334 4357 Vlll

64 4378 105 4429 115
152 4396 238 4447 puppe
254 4380 288 4431 M
337 4381 438 4431 ababa
455 4382 480 4431 B
499 4382 597 4430 ababa
616 4381 664 4430 ubl'
685 4381 862 4432 Lablutiuum
882 4381 912 4430 M
964 4377 1093 4446 Lucanus]
1113 4380 1231 4431 Pharsal.
1255 4379 1263 4426 l
1283 4378 1332 4428 501

122 4450 152 4501 1⁸
166 4452 265 4501 uariunt
282 4460 310 4501 ut
321 4450 390 4501 eluse
406 4452 452 4500 M:
476 4453 553 4515 Vero.
571 4450 636 4503 Aen.
656 4453 666 4500 l
685 4450 738 4502 379
809 4451 841 4502 19
858 4459 882 4500 et
895 4451 1025 4500 advectum
1043 4448 1087 4499 M:
1103 4452 1181 4514 Verg.
1198 4448 1263 4497 Aen.
1277 4448 1334 4496 Vlll

65 4518 90 4567 ll
167 4520 230 4572 elusi
249 4520 280 4571 M
367 4522 399 4572 21
418 4521 581 4586 interipsum
600 4530 625 4569 et
642 4522 826 4570 nominatiuurn
846 4530 870 4570 et
889 4520 1034 4569 uocatiuum
1055 4520 1082 4568 ιιῑ
1099 4520 1142 4580 qui
1160 4517 1256 4568 similes
1275 4526 1334 4565 sunt

65 4586 167 4651 frequent
183 4592 208 4640 B
277 4590 311 4641 22
330 4591 473 4654 frequenter
491 4607 536 4640 om.
558 4590 591 4639 M
595 4590 619 4638 L
688 4590 759 4640 aliud
778 4605 878 4655 quoque
897 4589 964 4653 quod
983 4590 1156 4638 accusatiuum
1178 4587 1333 4651 singularem

64 4656 86 4703 iu
101 4659 108 4705 i
125 4660 202 4709 littera
216 4675 294 4727 saepe
309 4660 365 4709 BL
434 4661 469 4713 23
487 4661 576 4711 mesim
592 4659 624 4708 M
692 4662 726 4709 24
748 4675 843 4709 meeem
861 4659 893 4707 M
960 4659 993 4708 25
1011 4659 1082 4708 aliter
1097 4657 1220 4707 declinata
1235 4656 1268 4705 M

65 4727 93 4774 21
108 4728 153 4778 duo
171 4745 216 4781 om.
235 4729 280 4779 M:
300 4732 335 4793 es.
356 4729 454 4785 caeru.
469 4746 499 4793 p.
521 4730 581 4791 lau,
600 4732 634 4780 22
649 4728 746 4778 Plinius
764 4729 852 4779 eodem
872 4730 934 4778 libro
953 4729 986 4776 Vl
1004 4727 1061 4777 ‘bie
1074 4726 1169 4791 mugil’
1188 4726 1277 4787 inquit,
1295 4732 1333 4776 ‘ut

65 4797 127 4861 pugil
144 4808 166 4847 et
182 4799 259 4865 vigil’
276 4807 323 4854 ete.
395 4798 430 4850 29
446 4800 600 4850 adiecendae
615 4800 649 4849 M
716 4798 750 4849 32
764 4799 903 4848 amantium
922 4806 1007 4848 eontra
1023 4812 1088 4860 quae
1104 4798 1129 4847 B
1199 4795 1232 4846 33
1249 4804 1334 4844 manet

66 4866 215 4919 ululantum
234 4885 292 4919 uam
310 4870 366 4934 Bu
435 4870 469 4921 34
488 4870 652 4919 terminantur
671 4869 799 4934 genitiuus
816 4867 921 4934 pluralis
937 4869 961 4916 iu
982 4870 1033 4916 ium
1052 4868 1104 4917 exit
1124 4872 1150 4915 ut
1169 4874 1241 4915 nocte
1262 4864 1333 4920 clade
