3350 5442
686 310 758 373 tus
1306 305 1369 373 373

1175 431 1198 473 p.
1211 419 1269 461 2059.
1282 421 1308 461 tto
1321 417 1344 459 P.

76 498 219 573 agris’;
247 498 319 557 item
348 495 508 559 Terentius
536 498 619 577 ‘per
640 516 747 577 quem
768 518 830 559 res
851 508 1006 577 geretur
1026 500 1211 561 maxime’.
1254 506 1368 560 utrum-

77 618 139 677 que
161 598 287 659 verbum
308 599 496 678 inpersonale
519 606 580 671 est,
604 598 730 661 alterum
752 603 920 680 praesentis
944 604 1100 682 temporis,
1122 603 1216 663 futuri
1232 601 1367 661 alterum.

77 701 132 760 sed
155 701 246 763 huius
272 703 319 761 rei
346 701 532 763 intellectum
552 701 714 763 videamus.
758 704 837 782 quod
861 706 901 764 ait
924 702 1082 765 Terentius
1105 706 1189 784 ‘per
1205 722 1293 783 quem
1321 721 1369 763 res

77 812 203 880 geretur
223 805 380 873 maxime',
409 803 561 865 videamus
587 804 659 883 quid
687 804 812 875 dixerit,
842 813 963 883 geretur
991 813 1090 867 utrum
1113 806 1149 865 ad
1172 824 1250 873 rem,
1274 823 1311 865 an
1333 805 1369 866 ad
1400 850 1401 855 η

47 905 291 967 ⁵Phormionem
318 905 509 967 referendum
537 907 591 966 sit:
622 908 647 967 si
671 906 707 966 ad
729 905 954 975 Phormionem,
978 910 1029 987 qui
1052 915 1172 968 aeturus
1194 915 1252 977 est,
1276 924 1370 984 genus

76 1015 124 1066 est
153 1008 342 1087 inpersonale
371 1009 455 1070 verbi
484 1007 520 1069 alr
550 1009 645 1068 activo
672 1008 774 1077 modo,
802 1008 834 1069 id
863 1016 909 1069 est
936 1029 953 1070 a
979 1027 1051 1087 gero
1072 1011 1187 1087 geritur
1208 1008 1370 1087 gerebatur

74 1116 195 1185 gestum
229 1116 275 1171 est
303 1119 421 1188 gestum
448 1118 512 1171 erat
537 1117 677 1187 geretur;
707 1111 733 1169 si
755 1108 878 1171 adrem
901 1129 954 1171 nos
976 1110 1067 1171 trahit
1088 1109 1270 1181 intellectus,
1294 1128 1369 1189 quae

75 1211 213 1287 gerenda
235 1218 297 1281 est,
322 1214 381 1274 erit
402 1214 551 1291 passivum
574 1211 699 1272 verbum
721 1210 876 1272 indicativi
898 1212 1001 1283 futuri,
1024 1212 1055 1273 id
1078 1219 1123 1273 est
1145 1230 1232 1291 gerar
1254 1213 1370 1290 gereris

74 1322 211 1389 geretur.
255 1314 347 1375 simili
375 1316 490 1375 ratione
518 1313 711 1375 discutiamus
739 1319 770 1373 et
797 1332 863 1373 eam
891 1315 1154 1391 significationem,
1183 1332 1271 1393 quam
1294 1313 1370 1374 dixit

38 1428 62 1465 1⁰
77 1415 239 1493 Virgilius,
273 1419 386 1495 ‘usque
419 1416 493 1477 adeo
524 1414 662 1477 turbatur
697 1416 804 1492 agris’,
838 1422 868 1475 et
899 1416 971 1495 quid
1004 1417 1052 1476 cui
1086 1415 1229 1495 adplicari
1263 1415 1370 1476 debeat

76 1518 294 1579 discernamus.
339 1536 375 1579 ex
398 1517 454 1577 hoc
476 1516 598 1596 quidem
619 1515 821 1594 intellegimus
846 1516 1021 1597 plerumque
1044 1528 1255 1577 concurrentes
1277 1500 1368 1595 signi·

76 1621 182 1681 litatus
211 1619 284 1681 duas
311 1620 422 1697 figuras
449 1618 608 1690 exhibere,
639 1620 788 1698 passivam
815 1626 847 1678 et
873 1621 1007 1680 activam.
1052 1620 1131 1681 aliud
1159 1628 1258 1680 autem
1280 1626 1368 1687 esset,

75 1724 102 1781 si
131 1728 184 1782 aut
216 1721 266 1781 ille
295 1739 354 1783 non
383 1721 542 1782 adiecisset
569 1740 618 1781 res
646 1728 696 1781 aut
718 1720 768 1781 ille
790 1722 880 1798 agris
924 1721 997 1781 haee
1026 1721 1134 1801 duplex
1166 1721 1369 1799 intellegentia

76 1827 170 1883 etiam
197 1825 229 1884 in
256 1824 403 1885 infinitivo
425 1823 513 1884 modo
535 1825 644 1883 evenit.
690 1825 732 1883 ait
754 1822 859 1889 Cicero
882 1824 974 1883 ‘rem
996 1825 1090 1900 agi’;
1114 1823 1187 1885 dicit
1209 1827 1281 1885 item
1303 1823 1368 1883 Vir-

43 1936 65 1974 15
78 1925 171 2002 gilius
200 1926 291 1986 ‘iam
317 1933 464 2004 tempus
485 1927 544 2004 agi
566 1928 654 1985 res’.
684 1926 717 1985 in
737 1924 794 1985 hoc
817 1926 843 1985 si
865 1926 959 2003 ipsam
982 1944 1082 1986 vocem
1104 1926 1298 1995 attendamus,
1322 1927 1368 2002 agi

78 2029 165 2087 venit
186 2026 224 2087 ab
246 2028 392 2088 infinitivo
414 2026 502 2088 modo
523 2028 656 2105 passivo,
679 2026 711 2087 id
734 2033 779 2086 est
800 2025 837 2087 ab
861 2044 932 2103 agor
955 2028 1054 2105 ageris
1082 2029 1192 2104 agitur,
1217 2030 1247 2087 in
1270 2029 1368 2088 inlini·

78 2131 141 2189 tivo
164 2129 236 2190 facit
258 2130 322 2206 agi;
351 2132 376 2189 si
399 2147 469 2189 vero
491 2146 542 2187 eos
564 2127 814 2207 contemplemur,
837 2147 893 2207 per
912 2147 986 2207 quos
1007 2132 1118 2206 agitm·,
1141 2132 1223 2190 venit
1245 2129 1369 2189 averbo

78 2228 264 2309 inpersonali
287 2232 401 2307 agitur,
425 2232 511 2292 cuius
533 2232 617 2307 origo
640 2230 676 2292 ab
699 2232 795 2298 activo
816 2237 932 2301 manat,
955 2230 986 2291 id
1009 2238 1054 2292 est
1076 2230 1112 2292 ab
1135 2250 1189 2309 ago
1212 2234 1275 2310 agis
1298 2233 1367 2308 agit,

78 2334 160 2413 quod
180 2350 236 2411 per
258 2350 361 2393 omnes
381 2350 488 2392 rursus
509 2332 613 2393 modos
628 2333 805 2394 declinatum
820 2334 894 2393 facit
916 2334 1095 2393 infinitivum
1110 2334 1227 2395 modmn
1242 2336 1295 2403 sic,
1319 2335 1366 2410 agi

46 2442 180 2495 nactum
202 2453 268 2495 esse
290 2442 389 2495 aetum
410 2436 460 2494 iri.

164 2535 262 2596 Verba
290 2535 491 2614 inpersonalia
519 2555 587 2597 cum
613 2538 679 2596 fere
705 2556 760 2616 per
787 2556 891 2599 onmes
918 2537 1021 2599 modos
1044 2536 1245 2607 declinentur,
1270 2544 1368 2597 tamen
1441 2594 1444 2604 ,

79 2646 150 2699 sunt
171 2637 316 2717 quaedam
338 2640 403 2699 eius
425 2638 519 2708 modi,
544 2646 577 2699 ut
598 2638 744 2699 defectiva
765 2640 970 2709 inveniantur,
993 2647 1027 2699 ut
1049 2657 1117 2699 ecee
1139 2639 1248 2717 liquet:
1282 2658 1383 2719 prae··

81 2743 202 2801 teritum
231 2742 310 2800 enim
336 2741 502 2819 perfectum
525 2747 555 2800 et
582 2739 904 2820 plusquamperfectum
927 2759 1050 2821 prorsus
1071 2759 1130 2801 non
1153 2740 1251 2801 habet.
1297 2742 1369 2801 item

79 2846 205 2903 miseret
230 2843 322 2904 habet
350 2843 471 2921 quidem
498 2844 695 2922 praeteritum
716 2845 883 2922 perfectum
906 2851 936 2903 et
957 2844 1292 2924 plusquamperfectum,
1316 2843 1368 2903 sed

49 2945 205 3005 &alterius
226 2945 321 3015 modi,
344 2964 433 3025 quam
454 2946 549 3005 forma
571 2943 656 3005 verlvi
679 2946 782 3023 exigit.
816 2965 886 3007 nam
907 2946 980 3011 illud
1002 2964 1038 3006 ex
1060 2948 1172 3007 activae
1195 2945 1367 3005 declinatio·

81 3049 127 3107 nis
149 3044 373 3126 significatione
401 3050 433 3107 in
460 3049 608 3126 passivam
637 3048 762 3109 formam
791 3050 910 3109 transit.
954 3050 1087 3127 paenitet
1115 3049 1195 3108 enim
1222 3049 1369 3126 paenituit

81 3150 152 3209 facit
183 3152 377 3227 praeteritum
405 3150 587 3228 perfectum;
614 3150 739 3210 miseret
765 3152 921 3211 misertum
943 3156 988 3211 est
1010 3150 1095 3219 facit,
1125 3158 1158 3210 ut
1180 3150 1279 3210 taedet
1300 3168 1368 3231 per-

82 3260 195 3313 taesum
218 3258 274 3311 est.
303 3254 387 3312 etin
414 3251 470 3311 hoc
497 3251 589 3312 verbo
615 3252 715 3313 taedet
742 3252 816 3313 duas
843 3271 893 3313 res
919 3254 1013 3313 forma
1034 3251 1132 3313 adfert
1153 3254 1257 3320 aliter,
1281 3270 1369 3330 quam

82 3352 242 3413 declinatio
270 3352 422 3430 exigebat,
451 3361 481 3413 et
506 3373 566 3415 non
594 3354 696 3424 aliter,
719 3372 808 3433 quam
835 3357 861 3415 si
884 3356 1071 3433 conpositum
1094 3374 1130 3414 ox
1158 3354 1285 3433 simplici
1309 3355 1367 3413 frat.

54 3470 149 3517 unam
172 3455 329 3533 pertaedet
349 3474 410 3515 non
431 3455 569 3526 dicimus
592 3475 661 3517 eum
682 3459 877 3536 praeteritum
900 3457 998 3517 faeere
1022 3476 1081 3517 non
1101 3457 1250 3535 possimus
1270 3455 1367 3525 aliter,

85 3558 219 3635 quamsi
242 3575 458 3637 conponamus,
481 3566 515 3619 ut
536 3560 681 3637 faciamus
701 3564 871 3637 pertaesum
894 3565 948 3617 est.

148 3746 232 3811 iper
251 3742 336 3810 quem]
364 3745 463 3798 Terent.
486 3746 586 3799 Pderm.
608 3748 677 3809 prol.
698 3743 732 3793 28
801 3746 929 3795 2estom.
950 3742 1010 3793 ML
1080 3745 1209 3793 ldixerit
1230 3743 1370 3794 sichardus

85 3813 144 3864 dixit
162 3815 232 3864 BM
247 3814 314 3864 dicat
332 3830 401 3867 corr.
423 3815 489 3864 dixit
506 3816 531 3864 L
601 3822 684 3863 utrum
703 3813 804 3862 adrem
822 3813 930 3873 adicitur
948 3826 979 3861 an
999 3812 1033 3861 M
1098 3814 1114 3863 5
1132 3812 1175 3879 sit]
1191 3822 1229 3864 est
1248 3814 1306 3865 ML

85 3884 295 3951 dimpevsoualis
313 3885 377 3936 ΒΜ
394 3885 554 3951 impersonal’
573 3885 598 3933 L
666 3879 793 3948 equam]
819 3897 870 3945 qua
887 3882 920 3932 M
990 3884 1020 3933 ll
1044 3885 1102 3946 quid
1121 3884 1293 3949 intellegimus
1308 3884 1368 3933 ML

148 3956 323 4005 concurrentis
340 3955 500 4023 significatus
518 3955 542 4004 L
560 3953 731 4003 concurrentis
749 3951 943 4018 significationis
963 3955 997 4004 M
1066 3954 1097 4003 14
1114 3954 1189 4003 etiam
1205 3954 1231 4002 in
1250 3954 1367 4004 infinitiui

86 4024 195 4074 Letiam
214 4024 339 4074 infinitiuo
360 4024 422 4075 BM
490 4022 536 4087 ait]
556 4032 583 4072 nt
601 4024 635 4073 M
702 4038 753 4071 rem
771 4024 813 4088 agi
833 4022 1042 4073 diciteinlitura
1060 4024 1090 4074 M
1162 4024 1222 4074 dicit
1238 4026 1313 4090 Virg.
1330 4024 1369 4073 Si·

86 4094 190 4145 etardus
208 4095 283 4143 dicite
300 4096 419 4160 uirgilius
436 4094 536 4145 BML.
559 4095 639 4158 Verg.
659 4094 725 4143 Aen.
751 4091 775 4139 V
792 4092 845 4144 638
933 4094 965 4145 16
985 4095 1012 4143 id
1035 4102 1075 4143 est
1098 4108 1162 4159 agor
1183 4095 1268 4160 ageris
1286 4095 1369 4159 agitur

88 4164 235 4214 ininitiuum
253 4163 314 4214 ML
384 4165 418 4216 19
436 4167 478 4227 qui
496 4179 541 4230 per
562 4179 649 4213 omnies
666 4178 755 4213 rursus
773 4164 862 4211 modos
881 4162 1022 4214 declinatus
1039 4163 1064 4213 B
1082 4164 1126 4227 qni
1144 4178 1192 4227 per
1209 4178 1296 4213 omnes
1314 4178 1368 4213 rur-

88 4248 136 4284 sum
153 4234 243 4283 modos
257 4234 364 4283 clinatos
376 4235 459 4298 (war.
475 4233 533 4295 -usJ
545 4236 569 4284 L
585 4236 628 4295 qui
641 4248 685 4297 per
702 4248 789 4283 omnes
801 4232 890 4281 modos
902 4248 1002 4283 rursum
1015 4233 1121 4283 clinatus
1133 4233 1164 4282 M
1219 4232 1369 4283 malverias

89 4306 148 4353 modi
167 4319 243 4368 quam
262 4302 388 4355 utforma
406 4304 440 4353 M
455 4303 563 4353 alicuius
580 4304 649 4353 modi
668 4319 743 4367 quam
764 4302 845 4351 forma
861 4302 915 4352 BL
979 4300 1051 4369 illud]
1073 4302 1142 4353 uelut
1160 4304 1193 4353 M
1260 4303 1292 4352 27
1311 4317 1369 4367 per-

88 4383 175 4423 tessnm
195 4381 235 4424 est
247 4372 313 4423 ΒΜ
378 4374 413 4424 28
428 4382 453 4423 et
471 4374 495 4421 in
513 4371 561 4422 hoc
578 4374 656 4423 uerbo
674 4374 741 4422 tedet
758 4372 792 4421 M
806 4380 831 4421 et
849 4373 875 4420 in
893 4372 941 4422 hoc
960 4373 1044 4423 taedet
1059 4374 1136 4422 uerbo
1154 4373 1179 4422 B
1193 4380 1218 4421 et
1235 4371 1283 4423 hoc
1302 4374 1369 4422 tedet

90 4445 157 4492 uerbo
172 4446 212 4493 L:
231 4444 326 4493 rectius
343 4445 380 4494 tta
397 4444 527 4494 dicendam
543 4452 601 4493 erat
617 4444 646 4493 id
662 4444 730 4508 quod
741 4443 918 4507 prmrmraticue
930 4444 1037 4504 nolebat,
1053 4452 1077 4493 et
1089 4443 1113 4491 in
1127 4441 1175 4492 hoc
1189 4442 1267 4491 verbo
1285 4443 1369 4493 taedet

89 4511 143 4561 duaa
162 4528 204 4562 res
228 4512 313 4562 adfert
335 4514 468 4563 declinatio
493 4512 579 4577 aliter,
598 4528 674 4576 quam
693 4512 774 4562 forma
792 4513 925 4579 exigebat,
950 4521 978 4562 ut
998 4522 1023 4563 et
1041 4513 1170 4577 passivum
1192 4527 1225 4560 ex
1243 4512 1326 4562 activo
1345 4518 1370 4560 et

90 4583 247 4648 compositum
267 4598 300 4631 ex
319 4583 430 4648 simplici
448 4582 492 4632 fiat
560 4583 644 4632 adfert
661 4597 735 4645 quam
752 4583 886 4633 declinatio
904 4583 930 4632 B
947 4582 1019 4633 affert
1034 4597 1109 4647 quam
1128 4582 1228 4631 clinatfc
1249 4583 1310 4633 ML

91 4650 118 4697 ill
133 4650 165 4718 si]
187 4653 225 4703 sio
242 4652 305 4703 ML
354 4653 389 4703 30
407 4668 463 4702 enm
483 4653 648 4717 praeteritum
666 4667 716 4701 non
734 4654 863 4719 possimus
881 4652 956 4702 aliter
973 4653 1057 4703 dicere
1077 4667 1152 4717 quam
1170 4654 1192 4701 si
1210 4653 1235 4701 L
1253 4662 1278 4701 et
1296 4668 1369 4717 pree·

91 4722 181 4771 teritum
198 4736 247 4771 uon
266 4723 397 4788 possimus
415 4724 488 4772 aliter
506 4722 589 4771 dicere
604 4722 655 4771 nisi
671 4721 703 4770 M
754 4723 786 4774 31
806 4731 835 4773 ut
853 4721 976 4773 faciamus
993 4731 1135 4788 pertessurn
1150 4731 1189 4772 est
1206 4722 1233 4771 B
1251 4732 1277 4772 ut
1290 4722 1369 4773 faeia-

92 4802 139 4840 mus
162 4792 291 4857 (dicamus
310 4790 354 4857 M)
372 4787 514 4858 pertessum
539 4800 577 4841 est
603 4793 718 4858 pertedet
735 4794 864 4859 praesenti
884 4806 932 4843 non
956 4808 1032 4860 posse
1056 4792 1154 4859 (potest
1167 4792 1213 4857 M)
1237 4793 1285 4843 diei
1311 4808 1368 4843 cum
