3350 5442
313 318 375 384 aas
596 269 600 278 ’
669 320 867 384 arcannm
889 321 939 382 ax
962 320 1077 384 noun.
1100 320 1139 382 m
1162 319 1247 382 uon.
1312 309 1316 316 ’
1411 285 1416 292 ’

313 509 528 588 compositione
556 507 679 588 prolata.
726 508 804 569 unde
833 503 928 570 dictus
963 515 1007 570 est
1038 507 1250 570 soloecismus?
1282 527 1298 568 a
1326 475 1470 577 civlbus„
1491 509 1544 585 qui
1570 526 1605 568 ex

312 609 387 672 urbe
410 609 511 681 Soloe,
540 629 615 690 quae
646 627 725 670 nunc
747 605 967 690 Pompeiopolis
995 609 1117 681 dicitur,
1147 610 1375 672 Atheniensibus
1402 610 1516 671 auxillo
1539 629 1604 689 pro·

313 711 397 782 lecti,
422 731 487 774 crim
511 713 588 793 apud
612 732 664 774 eos
687 719 905 774 commorantes
920 727 1003 774 suam
1020 721 1050 774 et
1065 711 1183 774 illorum
1199 712 1329 791 linguam
1353 715 1605 792 inconsequenter

314 815 475 895 vitioseque
497 815 729 886 contunderent,
753 813 928 876 soloecismo
951 833 1060 876 nomen
1076 813 1232 885 dederunt,
1256 815 1292 876 ab
1309 815 1393 884 urbe,
1417 823 1446 875 ut
1465 814 1602 882 diximus,

313 915 401 976 Soloe
418 923 447 976 et
469 909 612 977 ἀπὸτοῦ
628 914 746 997 οἰκεῖν,
770 919 837 998 quia
861 916 901 977 ibi
923 916 1170 978 inhabitaverant.
1201 917 1250 978 alii
1273 916 1373 978 rolunt
1395 916 1626 978 soloecismums

312 1016 423 1078 dictum
448 1017 603 1086 aSolone.
628 1017 702 1079 doce
719 1019 959 1096 Atheniensium,
982 1037 1069 1099 quem
1092 1019 1311 1098 peregrinando
1325 1020 1451 1081 Atticam
1476 1018 1603 1096 lingnam

313 1119 450 1179 dixerunt
478 1123 657 1199 corrupisse.
703 1121 781 1200 quod
806 1120 925 1202 quidem
955 1122 991 1182 de
1020 1129 1117 1182 tantae
1145 1121 1308 1200 industriae
1332 1123 1395 1182 riro
1418 1121 1504 1181 credi
1527 1121 1604 1181 netas

313 1221 367 1281 est.
413 1221 620 1283 soloecismum
643 1221 732 1284 latine
756 1225 851 1284 nostri
873 1223 1029 1292 dixerunt,
1061 1230 1094 1284 ut
1115 1224 1155 1284 ait
1176 1222 1313 1286 Aurelius
1335 1221 1467 1303 opitius,
1498 1221 1603 1282 stribli-

313 1325 429 1400 ginem,
460 1325 543 1384 euius
579 1325 706 1384 nominis
741 1325 948 1406 etymologiam
984 1323 1116 1386 nondum
1144 1326 1272 1387 invenio.
1318 1325 1516 1386 soloecismus
1537 1336 1604 1403 quot

313 1424 409 1486 modis
431 1427 482 1486 tlt?
505 1432 656 1506 quattuor,
681 1427 846 1488 adiectione
868 1427 1051 1488 detractione
1074 1429 1562 1502 transmutationeimmutatione.
1614 1449 1633 1483 n

856 1614 1059 1626 ..ιι-α...-

639 1750 694 1826 Ex
720 1751 841 1826 codiee
866 1750 1176 1848 Songermonensi
1204 1753 1276 1824 291

398 1904 582 1964 Sineedoclte
615 1922 722 1982 graece
751 1903 859 1966 dicitur
887 1907 971 1984 quasi
1005 1907 1142 1979 continua
1171 1905 1337 1984 susceptio,
1372 1911 1406 1964 ut
1433 1903 1601 1983 Porphirius

313 2009 541 2086 interpretatur,
572 2006 648 2086 qnod
685 2006 763 2066 dicto
797 2009 917 2068 nomine
950 2009 1041 2069 totius
1075 2025 1187 2068 conexa
1220 2025 1290 2086 pars
1323 2005 1523 2084 intellegitur,
1557 2014 1602 2064 aut

313 2108 392 2170 dicto
416 2111 534 2169 nomine
557 2110 650 2188 partis
671 2114 765 2168 totum
789 2117 1008 2189 consequenter
1030 2109 1229 2188 cognoscitur.

399 2211 634 2290 lsteroproteron
662 2213 745 2290 quasi
774 2213 885 2272 isteron
915 2219 1072 2291 proteron,
1101 2212 1157 2271 laoc
1185 2219 1230 2270 cst
1257 2211 1287 2269 in
1311 2218 1445 2269 extremo
1468 2211 1642 2289 primumn-

313 2313 391 2374 uude
415 2315 518 2374 Castor
541 2331 647 2390 graece
671 2314 754 2390 qrrasi
778 2331 869 2373 nacon
892 2315 1018 2384 isteron,
1042 2313 1070 2373 id
1094 2322 1138 2372 est
1159 2312 1269 2373 malum
1293 2321 1472 2382 extremum,
1496 2329 1600 2371 nuncu·

314 2425 414 2495 patus,
440 2425 472 2476 ut
493 2415 602 2476 Fabius
624 2415 761 2475 ostendit.
796 2413 897 2486 aliter,
920 2423 954 2475 ut
974 2417 1005 2475 in
1022 2414 1177 2495 Porphirio
1201 2413 1340 2492 legimus,
1364 2415 1478 2474 isteron
1501 2430 1601 2490 graece

313 2527 381 2596 post
406 2516 496 2578 latine
525 2525 620 2576 sonat.
660 2533 731 2594 ergo
760 2516 930 2595 isterologia
958 2516 1137 2596 appellatur,
1171 2517 1228 2576 lton
1262 2524 1306 2574 est
1338 2524 1407 2595 post
1440 2516 1530 2575 dictio
1561 2511 1599 2572 rel

312 2637 425 2689 sermo,
455 2619 596 2680 saltandis
623 2620 745 2698 positus.
790 2620 862 2679 item
890 2621 1125 2699 isteroproteron
1154 2627 1222 2698 post
1251 2627 1327 2678 aute.
1373 2636 1442 2678 nam
1466 2624 1599 2697 proteron

314 2731 382 2782 ante
406 2723 561 2800 significat.
605 2720 671 2799 lege
692 2721 891 2801 Porplririum.
1609 2738 1629 2774 a

445 2875 616 2882 ..-.—--.——--

315 2993 370 3026 eum
390 2974 512 3040 quellibet
528 2991 589 3042 pars
608 2977 739 3026 orationis.
757 2991 790 3026 us
808 2991 907 3026 raonis.
925 2977 1025 3041 Tropns
1042 2975 1102 3039 quid
1121 2984 1160 3024 est
1176 2984 1223 3030 etc.
1249 2977 1418 3026 commentarii
1441 2975 1475 3024 de
1491 2976 1601 3038 tropice!

313 3049 480 3112 metaplasmas
503 3051 545 3111 pan'
565 3055 703 3110 sequuntur
720 3062 755 3096 eac
768 3047 883 3096 Charisia
899 3049 1030 3095 maximnm
1047 3053 1145 3110 partem
1162 3049 1280 3108 excerpti
1295 3049 1321 3095 in
1342 3045 1415 3110 dangre
1426 3044 1534 3094 editione
1550 3044 1598 3091 olim

314 3117 420 3168 adhibiti
430 3126 488 3168 aunt
560 3117 571 3166 l
593 3117 825 3182 soloecismosque
844 3131 875 3165 ex
895 3118 956 3166 urbe
977 3117 1015 3168 P:
1032 3117 1067 3179 rs.
1086 3116 1179 3166 Isidor.
1198 3119 1263 3180 erip.
1280 3117 1289 3164 l
1308 3115 1342 3166 32
1361 3115 1440 3164 neom.
1459 3129 1486 3177 p.
1500 3111 1557 3173 45³,
1570 3110 1599 3159 '20

384 3188 526 3251 2proteeit
543 3188 570 3236 V
638 3186 727 3236 trsolo
747 3182 972 3237 crnnororornsm
991 3203 1041 3252 que
1060 3187 1094 3234 ibi
1117 3185 1145 3233 V
1210 3185 1348 3236 dasaloue
1366 3188 1392 3234 V
1462 3178 1596 3247 qrrequui

319 3259 344 3306 l'
394 3257 629 3324 'lcorrlpissequd
648 3258 724 3320 quide
746 3259 772 3305 V
823 3255 977 3306 BlntlrraV
1026 3256 1137 3305 aaarrellns
1156 3255 1400 3321 opill'srnbigiuem
1420 3257 1449 3305 t'

385 3327 413 3377 ll
441 3327 530 3376 Codex
559 3327 691 3387 Parisinus
714 3328 769 3376 olim
794 3325 1022 3388 Sanpermanenrn
1044 3324 1093 3376 291
1116 3326 1166 3388 (Ρ)
1190 3326 1299 3375 continet
1327 3324 1439 3388 ‘lapelril
1468 3319 1596 3387 presbyteri

315 3397 536 3462 Hierosolpmitnul
562 3394 639 3444 tione
658 3398 682 3444 in
705 3397 873 3459 ltevltieunr’3
896 3398 998 3446 adiecta
1017 3403 1076 3446 aunt
1097 3398 1149 3445 trin
1165 3395 1363 3444 menstruatarum
1378 3395 1459 3456 solia,
1479 3395 1503 3440 in
1520 3389 1596 3454 quitur

313 3467 502 3518 cominentnra'us
520 3467 545 3514 εὐ
561 3467 681 3514 Donatum
695 3468 726 3515 dc
743 3467 912 3528 barbarismo,
930 3469 962 3516 de
976 3468 1128 3526 soloecismo,
1147 3465 1179 3512 de
1196 3469 1286 3530 tropis,
1304 3465 1336 3514 de
1347 3463 1510 3513 octonarium
1524 3460 1595 3522 ευτ’ρ·

313 3546 353 3586 tus
370 3545 408 3586 est
425 3537 526 3586 soeculo
544 3536 646 3587 derium.
672 3540 725 3586 eius
741 3537 853 3585 uenatum
876 3552 941 3599 pars
966 3554 1000 3587 eac
1017 3537 1118 3587 Isidoro
1138 3543 1162 3583 ct
1185 3535 1302 3584 Diomede
1324 3543 1449 3595 excerpta
1467 3541 1505 3581 eat
1570 3529 1595 3578 ll

315 3607 465 3656 iordriusl'
535 3605 566 3656 13
584 3619 679 3655 cotrexe
696 3609 719 3656 P
789 3607 821 3656 15
833 3609 907 3668 quasi
925 3610 972 3659 eis.
992 3618 1086 3657 steron.
1106 3605 1266 3671 proteronP
1337 3605 1468 3654 ldcnstor
1487 3599 1594 3667 §aquosi

313 3687 477 3728 eacousterou
495 3677 520 3726 P
589 3676 620 3726 lt
641 3677 667 3726 in
690 3675 814 3742 lorplririo
834 3677 858 3725 P
