3350 5442
692 323 763 386 ARS
1311 320 1373 386 527

64 513 180 588 inquit
200 513 275 575 ‘Atii
295 521 393 574 tamen
416 519 445 573 ct
467 514 582 578 idoneis
597 513 759 574 dumtaxat
773 513 948 574 auctoribus
968 519 1034 574 octo
1050 518 1159 590 partes
1180 515 1275 574 secuti
1293 518 1372 586 ssent,

64 620 107 674 ut
131 615 327 676 Aristarchus
349 617 387 676 de
409 611 452 696 (et
473 611 543 676 cod.
559 611 691 697 Regin.)
714 622 793 677 etate
813 624 919 677 nostra
941 617 1098 690 Polemon,
1123 617 1178 691 qui
1196 615 1375 676 monaulum

64 720 146 778 siue
167 721 398 795 appellationem
421 720 533 778 nomini
552 719 741 779 subiecerunt
762 725 914 794 tamqnam
934 721 1048 794 species
1068 720 1160 778 eius’.
1205 718 1251 778 Be
1271 717 1375 778 eodem

67 820 228 881 Eusebius
256 821 294 880 dc
319 820 501 896 temporibus
527 822 572 880 ait
599 820 759 882 ‘Palemon
786 823 956 882 nicentinus
983 822 1111 894 insipnis
1136 820 1251 881 Itomae
1270 837 1373 896 pram-

66 925 210 984 maticus
230 923 371 996 babetur,
396 924 449 998 qui
469 924 676 996 interropatus
704 939 724 982 a
756 924 893 999 consule,
921 924 996 998 qnid
1021 924 1103 983 inter
1122 926 1240 997 puttam
1261 928 1291 982 et
1311 924 1374 982 stit·

66 1025 141 1084 tam
164 1027 333 1104 interesset,
360 1031 462 1100 putto,
493 1026 551 1102 ait,
579 1029 652 1097 stat,
683 1025 765 1084 stilla
787 1025 881 1084 eadit.
926 1025 1041 1085 dicitur
1060 1025 1111 1083 bic
1132 1024 1171 1084 ab
1191 1024 1374 1102 Hieronymo

70 1127 253 1186 Herennius
276 1122 466 1206 (debuemus
488 1143 568 1186 corr.
591 1127 729 1186 iteremus
756 1121 828 1187 cod.
851 1119 986 1206 Regin.)
1008 1125 1161 1186 Palemon.
1204 1126 1375 1186 Polemonis

65 1229 275 1302 prammutici
300 1230 491 1289 uetustissimi
517 1227 554 1286 de
576 1229 719 1304 portibus
747 1228 895 1288 orationis
920 1227 1007 1288 tiber.
1054 1225 1161 1288 Omnia
1187 1229 1310 1288 nomina
1330 1261 1373 1270 -

63 1333 252 1407 plenissima
282 1330 374 1391 dicta.
420 1328 523 1402 cetos
551 1329 757 1410 παλεμωνης.
789 1363 825 1373 -
855 1328 954 1404 Asper
977 1332 1197 1404 prummaticus
1217 1331 1292 1391 cisn's
1312 1330 1372 1390 Ito·

69 1450 189 1494 munus
210 1440 342 1508 tempore
363 1431 510 1492 Antonini
530 1432 706 1509 philosophi
728 1431 793 1504 suit
820 1435 986 1506 imperante
1013 1431 1161 1506 depasto,
1185 1431 1224 1491 de
1244 1447 1303 1507 quo
1321 1432 1373 1491 In·

70 1539 139 1596 tius
174 1535 362 1610 Capitolinus
394 1527 464 1613 (vit.
489 1530 611 1594 Anton.
635 1528 715 1616 phil.
738 1551 766 1594 c.
790 1529 825 1617 2)
847 1535 906 1594 boc
927 1535 987 1607 ait,
1023 1533 1183 1594 ‘natusest
1208 1538 1373 1609 praetcrea

71 1638 277 1713 qseottidinnis
297 1637 505 1710 prammaticis
525 1637 628 1696 latinis
647 1634 751 1695 Trosio
766 1637 866 1712 Aspre
887 1643 916 1695 et
935 1635 1050 1696 Potane
1071 1641 1101 1695 et
1115 1635 1284 1696 Eutbocitio
1298 1639 1372 1695 Pro

71 1742 178 1800 culo'.
219 1737 285 1810 snit
307 1746 335 1796 et
356 1739 435 1797 atter
458 1740 568 1814 Asper,
593 1739 646 1812 qni
665 1740 764 1798 minor
791 1739 962 1815 appellatus
983 1743 1042 1812 est,
1061 1740 1245 1814 paulopost
1265 1737 1372 1799 Hiero

72 1859 208 1918 ocymum.
252 1856 319 1901 cum
346 1841 444 1900 Panto
471 1841 599 1900 diacono
625 1849 654 1899 et
679 1843 880 1916 prammotico
906 1841 937 1899 in
964 1856 1025 1900 uno
1051 1841 1157 1901 codice
1177 1841 1373 1901 uetustissimo

72 1946 192 2004 inueni.
236 1938 270 2001 in
299 1938 445 2022 margine
473 1936 538 2002 alia
564 1959 663 2001 manu
689 1937 858 2024 adscripta
885 1947 961 2002 sunt
981 1936 1078 2018 haec,
1101 1940 1200 2018 Asper
1220 1944 1373 2004 Antonino

74 2046 133 2105 Pio
162 2047 233 2121 imp.
255 2044 371 2104 Romae
395 2046 517 2120 floruit,
547 2060 632 2119 quem
654 2046 698 2104 ita
719 2046 845 2118 erudiit,
874 2049 1028 2136 utxstatua
1050 2043 1089 2103 ab
1110 2060 1144 2104 eo
1166 2045 1296 2104 donatus
1316 2050 1370 2119 est,

72 2149 258 2223 scripsitque
283 2147 376 2206 matta
403 2146 551 2206 librorum
573 2147 727 2207 notamina
755 2149 786 2208 in
806 2146 1024 2222 prnmmetica,
1049 2162 1126 2220 quae
1148 2148 1275 2221 ionuuia
1295 2148 1371 2206 mut-

73 2257 178 2311 torum
204 2249 371 2308 secutorum
399 2248 518 2308 deleuit.
563 2263 651 2323 eques
675 2247 739 2320 tuit
771 2248 935 2309 Romanos.
980 2247 1039 2308 Ars
1066 2256 1109 2308 est
1139 2247 1273 2308 -babo
1300 2265 1371 2309 uuo.

73 2347 148 2412 cod.
178 2345 294 2428 Regin.
325 2344 406 2409 1818
433 2349 589 2410 quenalis
615 2353 677 2410 etc.
708 2343 765 2430 (of.
794 2344 867 2411 cod.
889 2344 997 2410 Vatic.
1029 2344 1125 2430 1492)
1154 2385 1195 2394 -
1217 2350 1369 2411 Palemon.

76 2453 186 2513 Omnia
208 2455 331 2514 nomina
352 2483 396 2495 —
417 2452 510 2512 dicte.
536 2483 577 2495 -
600 2452 694 2528 Aspri
713 2453 840 2513 maioris
858 2454 1063 2527 prammatica
1076 2468 1160 2512 more
1173 2453 1372 2514 uetustissimo

74 2558 194 2631 incipit.
226 2557 286 2614 Ars
307 2560 350 2614 est
371 2553 509 2614 -babo
530 2569 601 2613 uua.
650 2547 719 2613 sola
741 2549 843 2637 Aspri
864 2571 918 2614 ars
939 2557 1109 2636 praeterea
1130 2558 1181 2614 est
1201 2548 1236 2613 in
1258 2549 1371 2616 codice

76 2651 234 2719 Gethone
259 2652 318 2715 117
341 2652 420 2716 item
442 2649 612 2718 chartaceo
636 2658 778 2717 exeunte
805 2652 920 2738 quinto
949 2650 1074 2716 decimo
1097 2651 1226 2716 saeculo
1249 2654 1370 2739 scripto

75 2763 155 2842 post
176 2753 306 2820 Phocoe
329 2751 369 2817 de
390 2752 522 2818 nomine
544 2764 578 2819 et
599 2753 701 2819 verbo
724 2753 845 2817 librum
866 2751 891 2816 f.
906 2753 958 2834 44,
981 2759 1089 2835 incipit
1102 2774 1155 2818 ars
1169 2761 1256 2834 aspri
1266 2775 1369 2834 pramf

75 2862 191 2922 motici.
231 2861 290 2919 Ars
311 2867 354 2920 est
375 2860 515 2920 -babo
537 2875 607 2920 unm
646 2865 826 2941 sequuntur
849 2853 967 2919 deinde
989 2862 1157 2921 dectinacio
1178 2860 1273 2935 umbi,
1296 2863 1370 2923 Ver·

75 2965 144 3024 bum
169 2963 289 3036 finitum
316 2964 447 3022 actiuum
473 2963 631 3037 sinpulare
657 2967 687 3021 et
709 2963 832 3038 plorate
859 2965 1001 3038 temporis
1024 2965 1196 3039 praesentis
1222 2969 1300 3025 meto
1327 2997 1369 3009 —

76 3067 245 3126 metendum
266 3070 323 3138 est,
353 3058 492 3123 Maximi
514 3057 676 3125 Victorini
704 3058 746 3124 de
774 3067 844 3124 erte
871 3059 1085 3143 grammatica
1107 3059 1204 3125 etde
1226 3061 1370 3126 carmine

77 3163 208 3229 heroico
241 3171 409 3246 excerpta,
443 3160 592 3226 Metrorii
622 3159 678 3247 qui
709 3159 827 3226 dicitur
857 3161 940 3226 liber
973 3161 1014 3226 de
1046 3161 1200 3229 finalibus
1209 3161 1251 3248 *).
1295 3172 1371 3251 post

162 3366 189 3434 ⁸)
212 3369 327 3420 Praeter
344 3367 431 3420 libros
449 3382 532 3434 snpra
549 3366 684 3418 indicatos
702 3368 731 3417 in
749 3367 848 3419 codice
865 3368 1050 3434 Neapolitano
1068 3360 1369 3436 bibliothecae'rsgiae

76 3457 114 3507 1v
133 3455 157 3505 A
175 3455 209 3506 34
231 3454 374 3505 undecimo
395 3453 441 3504 vel
464 3450 623 3503 duodecimo
647 3451 760 3504 saeculo
782 3453 900 3518 scripto,
925 3455 1003 3504 onius
1025 3456 1192 3507 mentionem
1210 3457 1267 3507 ieci
1284 3471 1369 3522 snpra

21 3561 27 3574 ·
77 3559 101 3607 p.
122 3541 186 3604 330,
206 3543 234 3590 ot
250 3539 323 3589 hunc
341 3538 422 3604 Aspri
443 3536 542 3587 librum
566 3541 595 3588 et
617 3537 700 3588 altam
724 3536 900 3589 Palaemonis
918 3544 1005 3590 artem
1025 3540 1059 3590 ab
1079 3555 1113 3590 ea
1132 3556 1213 3606 quam
1232 3539 1368 3593 edidimus

78 3627 216 3676 diversam
236 3629 330 3675 extare
348 3622 446 3674 scribit
463 3621 597 3674 Ianellins
617 3621 702 3675 catal.
720 3621 848 3673 biblioth.
868 3639 936 3674 mns.
954 3624 1074 3676 Borbon.
1091 3641 1118 3691 p.
1137 3627 1170 3676 28
1188 3626 1251 3677 ‘Ars
1269 3626 1368 3677 Palae-

78 3712 174 3763 monis.
210 3707 332 3760 Titulus:
359 3707 390 3758 ln
412 3709 508 3758 nostine
526 3705 637 3757 Sanctae
658 3707 806 3758 trinitatis.-
828 3709 925 3773 Incipit
943 3710 997 3759 Ars
1013 3710 1184 3765 Palaemonis.
1218 3712 1316 3776 anue
1335 3714 1368 3764 15

77 3797 200 3864 paginae
218 3793 380 3860 implentur,
400 3793 473 3842 inter
490 3807 560 3857 quas
579 3797 684 3852 tamen,
704 3805 757 3858 qna
776 3807 880 3844 caussa
897 3794 1003 3858 nescio,
1020 3809 1076 3844 nna
1094 3794 1194 3846 relicta
1211 3802 1252 3846 est
1268 3811 1368 3847 vacua.

78 3882 171 3933 Prima
188 3879 280 3932 libelli
291 3877 377 3930 verba
390 3877 474 3928 haec:
493 3877 638 3944 Appressses
656 3880 755 3945 quidem
771 3883 847 3929 tucio
863 3879 1025 3930 traditionem
1041 3881 1219 3944 mapistrorum
1235 3882 1268 3931 de
1284 3883 1367 3933 matis

76 3983 162 4034 pauca
180 3980 385 4017 commemorare:
404 3979 460 4013 nam
476 3965 540 4014 siem
558 3964 715 4016 abscondere
731 3965 836 4030 aiiqisod
851 3963 939 4014 bonum
955 3965 1123 4029 pesiostoeum
1140 3980 1196 4016 esse
1214 3982 1265 4017 non
1281 3967 1366 4018 dubito

80 4058 133 4106 stc.
156 4051 198 4103 Ad
217 4050 321 4102 calcem
339 4048 422 4100 haec:
442 4049 511 4099 Finit
528 4050 583 4100 Ars
600 4051 768 4100 Palaemonis.
794 4049 872 4112 Quae
889 4048 1016 4114 proiecto
1034 4048 1091 4099 alin
1109 4054 1152 4100 est
1169 4050 1204 4101 ab
1223 4065 1367 4116 ea‚.quam

78 4140 181 4205 primns
205 4135 292 4186 edidit
313 4134 442 4186 Iovianus
466 4135 607 4185 Pontanus
629 4137 732 4198 noster,
755 4137 811 4184 tnm
827 4133 913 4184 Adam
935 4133 1034 4184 Petrus
1052 4134 1184 4186 Basileae
1204 4136 1276 4186 tout.
1313 4137 1367 4199 Qui

79 4239 144 4275 vero
161 4221 302 4288 Epitomss
319 4222 431 4271 nostrae
451 4223 547 4270 auctor
564 4219 609 4282 sit,
630 4218 696 4270 mihi
707 4218 842 4270 hactenus
859 4219 1057 4284 inconpertum.
1081 4219 1256 4271 Christianus
1274 4224 1367 4272 tamen

80 4309 132 4359 fnit
153 4305 297 4373 religione.
333 4304 409 4370 Opns
433 4306 504 4356 enim
531 4303 693 4370 adgreditur
714 4305 856 4355 condiente
878 4303 994 4362 Gbistos
1022 4308 1050 4355 et
1072 4303 1107 4356 ad
1129 4320 1204 4356 oram
1226 4305 1291 4357 libri
1312 4321 1366 4357 vox

81 4394 236 4444 Gbmmonus
253 4390 417 4456 adscripta'3
437 4389 504 4442 ibid.
522 4406 548 4456 p.
561 4393 594 4441 29
612 4391 674 4441 ‘Ars
685 4388 785 4455 Asperi
802 4385 984 4454 grammatici.
1007 4389 1104 4441 Habes
1116 4390 1190 4456 opud
1206 4391 1366 4442 Pntschium

80 4495 105 4544 p.
124 4477 189 4528 1716
208 4472 324 4541 (litei).
358 4476 391 4526 In
409 4473 510 4525 Codice
528 4477 636 4541 Aspri’.
672 4475 767 4526 sedin
785 4474 836 4526 hoo
855 4475 950 4525 codice
969 4485 1050 4541 qnam
1067 4475 1146 4527 fidem
1164 4476 1267 4528 habeat
1283 4477 1366 4542 Aspri

80 4578 185 4625 nomen,
202 4560 247 4612 vel
265 4575 328 4610 num
347 4561 418 4610 idem
435 4559 506 4610 liber
524 4562 569 4623 sit,
589 4577 668 4626 qoem
686 4560 834 4612 Putsohins
851 4560 948 4624 edidit,
966 4561 1034 4611 mihi
1051 4576 1105 4612 non
1124 4566 1241 4612 constat.
1264 4561 1365 4613 Palos-

81 4646 151 4700 moni
169 4650 262 4696 autem
280 4644 405 4695 inlibris
427 4659 510 4695 manu
533 4646 643 4711 scriptis
667 4645 796 4696 tribuitur
818 4660 863 4696 ars
882 4661 915 4696 ex
933 4651 993 4697 arte
1010 4646 1124 4697 Maximi
1141 4647 1278 4698 Victorini
1295 4663 1365 4712 quae

80 4731 159 4798 vulgo
177 4732 265 4782 fertur
283 4733 431 4796 excerpta,
449 4729 479 4779 in
497 4727 589 4781 codiee
607 4729 735 4782 Parisino
754 4731 819 4782 tosa
837 4745 912 4783 saec.
929 4731 968 4795 X,
992 4732 1013 4786 1.
1030 4733 1064 4782 62
1085 4732 1177 4799 incipit
1193 4749 1238 4783 ars
1251 4735 1365 4799 potam

82 4820 118 4869 nis
135 4819 167 4868 de
184 4817 289 4867 metrica
305 4817 461 4868 institutione
479 4817 510 4868 de
529 4824 660 4868 suametro
677 4831 754 4868 uersu
770 4832 815 4868 seo
832 4817 942 4878 beroien,
960 4823 989 4869 et
1005 4816 1035 4868 in
1053 4817 1148 4871 codice
1159 4817 1365 4872 vindobonensi
