3350 5442
414 349 615 411 ExcuuPTa
637 349 812 412 rasistua
835 349 926 412 XXII.
951 349 1045 412 lllllll
1313 345 1375 410 629

1177 468 1198 508 p.
1212 456 1313 497 2768-70
1326 453 1350 494 P.

77 537 176 607 mille,
202 544 234 596 et
255 537 420 597 remedium
443 537 479 596 de
502 524 662 615 participio
683 544 815 601 mutuata
831 545 911 596 sunt.
942 536 998 596 alia
1021 543 1090 596 sunt
1113 535 1189 615 apud
1211 535 1278 594 illos
1299 551 1374 613 quac

77 637 268 699 consuetudo
291 639 442 708 destituit,
465 646 498 698 ut
521 641 618 698 omnia
634 637 725 698 verba
740 656 815 718 quae
831 638 971 698 desinunt
993 639 1023 698 in
1046 656 1106 716 νω,
1129 631 1291 697 λανθάνω
1314 627 1375 696 ἁν-

77 735 176 802 δάνω
200 735 383 820 μανθάνω,
406 758 482 820 quae
504 758 563 799 non
585 740 642 800 nisi
664 757 757 820 usquc
781 740 817 800 ad
840 741 1035 819 praeteritum
1057 739 1255 818 inperlectum
1283 736 1374 796 decli·

76 849 209 912 nantur;
238 843 377 902 similiter
404 848 435 901 et
462 860 537 921 quae
567 844 598 901 in
620 855 711 919 σκω,
734 834 892 922 γηράσκω
920 839 1060 900 τελίσκω
1082 838 1234 920 γαμίσκω
1257 831 1376 914 τιτρω-

52 955 164 1004 ισκω.
212 963 281 1004 nam
302 943 381 1022 quod
403 944 530 1020 legimus
552 938 694 1020 διδάξω,
717 962 733 1002 a
756 943 885 1003 themate
907 950 953 1002 cst
975 961 1034 1002 non
1057 937 1225 1019 διδάσκω,
1248 940 1300 1000 sed
1323 937 1374 1000 δι-

78 1041 193 1124 δάχω,
221 1048 307 1106 cuius
334 1045 480 1105 indicium
508 1051 553 1104 est
580 1039 708 1124 διδαχή.
743 1045 832 1127 idem
861 1045 1015 1124 patiuntur
1042 1062 1117 1123 quae
1140 1045 1171 1102 in
1194 1061 1244 1102 υω
1267 1049 1376 1102 exeunt

77 1146 253 1227 dissyllabis
274 1148 402 1215 maiora,
427 1139 544 1224 ὀμνύω
567 1138 703 1225 ὄμνυμι,
725 1140 865 1225 πηγνύω
880 1141 1041 1225 πήγννμι,
1065 1139 1200 1223 ῥηγνάω
1215 1138 1373 1224 ρήγννμι.

77 1248 222 1309 similiter
250 1249 449 1327 inperfectum
476 1251 671 1327 praeteritum
699 1267 758 1308 non
786 1247 934 1308 excedunt
962 1255 991 1308 ct
1018 1265 1092 1326 quae
1121 1249 1154 1306 in
1176 1265 1232 1306 ειω
1257 1254 1373 1313 exeunt,

77 1359 112 1410 ut
142 1343 267 1410 ὀκνείω
295 1347 463 1429 γαμησείω
491 1347 661 1429 βρωσείω,
692 1369 747 1410 nec
775 1369 833 1410 non
862 1357 892 1410 et
920 1367 994 1428 quac
1022 1367 1058 1408 cx
1085 1347 1286 1428 monosyllabo
1319 1366 1375 1427 per

44 1449 167 1510 ιιίῶτα
196 1455 399 1530 geminantur,
429 1459 462 1511 ut
487 1449 556 1526 τρῶ
583 1451 699 1530 τιτρῶ,
727 1449 778 1530 dai
798 1448 902 1530 βιβῶ,
930 1449 1000 1531 χρῶ
1022 1448 1137 1530 κιχρῶ.
1181 1448 1373 1510 haecomnia

79 1573 179 1634 usque
208 1553 244 1613 ad
273 1555 473 1633 inperfectum
502 1559 619 1632 tempus
645 1560 771 1632 possunt
793 1553 928 1622 extendi,
951 1571 1011 1612 non
1034 1552 1110 1630 plus.
1154 1551 1231 1632 apud
1254 1552 1376 1612 Latinos

79 1656 228 1716 ‹leticiunt
249 1658 370 1735 inquam
393 1663 423 1715 et
445 1674 521 1716 suin.
552 1673 620 1716 nam
642 1662 800 1735 sequentes
822 1673 967 1734 personae
984 1652 1148 1732 analogiam
1169 1655 1284 1732 primae
1307 1671 1373 1732 per·
1449 1667 1451 1672 ·

79 1776 175 1817 sonae
199 1775 257 1817 non
280 1764 413 1819 servant:
437 1758 564 1818 alterum
587 1758 666 1816 enim
689 1759 760 1818 lacit
775 1761 896 1835 inquam
912 1758 1011 1835 inquis
1027 1757 1137 1834 inquit,
1162 1756 1288 1816 alterum
1310 1773 1374 1815 sum

79 1879 114 1918 cs
138 1867 202 1928 est,
227 1855 233 1940 Ι
257 1867 287 1920 et
314 1857 387 1919 illud
415 1859 534 1938 quidem
563 1861 594 1919 in
624 1859 749 1938 reliquis
776 1858 913 1920 omnibus
947 1858 1046 1918 deficit
1078 1857 1276 1937 temporibus;
1311 1876 1374 1918 sum

55 1980 156 2021 acero
178 1963 210 2021 in
233 1961 312 2022 aliud
335 1962 457 2030 transit,
481 1970 514 2021 ut
537 1968 670 2040 tempora
692 1961 845 2039 conpleat,
877 1979 958 2022 eram
980 1962 1024 2021 lui
1047 1979 1109 2020 ero.
1154 1968 1223 2020 sunt
1245 1977 1320 2038 quae
1344 1962 1373 2020 in
1452 1982 1456 1990 ’

80 2065 180 2142 prima
204 2063 298 2122 solutu
320 2081 447 2142 persona
470 2062 630 2132 deliciunt,
653 2082 724 2122 oras
745 2071 825 2123 ovat:
850 2081 904 2129 ovo
928 2065 1006 2122 enim
1030 2063 1138 2122 lectum
1163 2081 1219 2122 non
1243 2070 1302 2121 est:
1335 2065 1373 2122 si·

79 2166 197 2224 aniliter
223 2166 306 2225 daris
334 2165 431 2226 datur.
476 2167 557 2242 soleo
588 2168 683 2224 nescit
715 2166 863 2234 luturum;
895 2162 898 2245 l
929 2183 1015 2224 verro
1048 2165 1212 2243 perlectum
1246 2167 1372 2241 ignorat.

79 2268 174 2343 geniti
198 2285 233 2326 ex
256 2285 315 2345 quo
336 2267 466 2328 tlremate
490 2269 571 2328 venit
593 2267 692 2328 nullus
714 2269 785 2336 scit,
808 2267 878 2328 licet
900 2267 993 2326 Varro
1015 2266 1125 2326 dixerit
1146 2273 1295 2342 genunt.
1320 2284 1374 2325 neo

79 2351 208 2428 mirum:
240 2387 308 2428 nam
335 2376 365 2427 et
393 2369 472 2448 apud
494 2369 623 2429 Graecos
646 2377 705 2428 tam
727 2371 889 2448 praeterita
912 2371 1046 2429 invenies
1068 2387 1155 2448 quam
1178 2368 1276 2429 lutura
1299 2386 1374 2446 quae

44 2491 67 2528 ει
80 2472 235 2549 praesenti
259 2477 392 2539 careant,
415 2463 541 2549 ἤνεγκα
564 2466 712 2551 ἔδραμον
733 2471 824 2531 αι’σω.

151 2725 247 2774 δίδωτι
259 2725 450 2775 IanusitemP
516 2725 549 2772 14
566 2724 694 2773 delecitl’
761 2725 792 2774 18
810 2721 900 2789 Varro]
915 2723 1373 2785 insudabata‘sedqnodlraecloca

79 2794 179 2856 aliquid
198 2792 306 2858 genunt’
321 2794 471 2842 Ρτίισίυπιιε
487 2795 503 2842 l.
515 2791 541 2840 Χ
549 2809 577 2855 μ
592 2793 650 2857 528,
664 2794 698 2842 26
766 2795 799 2842 20
815 2807 890 2843 οισω.
909 2793 1031 2856 explicuit
1048 2793 1178 2842 ‹lelloratio
1197 2791 1372 2840 delibroam-

81 2863 161 2911 brosii
174 2862 296 2911 macrobii
311 2861 433 2910 theodosii
446 2875 522 2942 quam
534 2829 657 2910 iolrannels
670 2872 799 2925 carpserat
814 2861 847 2909 ad
860 2862 995 2910 discendas
1007 2875 1138 2924 grecorum
1152 2863 1284 2909 uerborum
1298 2875 1373 2924 regu-

80 2931 119 2978 las
135 2929 166 2978 P.
186 2936 325 2994 sequerentur
337 2931 454 2978 deinde'
444 2931 570 2979 ιτσοάίσε
586 2930 657 2992 daec,
675 2936 893 3009 qrcoeeatrerptor
904 2928 1032 2978 Macrobii
1046 2929 1182 2978 attrectare
1198 2930 1313 2978 uidetur:
1326 2899 1373 2978 Τὸ

81 2991 162 3087 ήήμα
180 2989 362 3061 ἐνεργητικὸν
378 2995 431 3061 τῆς
446 2989 592 3062 ὁριστικής
609 2991 757 3062 ἐγκλίσεως
773 2992 848 3046 κατὰ
859 2991 972 3061 πρωτην
985 2989 1038 3062 τήν
1050 2995 1187 3062 συζυγίαν
1199 2993 1372 3062 περισπωμέ-

80 3075 154 3115 νων·
173 3055 323 3121 ἐνεστῶτος
338 3079 411 3114 ποιω
426 3066 520 3121 ποιεῖς
535 3067 619 3115 ποιεῖ
629 3063 768 3130 ποιοῦμεν
783 3067 893 3116 ποιειτε
904 3063 1026 3146 ποιοῦσι,
1044 3079 1240 3130 παρατατικον
1256 3057 1373 3115 έποίονν

80 3127 193 3190 ἐποίεις
210 3124 303 3184 έπσίει
320 3123 473 3196 ἐποιοῦμεν
489 3125 610 3211 έπσιειτε
628 3123 754 3212 ἐποίουν,
771 3129 985 3213 παρακειμένου
996 3133 1142 3210 πεποίηκα
1153 3132 1242 3184 πεπσί
1260 3149 1312 3191 κας
1324 3147 1372 3183 πε-

79 3201 188 3264 ποίηκε
198 3193 397 3278 πεποιήκαμεν
406 3193 581 3276 πεποιήκατε
590 3194 773 3281 πεποιήκασι,
788 3195 1029 3280 δπερσνντείικοῦ
1045 3193 1228 3284 έπεπριήκειν
1240 3149 1372 3272 έπεποιή-

80 3284 143 3325 κεις
170 3260 337 3346 ἐπεποιήκει
363 3259 590 3350 έπεποιήκειμεν
608 3241 805 3349 έπεποιήκειτε
830 3263 1064 3333 έπεταιήκεισαν,
1089 3265 1239 3333 μέλλοντος
1263 3266 1373 3334 ποιήσω

79 3328 214 3400 ποιήσεις
225 3329 338 3401 ποιήσει
350 3329 508 3400 ποιήσομεν
519 3332 653 3402 ποιήσετε
669 3330 827 3403 ποιήσουσι.
862 3339 1028 3418 imperativus
1045 3330 1195 3394 ἐνεστῶτος
1216 3335 1266 3388 καὶ
1282 3353 1372 3398 παρα-

80 3403 203 3455 τατικσῦ
219 3404 296 3455 ποιει
313 3404 429 3455 ποιείτω
445 3405 557 3455 ποιεῖτε
573 3403 754 3470 ποιείτωσαν,
770 3401 985 3483 παρακειμένου
1001 3403 1050 3456 καὶ
1067 3397 1307 3486 ὑπερσνντείιιωυ
1321 3421 1371 3455 πε-

81 3472 191 3551 ποίηκε
204 3467 383 3548 πεποιηκέτω
400 3466 572 3552 πεπαιήκετε
591 3467 837 3538 πεποιηκέτωσαν,
847 3465 994 3551 ἀορίστων
1014 3469 1064 3522 καὶ
1080 3468 1231 3536 μέλλοντας
1251 3473 1373 3538 ποίησον

79 3532 230 3603 ποιησάτω
243 3533 384 3617 ποιήσατε
400 3535 611 3617 ποιησάτωσαν.
647 3542 827 3619 coniunctivae
838 3532 1030 3596 δποτακτικός
1046 3533 1198 3598 ἐνεστῶτος
1214 3539 1263 3592 καί
1281 3557 1372 3604 παρα

81 3606 201 3659 τατικσῦ
219 3601 272 3658 έαὶν
287 3605 359 3658 ποιῶ
377 3600 429 3658 έάν
445 3606 536 3685 ποιῇς
547 3600 600 3659 ἐάν
611 3623 680 3672 ποιη
666 3601 745 3659 ’ἐὰν
757 3606 882 3687 ποιῶμεν
895 3601 947 3658 ἐῶν
952 3607 1057 3687 παιήτε
1071 3601 1123 3659 έάν
1135 3607 1265 3688 ποιῶσιν,
1280 3625 1371 3673 παρα

80 3672 217 3754 κειμένου
233 3673 283 3726 καί
299 3667 538 3753 δπερσυντελικοῦ
555 3668 608 3726 ἐὰν
623 3669 770 3757 πεπαιήκω
787 3668 839 3727 ἐὰν
852 3669 1018 3754 πεπαιήκης
1027 3669 1079 3728 έάν
1095 3673 1239 3796 πεποιήκη
1257 3649 1310 3728 έὰν
1324 3693 1371 3728 πε

80 3737 248 3822 πριήκωμεν
265 3737 317 3793 ἐὰν
333 3736 509 3822 πεποιήκητε
525 3736 578 3794 ἐῶν
594 3738 801 3822 πεποιήκασιν,
819 3739 969 3824 platessae
981 3730 1040 3796 έάν
1055 3759 1163 3825 ποιήσω
1199 3762 1236 3796 αν
1245 3743 1372 3832 ποιήσῃς

81 3805 136 3862 dclv
152 3803 280 3888 ποιήσῃ
277 3804 329 3862 ἐὰν
344 3805 508 3877 ποιήσωμεν
520 3804 571 3862 ἐὰν
588 3805 725 3877 ποιήσητε
743 3783 801 3863 έαν
811 3805 976 3878 ποιήσωσιν.
1012 3815 1139 3878 optativus
1156 3803 1306 3872 ἐνεστῶτος
1322 3811 1371 3864 καὶ

81 3892 281 3959 παρατατικαυ
300 3883 411 3943 ποιοιμι
432 3883 527 3937 παιοις
546 3883 632 3930 ποιοι
640 3883 784 3956 ποιοῖμεν
803 3885 922 3960 repentes
939 3884 1065 3960 ποιοιεν,
1090 3877 1302 3962 παρακειμένου
1322 3881 1371 3933 καί

81 3941 330 4032 δπερσυντείικου
338 3941 524 4026 πεποιήκοιμι
540 3939 710 4026 πεποιήκοις
725 3941 880 4026 πεποιήκοι
896 3941 1103 4027 πεπαιήκοιμεν
1110 3943 1305 4030 πεποιήκατε
1322 3965 1370 4000 πε-

81 4009 245 4096 ποιήκοιεν,
263 4005 398 4094 ἀορίστου
414 4009 566 4094 ποιήσαιμι
582 4010 716 4092 ποιήσαις
732 4009 851 4095 πριήσαι
864 4010 1035 4097 ποιήσαιμεν
1047 4011 1198 4097 ποιήσαιτε
1209 4011 1370 4084 ποιήσαιεν,

81 4081 236 4148 μέλλοντος
252 4078 399 4166 ποιήσοιμι
415 4078 546 4148 ποιήσοις
563 4075 677 4149 ποιήσοι
693 4077 863 4166 ποιήσαιμεν
879 4076 1026 4165 ποιήσαιτε
1041 4100 1198 4152 ποιήσοιεν.
1233 4087 1371 4136 infinitivus

81 4136 236 4209 ἐνεστῶτος
248 4148 298 4201 καὶ
290 4150 506 4232 παρατμτικοῦ
521 4154 627 4231 ποιειν,
643 4147 857 4217 παρακειμένου
876 4162 900 4202 ct
917 4145 1155 4215 δπερσνντελικοῦ
1171 4152 1370 4221 πεποιηκέναι,

11 4270 14 4283 ,
83 4211 221 4286 σἰορίστον
232 4218 360 4286 ποιήσαι,
374 4215 526 4289 μέλλοντος
537 4213 678 4285 ποιήσειν.

163 4289 288 4347 Quoniam
302 4284 445 4338 Macrobius
456 4288 616 4338 Theodosius
633 4289 723 4337 librum
740 4289 772 4337 de
789 4288 938 4338 differentiis
956 4291 1037 4352 deque
1053 4291 1217 4342 societatibus
1237 4292 1369 4340 verborum

7 4352 8 4409 f
82 4357 217 4419 utriusque
230 4357 341 4436 linguae,
358 4371 467 4421 graecae
478 4357 574 4405 scilieet
586 4367 664 4418 atque
676 4356 777 4419 latinae,
795 4359 945 4436 composuit,
964 4359 988 4407 in
1003 4373 1053 4421 quo
1066 4361 1134 4408 varie
1146 4359 1303 4423 confuseque
1316 4376 1370 4408 vrr-

7 4444 8 4468 i
82 4427 232 4475 horum<r
188 4425 288 4488 regulas
301 4426 439 4484 miscuerit,
457 4426 540 4473 visum
553 4424 615 4473 milri
628 4435 667 4473 est
678 4426 759 4504 primo
772 4427 881 4474 cundem
898 4441 927 4474 eu.
913 4427 1010 4475 'usdem
1025 4429 1113 4476 eodem
1127 4443 1176 4490 quo
1189 4429 1244 4493 ipse
1256 4443 1320 4477 risus
1333 4439 1371 4476 est

82 4495 174 4542 ordine
192 4494 299 4542 breviter
314 4494 445 4552 deflorare,
464 4492 599 4555 aliquando
612 4494 770 4572 permutatis,
786 4494 889 4558 saepias
906 4494 1001 4543 eisdem
1013 4496 1106 4556 quilius
1118 4507 1143 4544 et
1155 4496 1197 4544 ille
1208 4497 1303 4546 utendo
1316 4511 1370 4545 ser-

83 4563 216 4623 monibus;
233 4561 324 4610 deinde
341 4561 498 4625 singularum
514 4561 723 4624 coniugationum
740 4562 873 4626 regulass
867 4577 891 4610 ur
910 4572 1030 4624 quantum
1049 4579 1080 4612 ex
1098 4565 1237 4614 rationibus
1250 4565 1371 4628 praedicti

83 4630 196 4678 auctoris
208 4629 293 4693 colligi
305 4638 452 4694 potuerunt,
471 4642 606 4693 exponere.
630 4629 655 4676 in
669 4628 792 4690 σείοντ’
773 4630 853 4692 siquis
867 4631 944 4678 multa
957 4645 1004 4680 nos
1016 4633 1217 4696 praetermisisse
1234 4648 1371 4698 perspexe-

84 4699 123 4759 rit,
141 4701 207 4746 sciat
223 4697 285 4745 illud
303 4712 353 4746 non
372 4708 459 4746 nostra
476 4697 574 4744 desidia
591 4711 649 4746 esse
665 4695 767 4759 lactum,
784 4699 830 4747 sed
846 4699 904 4776 quia
917 4699 948 4746 de
961 4697 1001 4748 lais
1013 4713 1078 4762 quae
1090 4701 1185 4750 intaeta
1198 4701 1316 4750 videntur
1327 4712 1371 4751 aut

83 4767 227 4830 ambiguam
241 4766 388 4814 :statuellam
402 4766 531 4844 potuimus
541 4764 767 4814 invenirerationis
780 4767 963 4818 anctoritatem.
978 4769 1101 4829 quaedam
1112 4780 1195 4818 tamen
1206 4770 1369 4848 inseruimus,

33 4834 38 4884 ¹.
83 4850 148 4900 qnae
167 4835 240 4884 nobis
253 4849 285 4882 ex
297 4836 460 4901 proportione
475 4833 583 4883 aliorum
602 4832 748 4883 verisimilia
759 4833 812 4884 iieri
824 4836 880 4885 visa
894 4847 1044 4887 eunocum
1057 4837 1134 4902 igitur
1145 4839 1235 4890 Graeci
1248 4839 1368 4904 coniuga-
