3350 5442
298 354 362 420 266
866 354 1019 417 nonnuli

341 493 347 506 .
361 467 449 507 eoo-ea
463 463 485 504 x.

298 478 374 607 lellte
396 547 446 607 citi
467 543 612 614 llammas,
636 551 687 606 aut
708 544 775 606 date
796 543 871 614 tela,
894 549 946 605 aut
966 541 1100 623 inpellite
1121 546 1253 603 remos':
1284 539 1402 620 quando
1423 540 1499 603 dicis
1520 543 1592 601 ‘aut

298 648 375 709 ferte
397 647 539 718 dammae,
564 655 614 709 eut
636 647 703 708 date
724 646 792 716 tela,
816 652 867 707 aut
888 645 1022 727 inpellite
1044 650 1170 716 remoe’,
1193 663 1253 706 non
1274 651 1438 723 utrumque
1459 645 1592 725 imperas

297 750 467 812 iaciendum
489 769 569 820 esse,
597 749 649 812 sed
678 749 866 820 alterutrum,
895 755 929 810 ut
949 756 1000 811 aut
1025 746 1150 810 navibus
1182 755 1345 828 sequantur
1373 754 1425 807 aut
1451 746 1588 807 dammis.

297 860 355 915 etat
381 852 501 934 quidem
530 851 656 914 elocutio
681 853 858 932 interposita
884 847 933 913 illa
959 849 1105 931 particula
1130 849 1322 919 disiunctiva,
1349 848 1380 909 id
1403 857 1449 910 eet
1468 865 1589 910 sensum
1660 833 1663 842 ¹

298 955 448 1027 disiunxit,
472 955 670 1016 elocutionem
692 963 792 1016 tamen
814 955 912 1015 tenuit
933 962 963 1016 et
983 954 1088 1016 iunxit.
1120 969 1192 1032 ergo
1213 951 1282 1013 ideo
1297 951 1435 1012 dicuntur
1457 951 1612 1014 didono-e

297 1059 389 1128 tivae,
412 1075 472 1118 non
496 1057 574 1136 quod
597 1065 627 1118 et
654 1055 743 1119 verba
772 1056 943 1136 disiungant
969 1065 999 1117 et
1020 1073 1150 1126 sensum,
1174 1053 1227 1117 aed
1248 1053 1328 1135 quod
1352 1053 1443 1115 verba
1465 1055 1589 1116 coniun-

297 1167 377 1240 gant,
399 1177 518 1222 sensum
542 1159 717 1240 disiungant.
741 1160 820 1242 quod
843 1158 932 1221 verba
955 1159 1118 1238 coniungit,
1142 1157 1360 1220 coniunctionis
1374 1163 1435 1226 eet;
1458 1156 1588 1218 disiunc-

296 1264 387 1325 tionis
410 1269 464 1333 est,
487 1262 567 1342 quod
589 1282 711 1325 sensum
734 1263 886 1343 disiunglt
917 1262 974 1323 hoc
997 1268 1052 1331 est,
1076 1259 1155 1341 quod
1169 1259 1281 1322 hahent
1302 1261 1397 1341 partis
1414 1277 1497 1330 suae,
1521 1261 1587 1339 quia

298 1364 437 1427 dicuntur
459 1364 662 1428 disiunctivae.

179 1468 237 1526 418,
252 1470 284 1519 14
380 1466 550 1548 Expletivae
572 1467 668 1531 dictae
689 1475 759 1530 sunt
780 1466 817 1529 ab
841 1487 885 1538 eo,
909 1467 989 1546 quod
1010 1473 1125 1529 tantum
1146 1483 1269 1528 sensum
1299 1464 1439 1546 expleant
1459 1464 1585 1528 additae.
1600 1485 1620 1526 n

178 1537 238 1600 Μ’
253 1539 284 1588 13
297 1569 413 1632 additae
436 1572 514 1633 enim
536 1579 645 1651 augent
666 1578 813 1642 ornatum,
838 1570 987 1632 detractae
1014 1568 1089 1631 nihil
1115 1576 1234 1630 nocent.
1277 1568 1355 1629 hanc
1376 1575 1515 1638 naturam
1537 1569 1587 1631 ha·

297 1671 368 1734 bont
390 1671 566 1754 expletivae:
597 1672 714 1754 quando
737 1671 944 1743 detrahuntur,
972 1671 1047 1735 nihil
1068 1669 1258 1756 eignildcant3
1286 1670 1405 1751 quando
1426 1669 1587 1740 adduntur,

297 1781 405 1837 ornant
426 1792 548 1838 sensum
575 1777 688 1857 ipsum,
721 1776 752 1838 id
774 1783 819 1838 est
841 1775 958 1858 quando
986 1774 1197 1844 detrahuntur,
1226 1791 1287 1836 non
1308 1773 1445 1835 mutilant
1466 1773 1586 1854 aliquid,

297 1895 356 1939 non
379 1877 545 1940 detrahunt.
590 1885 624 1940 ut
650 1885 719 1958 puta
746 1881 772 1940 si
799 1877 881 1941 dicas
904 1877 1061 1956 ‘equidem
1088 1875 1224 1939 volebam
1251 1877 1436 1956 praelectum
1459 1876 1586 1945 videre',

297 1979 367 2042 tolle
389 1980 458 2042 indo
487 1980 640 2061 equidem,
664 1989 694 2042 et
714 1988 773 2043 stat
794 1980 931 2052 elocutio,
954 1980 1107 2043 ‘volebam
1129 1980 1313 2062 praelectum
1333 1978 1464 2040 videre’.
1598 1998 1620 2038 n

449 2082 586 2155 saltim,
610 2084 715 2164 siqua
738 2083 828 2146 mihi
850 2083 892 2145 de
915 2091 950 2144 te
970 2090 1151 2164 suscepta
1170 2082 1308 2144 luisset

449 2193 532 2248 ante
554 2186 674 2266 lugam
697 2185 864 2248 suboles.

295 2287 366 2350 tolle
387 2288 458 2350 inde
480 2287 592 2360 saltim,
619 2296 649 2350 et
669 2294 728 2350 stat
749 2288 886 2362 elocutio,
909 2287 1006 2369 ‘siqua
1027 2287 1099 2349 mihi
1122 2285 1160 2348 de
1181 2297 1211 2350 te
1233 2293 1370 2368 suscepta
1390 2288 1497 2349 luisset
1520 2295 1587 2350 ante

295 2393 396 2471 lugam
417 2390 557 2453 suboles'.
603 2409 674 2470 ergo
696 2393 771 2452 istae
793 2391 933 2453 dicuntur
955 2391 1118 2471 expletivae
1143 2409 1217 2471 quae
1240 2408 1361 2452 sensum
1384 2389 1514 2470 explent,
1537 2390 1586 2450 de-

295 2501 406 2556 tractae
429 2501 528 2556 autem
550 2491 625 2554 nihil
646 2500 769 2562 nocent;
792 2493 861 2554 ideo
883 2494 1021 2556 dicuutur
1044 2493 1217 2575 expletivae.
1255 2511 1347 2574 quare
1368 2499 1470 2555 autem
1491 2492 1621 2554 dietaero

294 2607 364 2660 sunt
386 2594 549 2676 expletivae
572 2603 601 2656 et
622 2613 683 2657 non
705 2597 875 2658 ornativaei
904 2614 973 2658 nam
994 2595 1063 2659 illae
1091 2598 1243 2658 ornativae
1270 2596 1410 2657 dicuntur
1436 2613 1515 2674 quae
1536 2594 1585 2656 ad·
1664 2638 1665 2665 ι

194 2685 196 2692 ’
295 2700 373 2762 ditae
395 2705 511 2770 ornant,
533 2698 685 2760 detractae
707 2717 767 2760 non
790 2696 908 2772 obsunt.
938 2700 1012 2761 istae
1034 2706 1131 2761 autem
1154 2716 1230 2779 quae
1251 2697 1392 2760 dicuntur
1413 2697 1584 2778 expletivae,

295 2808 439 2884 quantum
466 2803 611 2881 significat
638 2802 704 2882 ipse
730 2819 848 2878 sensus,
878 2803 967 2864 etiam
997 2801 1137 2864 adverbia
1163 2807 1353 2882 permanent,
1387 2817 1448 2860 non
1473 2807 1585 2860 vacant

294 2923 387 2986 quare
414 2902 576 2966 noluerunt
603 2903 704 2964 dicere
732 2904 881 2966 ornativas
908 2907 994 2976 istas,
1023 2904 1075 2967 sed
1104 2903 1273 2966 maluerunt
1294 2900 1394 2963 dicere
1416 2900 1585 2981 expletivae.

294 3009 319 3068 si
343 3008 422 3069 enim
443 3005 606 3067 voluissent
626 3006 726 3068 dicere
748 3008 913 3079 ornativas,
944 3009 1134 3071 manifestum
1156 3011 1236 3068 esset
1256 3003 1337 3083 quod
1358 3002 1477 3066 additae
1498 3022 1584 3066 orna·
1597 3021 1622 3062 ev
1664 3058 1665 3061 ,

294 3117 376 3180 rent,
404 3108 518 3171 ablatae
545 3106 620 3170 nihil
642 3115 801 3170 nocerent:
845 3109 924 3172 hanc
948 3109 1061 3172 hahent
1087 3118 1239 3184 naturam,
1263 3107 1356 3186 quod,
1379 3125 1446 3168 cum
1469 3105 1585 3168 additae

293 3212 420 3280 luerint,
448 3209 564 3273 accedit
591 3209 703 3282 cultus3
731 3213 758 3274 si
781 3211 908 3274 decedat
928 3211 1040 3283 cultus,
1066 3213 1186 3274 interim
1208 3211 1344 3290 corporis
1364 3208 1439 3271 nihil
1460 3209 1585 3270 recedit

244 3304 248 3319 '
295 3331 366 3393 ergo
393 3312 465 3393 quid
493 3321 539 3374 est
567 3311 730 3393 expletiva?
765 3313 886 3394 quando
908 3313 975 3376 dico
998 3314 1083 3392 ‘lege
1103 3314 1296 3385 lectionem’,
1320 3320 1351 3374 et
1378 3311 1498 3389 quando
1520 3312 1587 3373 dico

208 3444 212 3450 ·
294 3415 416 3478 ‘saltem
438 3415 504 3494 lege
525 3414 714 3485 lectionem’,
739 3415 818 3478 aliud
841 3426 888 3478 est
909 3417 1010 3479 dicere
1031 3414 1111 3495 ‘lege
1132 3415 1318 3485 lectionem',
1342 3412 1422 3476 aliud
1445 3420 1490 3475 est
1512 3412 1587 3475 ‘sal-

294 3526 354 3581 tem
375 3518 442 3596 lege
464 3516 644 3579 lectionem’.
688 3536 746 3598 quo
769 3519 878 3581 modoi
907 3521 958 3600 qui
980 3517 1035 3580 tibi
1056 3517 1128 3579 dicit
1148 3518 1225 3597 ‘lege
1246 3517 1429 3590 lectionem’,
1451 3515 1622 3579 hortatureo

294 3628 324 3681 te
345 3619 383 3681 ad
406 3637 495 3681 unam
523 3638 588 3682 rem
612 3622 618 3700 Ι
642 3603 817 3684 faciendam.
864 3629 894 3683 et
920 3622 998 3683 lorte
1021 3619 1093 3682 alias
1121 3641 1171 3682 res
1192 3621 1282 3692 lacis,
1311 3619 1364 3682 sed
1385 3621 1472 3681 istam
1493 3618 1587 3680 solam

294 3741 354 3784 non
375 3720 519 3793 faciebam
553 3720 709 3794 cantabas,
737 3723 790 3786 sed
816 3743 878 3786 non
900 3711 1021 3803 legebae
1047 3723 1216 3785 lectionem.
1260 3723 1311 3802 qul
1339 3720 1394 3784 tibi
1420 3721 1493 3783 dicit
1513 3719 1587 3781 ‘hoc

293 3827 372 3895 lac’,
401 3827 539 3888 hortatur
565 3833 598 3887 ut
624 3826 927 3902 honoraremus,
956 3825 1028 3888 lieet
1053 3834 1086 3888 tu
1107 3825 1172 3887 illas
1193 3843 1245 3887 res
1266 3831 1372 3906 sponte
1397 3825 1503 3893 laeias;
1537 3825 1587 3904 qui

228 3997 233 4010 ⁸
294 3935 393 3990 autem
421 3926 475 3989 tihi
497 3926 569 3988 dicit
589 3925 712 3990 ‘saltem
734 3927 791 3989 hoc
813 3929 936 4000 lacito’,
967 3929 1098 3991 ostendit
1117 3937 1148 3990 ιε
1170 3929 1274 3989 omnia
1290 3925 1364 3987 nihil
1391 3928 1507 3998 lacere,
1535 3926 1586 3987 sed

232 4082 234 4089 ,
294 4029 338 4092 νει
360 4030 418 4093 hoc
439 4048 533 4092 unum
554 4031 655 4092 iacere
678 4028 800 4092 debere.
844 4031 933 4112 longe
960 4030 1039 4093 aliud
1068 4039 1114 4093 est
1141 4030 1255 4091 hortari
1282 4047 1338 4092 nos
1360 4029 1397 4090 ad
1418 4047 1513 4090 unum
1535 4029 1586 4091 ali·
1599 4041 1633 4093 ast

294 4131 366 4211 quid
393 4131 576 4204 laciendum,
605 4151 674 4194 cum
702 4140 801 4194 cetera
828 4133 933 4204 iacias,
962 4133 1051 4212 longe
1079 4132 1160 4197 aliud
1183 4138 1228 4193 est
1249 4138 1282 4192 ut
1304 4130 1349 4192 vel
1369 4150 1463 4194 uuum
1485 4131 1585 4193 laetas.

293 4251 363 4297 narn
383 4233 442 4296 hoc
462 4233 554 4296 hahet
576 4242 682 4297 natura
703 4234 793 4297 huius
815 4234 1005 4297 elocutionis:
1034 4244 1105 4316 puta
1128 4232 1250 4296 ‘saltem
1274 4232 1421 4304 amhula’,
1443 4231 1476 4293 id
1498 4241 1544 4295 est
1563 4236 1589 4294 si

294 4357 354 4399 non
376 4339 419 4399 vis
440 4337 585 4408 dormire,
615 4339 640 4398 si
662 4356 722 4400 non
744 4339 789 4400 vis
811 4337 931 4408 sedere,
956 4341 982 4400 si
1002 4355 1063 4400 non
1085 4339 1129 4399 vis
1151 4345 1245 4407 stare,
1268 4335 1314 4397 vel
1336 4335 1395 4397 hoe
1416 4353 1511 4396 unum
1533 4337 1587 4404 lac,

295 4438 428 4509 ambula;
458 4439 575 4521 quando
598 4448 696 4502 autem
721 4439 787 4501 dico
810 4438 942 4511 ambula,
971 4442 1030 4501 iam
1058 4459 1118 4502 non
1145 4457 1238 4518 arguo
1259 4445 1290 4502 te
1311 4439 1406 4500 totius
1427 4437 1588 4518 neglegen-

293 4543 366 4613 tiae,
395 4540 448 4604 sed
476 4560 567 4621 arguo
590 4551 634 4614 te,
660 4542 751 4621 ‚quod
777 4541 865 4604 istam
892 4561 982 4604 unam
1008 4561 1075 4604 rem
1102 4541 1248 4604 omiseris.
1296 4559 1368 4620 ergo
1395 4539 1492 4602 dictae
1520 4547 1622 4602 sunto

364 4729 381 4780 8
399 4729 477 4781 hebet
495 4730 580 4781 ABG
661 4739 734 4798 parte
751 4729 776 4780 A
794 4736 881 4796 portes
900 4729 934 4781 a*
1023 4729 1058 4783 ld
1076 4728 1174 4797 ealtlm]
1199 4730 1279 4794 Verp.
1300 4729 1365 4784 Aen.
1382 4730 1430 4781 llll
1447 4723 1520 4786 327⁸,

295 4799 328 4853 17
347 4800 449 4850 soboles
466 4799 516 4851 Bc
586 4799 619 4852 18
636 4801 694 4851 tolle
712 4828 745 4838 -
763 4799 867 4853 suboles
882 4816 929 4856 om.
949 4802 984 4868 0,
1003 4801 1093 4856 addc
1163 4801 1197 4853 19
1215 4799 1318 4852 soboles
1337 4799 1381 4850 Bc
1450 4798 1485 4850 33
1502 4798 1588 4850 horto-

294 4879 336 4921 tur
353 4878 382 4921 ut
398 4869 464 4920 hanc
480 4885 533 4920 rem
550 4869 630 4920 lacius
647 4885 694 4924 om.
714 4869 798 4923 ABG
1072 4865 1078 4876 '
