3350 5442
1186 1274 1207 1314 p.
1222 1261 1265 1302 127.
1278 1263 1304 1302 26
1318 1259 1343 1300 1’.

142 1356 438 1452 FRAGMENTVM
467 1356 674 1452 lllllllllllid
700 1357 756 1452 llll
783 1357 945 1454 llllblldll
972 1357 1025 1452 111
1051 1358 1302 1453 l'lllldllllldd

614 1732 664 1795 DE
686 1732 832 1796 NOMINE

162 1867 236 1928 Nam
263 1866 392 1946 legimus
421 1867 498 1948 apud
526 1867 698 1930 Lucretium
727 1877 757 1929 et
786 1867 950 1947 Vergilium
976 1869 1115 1929 ‘terrai
1148 1871 1370 1947 lrugilcrai’

76 1989 132 2049 pro
154 1977 253 2031 terrae
276 1971 438 2048 frugiferae
462 1977 492 2030 et
514 1969 632 2030 ‘aulai
655 1970 790 2030 medio’
812 1970 981 2050 proauiae,
1006 1973 1132 2051 ‘atque
1155 1974 1261 2032 aurai
1283 1974 1370 2032 sim-

50 2069 192 2149 aplicis
221 2075 363 2150 ignem'
391 2091 446 2152 pro
474 2090 578 2142 aurae,
608 2074 681 2132 item
708 2072 829 2133 ‘dives
857 2075 975 2152 pictai
1003 2075 1140 2134 vestis'
1174 2091 1229 2152 pro
1257 2075 1370 2152 pictae;

77 2173 154 2252 apud
179 2172 340 2234 Salustium
363 2192 479 2254 quoque
502 2173 667 2235 ‘duobus
690 2177 812 2235 senati
835 2174 1038 2236 consultis'
1061 2193 1116 2254 pro
1136 2183 1271 2245 senatus;
1295 2174 1372 2254 apud

77 2274 252 2337 Terentium
281 2279 371 2337 ctiam
400 2275 514 2338 ‘nihil
545 2279 683 2345 ornati,
718 2275 814 2337 nibil
842 2276 1025 2346 tumulti’,
1058 2279 1131 2337 item
1159 2278 1259 2336 ‘eius
1288 2277 1371 2337 anui

77 2379 205 2438 causa'
237 2396 292 2457 pro
324 2384 446 2439 ornatus
479 2377 622 2438 tumultus
651 2395 739 2446 anus;
774 2379 847 2438 item
874 2377 952 2457 apud
979 2376 1142 2455 Vergilium
1169 2376 1286 2449 ‘libra
1313 2376 1371 2437 die

77 2481 294 2558 somnique'
321 2499 377 2559 pro
407 2481 481 2550 diei,
512 2487 542 2541 et
570 2479 647 2558 apud
676 2477 838 2540 Salustium
861 2479 1068 2540 ‘dubitavit
1090 2481 1169 2540 acie
1191 2481 1295 2556 pars'
1317 2495 1372 2556 pro

39 2601 62 2636 ro
76 2581 164 2640 acici.
209 2581 261 2640 sed
290 2582 364 2643 haec
391 2583 489 2642 omnia
517 2581 688 2662 usurpando
710 2581 872 2642 vindicavit
893 2581 952 2647 sibi
974 2589 1117 2649 vetustas,
1141 2583 1300 2659 posteritas
1322 2599 1372 2640 cx·

76 2682 178 2761 plosit.
224 2686 321 2744 omnis
343 2686 433 2745 etiam
457 2685 654 2745 nominativus
677 2684 824 2745 secundae
848 2683 1055 2744 declinationis
1078 2701 1112 2742 us
1133 2700 1210 2761 pura
1232 2684 1372 2743 termina·
1461 2675 1468 2680 ’

76 2794 126 2844 tus
149 2785 347 2863 praecedente
377 2788 387 2845 i
418 2784 517 2846 littera
546 2788 710 2864 genitivum
738 2804 825 2847 suum
852 2804 907 2865 per
928 2786 1001 2846 duas
1023 2788 1034 2844 i
1056 2784 1184 2864 prolerri
1208 2785 1299 2844 iaciat
1320 2801 1372 2844 nc·

76 2903 162 2945 cesse
187 2893 246 2956 cst,
269 2905 308 2947 ne
330 2889 477 2948 minorem
500 2905 567 2948 euni
589 2885 698 2948 habeat
719 2905 845 2948 numero
860 2884 1049 2965 syllabarum,
1072 2904 1140 2945 cum
1162 2884 1207 2945 vel
1230 2903 1372 2966 superare

77 2988 230 3065 genitivus
252 2987 298 3048 vel
320 2996 402 3048 certe
425 2987 533 3051 debeat
555 2988 721 3068 adaequare
744 2990 958 3050 nominativum
979 3006 1080 3056 suurn,
1103 2995 1137 3047 ut
1152 2985 1293 3048 Horatius
1313 2987 1371 3047 llo·

40 3107 64 3146 15
79 3091 162 3150 catii.
194 3088 333 3150 similiter
356 3096 386 3150 ct
407 3096 512 3151 neutra
535 3089 669 3151 eiusdem
691 3089 899 3151 declinationis
920 3108 996 3169 quae
1018 3092 1029 3148 i
1051 3087 1210 3177 habuerint
1232 3096 1300 3149 ante
1323 3107 1374 3149 um

78 3191 274 3269 geminabant
302 3192 313 3249 i
340 3190 469 3252 litteram
497 3190 536 3251 ob
565 3191 690 3280 eandem
718 3193 880 3263 rationem,
908 3200 942 3253 ut
962 3190 1066 3252 lolium
1087 3187 1169 3259 lolii,
1192 3191 1286 3251 otium
1308 3192 1373 3260 otii,

79 3294 232 3370 tugurium
255 3293 382 3370 tugurii,
412 3291 561 3372 peculium
584 3292 710 3372 peculii,
739 3294 809 3354 licet
831 3294 905 3356 haec
927 3295 1089 3373 antiquitas
1110 3309 1165 3371 per
1186 3285 1373 3370 ἀποκοπήν,

78 3395 110 3455 id
134 3401 181 3455 est
202 3393 297 3454 ablata
319 3395 329 3452 i
351 3391 466 3464 littera,
490 3396 704 3464 enuntiaverit,
727 3403 761 3456 ut
775 3397 840 3475 ipse
856 3395 893 3455 de
908 3414 940 3456 se
955 3395 1095 3456 Horatius
1117 3395 1229 3453 ‘vatis
1244 3392 1374 3453 Horati

78 3479 278 3556 nidmorem
301 3495 503 3574 sepulchro
532 3496 658 3576 scalpe
681 3494 927 3578 que]rellam',
951 3496 1098 3574 Vergilius
1121 3496 1318 3575 ‘pauperis
1339 3501 1377 3554 et

39 3617 63 3652 ao
80 3599 209 3676 tuguri
232 3604 449 3675 congestum
471 3603 553 3668 est’,
576 3600 650 3659 item

80 3773 287 3846 Frupmentum
307 3772 343 3827 de
364 3774 476 3828 nomine
499 3776 526 3827 et
546 3774 714 3843 pronuntiate
736 3773 815 3827 initio
830 3772 989 3826 nstitutum
1012 3786 1027 3824 e
1049 3770 1147 3825 codiee
1169 3768 1377 3825 Vindebenensi

169 3856 206 3912 17
231 3858 295 3913 otim
310 3855 447 3912 Rodiensi
467 3871 546 3912 suec.
563 3853 616 3910 Vlll
635 3855 661 3928 s.
680 3854 804 3910 11-14
827 3856 932 3912 editum
954 3858 1047 3910 estin
1069 3856 1212 3910 annectis
1231 3871 1374 3926 prummu·

167 3944 232 3998 licis
262 3941 443 3998 Vindobonoe
464 3959 492 3996 a.
519 3939 598 3997 1837
618 3958 651 4012 p.
669 3938 846 3996 127-141.
869 3925 1018 4011 adscripto
1042 3946 1084 3995 est
1105 3939 1305 4010 discrepantia
1328 3954 1375 3995 co·

166 4028 238 4083 dicis
253 4025 403 4082 Rodiensis
426 4025 480 4093 (B)

152 4263 218 4312 tor
238 4274 335 4310 aonias
351 4275 397 4308 om.
418 4259 444 4308 B
513 4259 529 4310 3
547 4260 624 4309 terrai
643 4257 778 4325 frugiferai
798 4259 895 4308 Ennius
915 4259 941 4307 in
959 4257 1093 4308 annalibus
1111 4256 1240 4308 Clanarius
1257 4271 1285 4318 p.
1306 4255 1375 4319 lul

82 4331 217 4396 frugiferai
240 4330 337 4379 Ennius
362 4331 387 4378 in
412 4327 546 4378 annalibus
570 4345 627 4381 exc.
654 4329 729 4379 Odor.
752 4345 780 4394 p.
803 4329 870 4388 538,
888 4329 935 4378 27:
964 4330 998 4393 cs.
1019 4327 1086 4378 em.
1113 4330 1198 4380 manui.
1222 4343 1245 4376 n.
1266 4325 1317 4375 479
1335 4325 1377 4375 ed.

85 4403 162 4453 Vaut.
183 4399 298 4450 Lucretii
309 4400 425 4461 eucarpio
441 4399 526 4448 munit
543 4400 693 4449 Priscianus
704 4401 722 4448 1.
738 4399 781 4448 Vll
796 4415 824 4464 p.
844 4398 904 4459 285,
919 4400 934 4447 7
1006 4397 1147 4465 leugelerai
1164 4397 1190 4447 B
1260 4396 1276 4444 4
1295 4391 1373 4460 aulai]

85 4467 370 4534 Verp.Aen.111354
453 4466 540 4537 atque]
565 4471 644 4534 Verp.
666 4469 731 4522 Aen.
751 4467 853 4519 71747
927 4465 1047 4533 bdives]
1074 4469 1151 4532 Verp.
1171 4465 1237 4516 Aen.
1257 4465 1326 4516 Villi
1343 4467 1378 4514 tu

133 4541 150 4590 6
170 4539 240 4604 apud
253 4535 402 4605 Salustium]
422 4539 496 4589 Catii.
510 4538 544 4589 36
559 4540 659 4588 duobus
678 4539 759 4588 senati
778 4538 902 4589 decretis:
920 4539 955 4592 cr.
969 4539 1066 4588 Ciani.
1077 4553 1103 4600 p.
1120 4538 1163 4601 22,
1179 4535 1211 4587 18
1229 4551 1287 4586 eac.
1301 4534 1376 4586 Odor.

80 4626 107 4674 p.
121 4607 232 4674 caula
303 4608 319 4657 7
336 4606 412 4673 nibil]
432 4608 534 4662 Terent,
548 4609 632 4662 Andr.
652 4611 673 4659 11
692 4610 718 4672 2,
733 4607 768 4659 28
836 4606 902 4673 eius]
920 4609 1021 4661 Terent.
1037 4609 1163 4660 Heauton.
1182 4607 1232 4656 tim.
1250 4607 1272 4655 11
1291 4603 1324 4662 3,
1343 4603 1378 4654 46

134 4681 196 4730 anui
206 4680 232 4730 B
245 4679 318 4729 anuis
328 4677 457 4730 Charisius
467 4693 494 4740 p.
510 4679 553 4738 54,
565 4677 599 4730 31
653 4677 670 4729 8
689 4675 764 4745 libra]
785 4679 864 4742 Verp·
877 4693 966 4743 peorp.
979 4677 990 4726 1
1008 4677 1060 4727 208
1109 4676 1126 4727 a
1143 4677 1212 4742 apud
1224 4670 1375 4737 Salustium]

81 4751 105 4798 iu
125 4749 239 4799 historiis
258 4750 383 4800 Pmoun.
402 4751 419 4798 i.
437 4748 482 4798 Vll
500 4765 526 4812 p.
545 4747 611 4814 aut,
630 4749 647 4798 6
719 4749 753 4800 16
770 4744 844 4813 aciei]
866 4747 920 4797 acei
938 4747 964 4796 B
1035 4745 1067 4797 18
1085 4743 1215 4810 Horatius]
1238 4761 1315 4794 curm.
1335 4745 1378 4793 llll

80 4821 105 4882 6,
121 4819 156 4870 43
177 4819 277 4869 reddidi
296 4834 395 4868 carumn
412 4817 503 4868 docilis
521 4811 654 4869 modorum
668 4820 735 4868 vatis
748 4819 834 4868 Horati
852 4817 885 4867 111
904 4817 945 4882 11,
960 4817 992 4868 51
1013 4818 1091 4866 nostri
1106 4830 1242 4866 memorem
1260 4813 1377 4880 sepulcro

81 4889 170 4955 scalpe
186 4889 325 4953 querellam
388 4888 421 4939 19
439 4901 567 4938 menonem
586 4889 611 4938 B
681 4885 813 4954 pauperis]
837 4887 919 4951 Vera.
940 4887 1020 4941 bucol.
1042 4887 1066 4950 1,
1084 4886 1118 4939 69

1108 4968 1175 5034 36*
