3350 5442
574 371 645 432 ARS
674 371 700 432 11
725 374 858 433 16-23
1297 360 1370 431 421

96 490 116 531 p.
132 480 188 519 144.
204 481 229 521 οι
243 477 266 519 r.
1178 488 1199 530 p.
1214 476 1334 519 444441.

75 560 187 618 caricis.
219 562 245 618 si
267 561 329 618 sint
344 558 523 627 accidentia,
547 559 644 619 omnis
666 560 786 637 generis
807 563 877 618 suut
899 556 973 618 nibil
996 556 1225 617 adecliuatione
1248 555 1360 616 diserc-

75 662 184 739 pantia:
214 678 283 721 uam
313 669 382 721 sunt
409 662 516 721 tertiae
546 660 769 730 declinationis,
798 668 832 720 ut
860 660 908 719 bic
937 666 966 718 et
995 658 1068 719 baec
1096 665 1127 717 et
1153 658 1208 718 boc
1236 657 1362 737 simplex

75 761 178 839 duplex
208 763 317 823 artilex
345 763 446 841 opilex
475 762 606 832 aurilex,
635 769 667 822 et
687 764 784 822 omnia
814 763 845 821 in
867 763 999 839 genitivo
1022 768 1051 819 et
1073 762 1182 820 ceteris
1205 759 1361 821 casibuse

76 863 203 923 litteram
218 867 249 923 in
266 867 275 922 1
299 872 485 924 conxertunt.
517 883 606 924 unum
623 866 774 943 reperitur
789 863 944 924 masculini
961 864 1081 940 generis
1097 862 1175 943 quod
1191 882 1206 921 e
1223 860 1362 942 producit

55 966 102 1022 sin
116 964 248 1044 obliquis
270 965 405 1034 casibus,
430 965 479 1025 hic
500 985 607 1026 xerrex
623 970 765 1026 14114414.
796 968 826 1025 ix
850 964 960 1044 syllaba
983 966 1182 1025 terminantur
1205 962 1361 1025 masculini

75 1069 192 1142 generis
218 1067 307 1136 haec,
337 1069 385 1128 bic
413 1067 489 1128 calix
517 1067 634 1136 calicis,
663 1068 713 1127 hic
745 1069 843 1127 loruix
878 1068 1016 1135 fornicis,
1051 1065 1100 1125 bic
1128 1068 1210 1126 varix
1238 1066 1361 1133 varicis;

76 1171 214 1229 feminina
247 1168 336 1239 baec,
371 1170 444 1229 baec
473 1170 561 1239 salix,
590 1169 664 1230 baec
692 1171 768 1240 lilix,
802 1169 875 1229 buce
909 1170 1007 1239 radix,
1036 1168 1109 1229 haec
1144 1170 1260 1239 cervix,
1288 1166 1362 1227 haec

77 1274 195 1339 matrix,
227 1271 302 1331 baec
336 1274 459 1341 cornix,
503 1273 576 1332 baec
609 1272 688 1332 lodix
723 1270 884 1352 [obstetrix
917 1269 1115 1351 obstetricis}
1161 1290 1196 1331 ex
1229 1271 1278 1330 bis
1310 1288 1361 1348 po·

77 1375 198 1433 41411414
221 1375 353 1461 quinque
376 1376 386 1433 1
408 1373 575 1453 producunt
598 1376 629 1433 in
652 1373 782 1453 obliquis
804 1373 933 1434 casibus.
971 1372 1136 1433 accidentia
1160 1374 1250 1433 trium
1272 1389 1361 1450 geue-

49 1488 142 1535 111441
165 1483 242 1544 suut,
268 1483 300 1535 ut
322 1475 370 1535 hic
393 1482 424 1535 et
445 1475 517 1536 haec
541 1484 571 1535 et
593 1474 648 1536 hoc
671 1476 740 1536 lelix
763 1476 871 1545 lelicis,
896 1476 944 1536 bic
968 1482 998 1534 et
1020 1475 1093 1535 baec
1116 1482 1145 1535 et
1167 1475 1222 1534 hoc
1245 1475 1361 1553 pernix.

79 1579 106 1635 in
128 1576 250 1635 eandem
273 1576 414 1655 syllabam
438 1580 617 1657 praepositis
640 1579 886 1647 consonantibus,
910 1596 1035 1657 quarum
1051 1580 1135 1655 prior
1157 1584 1247 1645 muta,
1271 1576 1363 1636 altera

79 1678 185 1758 liquida
213 1686 275 1747 est,
305 1681 424 1738 nomina
451 1680 588 1739 leminini
623 1682 744 1757 generis
771 1681 929 1749 desinunt,
963 1698 1037 1759 quae
1066 1698 1081 1738 a
1112 1678 1283 1740 masculinis
1317 1685 1363 1737 tor

79 1781 188 1857 syllaba
209 1781 304 1840 finitis
326 1788 356 1841 et
378 1800 394 1841 a
417 1780 510 1841 verbo
534 1782 724 1843 seruientibus
747 1784 928 1861 ligurantur,
953 1789 985 1841 ut
1007 1782 1055 1841 bic
1077 1784 1195 1858 genitor
1217 1781 1362 1877 11444134-

80 1884 189 1952 uetrix,
212 1882 263 1942 bic
286 1890 407 1943 venator
430 1884 503 1943 haec
527 1886 676 1953 venatrix,
700 1885 748 1944 hic
771 1884 898 1945 bellator
921 1884 994 1945 baec
1018 1884 1170 1953 bellatrix,
1198 1885 1247 1945 bie
1271 1885 1364 1943 victer

50 1983 286 2045 chacericurtis.
331 2004 423 2045 unum
446 1986 549 2045 eadem
572 1984 701 2045 clausula
724 1989 902 2047 terminatur
924 1989 1045 2063 generis
1066 1986 1233 2056 masculini,
1258 2004 1363 2045 nomen

82 2088 222 2165 serpentis
250 2086 326 2166 apud
357 2086 507 2147 Lucanum
538 2087 661 2159 lectum,
694 2091 750 2148 ‘et
778 2091 903 2149 natrix
932 2091 1096 2150 violator
1123 2093 1272 2169 aquae’;
1307 2088 1364 2147 duo

82 2190 225 2257 leminini,
255 2206 332 2267 quae
363 2209 379 2250 a
407 2189 579 2250 masculinis
608 2209 666 2250 uon
690 2194 825 2261 xcutiunt,
857 2191 930 2251 11444
952 2194 1110 2261 meretrix,
1134 2192 1207 2251 haec
1230 2192 1363 2250 cicatrix.

84 2293 172 2350 omnia
195 2288 208 2371 ll
234 2298 332 2351 tamen
354 2291 459 2370 procul
482 2290 574 2352 dubio
596 2295 702 2353 tertiae
724 2301 793 2353 sunt
814 2294 1030 2355 declinationis.
1055 2290 1060 2374 Ι
1090 2314 1126 2353 ox
1149 2291 1259 2373 syllaba
1283 2293 1365 2351 linita

83 2396 207 2472 exceptis
223 2392 433 2472 monosyllabis
448 2396 546 2453 omnia
563 2394 729 2455 accidentia
744 2404 813 2457 sunt
828 2398 949 2474 generis
964 2398 1069 2467 omnic,
1088 2404 1120 2457 ut
1135 2396 1184 2455 bic
1200 2403 1230 2453 et
1245 2394 1319 2454 baec
1335 2398 1365 2451 et

54 2493 133 2554 111141
159 2495 241 2556 14141
269 2502 353 2555 atrox
381 2494 475 2555 velox.
520 2496 572 2556 sed
601 2498 682 2557 iuxta
711 2501 857 2559 rationem
886 2500 1004 2577 saepius
1035 2498 1264 2559 demonstratum
1293 2496 1364 2557 baec

84 2616 190 2677 quoque
213 2596 348 2656 eitrsdem
376 2596 582 2657 declinationis
609 2598 726 2676 legibus
754 2600 919 2661 subiacent.
965 2620 1056 2662 unum
1078 2601 1215 2661 feminini
1244 2601 1364 2677 generis

85 2697 133 2758 bar
165 2700 352 2759 extremitate
386 2699 494 2760 lectum
525 2701 603 2779 apud
635 2700 772 2763 Plautum
795 2710 853 2773 est,
888 2703 960 2763 baec
988 2704 1087 2773 celox,
1122 2702 1201 2782 quod
1228 2701 1366 2779 scapham

86 2803 223 2876 siguificat
252 2798 377 2881 [navis].
423 2820 460 2861 ux
489 2801 600 2881 syllaba
629 2807 807 2865 terminatur
836 2824 927 2866 unum
956 2805 1112 2867 masculini
1143 2806 1264 2883 generis
1296 2822 1365 2883 pro·

86 2905 189 2979 prium,
212 2901 262 2962 hic
285 2898 390 2964 Pollux
412 2902 553 2965 Pollucis.
597 2906 798 2986 monosyllaba
825 2909 912 2968 cuius
933 2910 993 2968 sint
1014 2911 1150 2986 generis,
1179 2907 1365 2967 delinivimus

57 3001 235 3081 4144114144
251 3004 452 3085 monosyllaba
469 3007 518 3067 lux
533 3026 593 3067 nux
609 3007 708 3089 erux].
737 3009 858 3089 quidam
874 3013 1037 3072 communis
1052 3013 1172 3089 generis
1187 3011 1242 3071 bac
1257 3010 1365 3089 syllaba

86 3108 190 3167 1411414
212 3115 350 3168 asserunt
371 3108 421 3168 bie
443 3115 474 3168 ot
496 3110 569 3170 11444
592 3113 714 3181 coniux,
737 3114 789 3191 qui
811 3093 1024 3175 nominatirum
1046 3116 1111 3173 sinc
1134 3132 1152 3173 n
1175 3113 1275 3174 littera
1297 3132 1365 3192 pro·

86 3209 151 3268 lerri
173 3210 290 3279 solunt,
313 3212 383 3290 quia
403 3212 435 3270 iu
456 3214 587 3289 genitivo
610 3221 640 3273 et
661 3214 729 3275 aliis
750 3214 870 3277 casibus
892 3216 995 3278 eadem
1018 3217 1115 3277 littera
1139 3234 1197 3276 nou
1220 3224 1365 3277 servatur.

161 3310 184 3371 T
211 3312 311 3373 littera
337 3320 418 3373 muta
446 3332 538 3374 uuum
569 3334 676 3377 nornen
703 3320 882 3377 terminatur
909 3321 1029 3396 generis
1057 3321 1171 3388 neutri,
1201 3320 1256 3379 hoe
1279 3326 1367 3397 caput

89 3415 199 3490 capitis,
223 3421 351 3495 atquae
374 3433 410 3475 ex
434 3434 469 3475 eo
485 3427 716 3497 componuntur,
740 3422 860 3499 occiput
879 3424 1025 3500 occipitia
1049 3424 1181 3500 sinciput
1202 3422 1365 3500 sincipitis:

57 3513 198 3575 40414144
220 3519 276 3576 ‘et
297 3517 390 3577 lissa
413 3517 595 3579 lumosum
618 3524 787 3601 sinciput
809 3526 927 3583 aure'.

147 3720 164 3771 0
181 3722 208 3772 ix
226 3721 326 3786 syllaba
344 3722 421 3772 Odor.
440 3722 482 3787 29,
502 3722 544 3774 23.
566 3726 609 3785 44,
626 3724 651 3776 3.
672 3725 715 3786 91,
737 3727 778 3779 22.
799 3726 948 3778 44440144.
968 3729 1029 3787 542,
1044 3726 1078 3779 33
1167 3727 1199 3778 19
1219 3743 1252 3777 ox
1270 3728 1367 3795 syllaba

90 3788 215 3853 0114492,
234 3793 276 3842 17.
302 3808 360 3843 exc.
381 3792 537 3857 01411544,
558 3795 571 3845 1
657 3795 692 3845 23
715 3811 749 3844 ux
766 3796 863 3859 syllaba
882 3797 957 3849 Odor.
977 3796 1021 3861 30,
1038 3798 1080 3849 21.
1099 3796 1148 3862 87,
1166 3798 1192 3850 8.
1212 3814 1271 3849 exe.
1291 3797 1366 3849 Odor.

88 3860 187 3919 54410
256 3860 292 3911 29
309 3861 416 3941 11111414
434 3864 509 3916 01141.
524 3864 566 3925 30,
578 3864 613 3916 20

149 4034 304 4086 3414111414
322 4049 386 4098 quae
404 4034 600 4103 ingenitiqu
666 4035 761 4086 711444
778 4037 944 4096 1111ς11444
961 4040 1023 4091 felix
1041 4042 1072 4103 F,
1092 4038 1181 4095 omP
1248 4041 1365 4092 Sabate·
1440 4102 1445 4110 .

88 4104 346 4155 trixebstetricisom.
366 4105 410 4161 ἲς
481 4106 628 4171 9quinque
642 4107 773 4157 Putseltius
786 4120 903 4171 quattuor
921 4111 974 4175 nc,
995 4127 1040 4161 ons.
1064 4115 1087 4162 P
1112 4162 1116 4172 ,
1155 4113 1188 4162 12
1206 4112 1323 4161 desinunt
1342 4114 1367 4160 in

88 4175 110 4221 ix
122 4190 182 4236 quae
195 4176 221 4224 F
223 4188 241 4230 ς
324 4173 357 4226 13
375 4174 417 4224 1114
438 4178 539 4242 genitor
557 4177 619 4227 11444
637 4178 749 4242 genitrix
768 4179 873 4229 bellator
892 4194 997 4231 uenator
1017 4181 1133 4232 bellatrix
1150 4181 1192 4231 hie
1207 4182 1287 4231 uictor
1304 4180 1367 4230 haee

89 4244 171 4294 uictrix
188 4245 253 4295 haec
270 4246 388 4295 nenatrix
406 4260 488 4309 unum·
505 4246 528 4295 P
598 4246 629 4297 16
648 4249 716 4312 apud
733 4248 852 4299 lucanum
871 4249 963 4301 lectum
981 4254 995 4299 4
1016 4262 1042 4302 41
1061 4254 1144 4302 natrix
1162 4252 1188 4301 F
1201 4252 1270 4317 apud
1286 4250 1368 4300 Luca-

90 4328 140 4363 num
157 4314 218 4366 libro
237 4314 297 4363 Vlll
317 4315 407 4365 lectum
427 4324 466 4365 est
482 4324 507 4365 41
526 4317 609 4366 natrix
626 4316 779 4367 Palaebisca:
796 4321 895 4373 Lucan.
910 4322 1030 4376 Pltarsel.
1049 4322 1119 4372 Vllll
1139 4321 1190 4371 720
1261 4321 1367 4371 violator

90 4383 170 4450 aquae]
188 4385 299 4434 uiolatur
314 4400 380 4447 quae
397 4385 422 4434 F
490 4386 522 4436 10
543 4389 624 4436 omnis
643 4389 689 4437 sed
710 4389 781 4437 iuxta
798 4392 922 4440 rationem
942 4394 1045 4456 saepius
1064 4392 1195 4458 (superius
1214 4390 1243 4455 ς)
1262 4392 1367 4442 demon-

91 4462 181 4503 stratam
201 4464 228 4503 ut
245 4454 287 4503 bic
305 4463 329 4503 et
347 4456 410 4505 11444
429 4465 454 4505 41
472 4454 521 4505 1144
538 4456 611 4507 141411
630 4465 704 4506 atrox
724 4458 798 4507 uelox
815 4458 878 4509 ltaee
897 4475 997 4524 queque
1011 4461 1088 4517 ΡΕς
1172 4462 1367 4513 2211444144-

91 4526 165 4573 1411414
181 4539 198 4582 ς
221 4525 286 4574 haec
302 4528 460 4575 extremitate
479 4528 533 4577 PF
600 4534 638 4578 est
655 4544 701 4579 om.
719 4527 745 4576 P
812 4529 845 4580 23
863 4531 985 4596 scapham
1005 4533 1078 4580 nauis
1101 4532 1227 4599 siguificat
1242 4548 1276 4597 9.·
1295 4532 1367 4581 naris

92 4608 157 4649 oms
224 4596 258 4645 24
277 4598 350 4645 cuius
367 4606 426 4645 sunt
441 4597 544 4661 generis
562 4598 697 4647 dcllnimus
713 4599 738 4647 P
750 4599 821 4648 euius
838 4610 898 4650 suut
916 4615 1010 4665 genera
1024 4602 1212 4653 11411414414411
1226 4603 1368 4651 cuiuscum-

93 4668 193 4724 quesint
209 4665 311 4732 generis
330 4664 532 4723 dilllniuimusc
614 4668 649 4719 25
667 4666 839 4717 144114144-
856 4685 919 4719 41411
936 4686 982 4725 om.
1002 4671 1027 4719 P
1109 4671 1144 4723 29
1163 4682 1187 4721 41
1205 4688 1270 4737 quae
1288 4687 1320 4721 ex
1336 4688 1367 4719 eo

93 4745 264 4798 componuntur
277 4750 293 4791 ς
310 4744 335 4785 41
348 4737 416 4799 quod
429 4751 461 4786 ex
474 4752 504 4786 eo
517 4747 703 4803 componuntur
715 4740 754 4787 P:
772 4747 797 4787 41
809 4740 877 4803 quod
894 4756 927 4790 ex
938 4756 968 4791 4ο
987 4742 1147 4807 componitur
1161 4743 1283 4807 sinciput.
1296 4742 1365 4795 Ῑιῖι.

94 4805 189 4868 occiput.
208 4806 324 4871 occipitis
342 4806 451 4872 sinciput
470 4807 594 4873 sincipitis
611 4808 637 4857 F
702 4806 737 4858 30
753 4808 857 4859 Persius
876 4820 959 4873 satyra
975 4820 1046 4861 sexta
1060 4811 1204 4863 Putscltius:
1219 4814 1294 4867 Pers.
1314 4818 1366 4865 sat.

95 4869 116 4930 ll,
131 4874 162 4924 10
226 4885 251 4926 41
268 4874 329 4927 fissa
347 4875 697 4944 lomesumssormonsuml)
714 4880 825 4945 sinciput
843 4880 939 4948 siciput
956 4896 1017 4932 4414
1034 4882 1060 4933 F
1129 4884 1289 4951 siucuputP
