3350 5442
668 362 739 423 lus
1287 357 1349 422 387

88 490 106 516 0.
121 474 178 514 r-a.
1198 484 1221 526 p.
1235 470 1287 511 e-5
1299 469 1324 511 e.

62 555 210 635 plasmus,
234 560 375 635 quantum
398 572 453 632 ego
476 556 587 623 sentio,
611 556 669 614 etsi
691 572 749 615 non
770 556 848 615 torte
871 555 1024 624 omatibus,
1052 554 1227 634 plerumque
1251 560 1350 615 tamen

62 658 159 718 isdem
182 657 277 717 modis
300 658 412 725 evcnit,
442 656 551 736 quibus
579 664 609 717 et
631 656 843 718 barbarismus.
888 676 955 718 nam
978 664 1011 718 ut
1032 658 1202 719 omittamus
1224 657 1349 717 diversi·

61 766 140 820 tates
162 760 351 838 superiorum
373 760 593 829 definitionum,
622 767 682 821 tam
704 759 885 821 barbarismi
907 779 995 840 quarn
1017 759 1201 839 metaplasmi
1224 760 1350 838 primam

62 864 140 924 hanc
168 863 371 923 definitionem
398 861 522 931 habent,
551 862 630 941 quod
658 863 731 923 liunt
752 861 799 922 vel
821 865 1024 923 enuntiatione
1047 863 1094 923 vel
1116 864 1236 941 scripto.
1282 881 1350 941 pec·

36 982 167 1027 scamus
188 966 269 1025 cuim
292 972 343 1025 aut
362 963 437 1025 male
453 965 649 1033 enuntiando,
673 965 704 1025 id
726 972 772 1025 est
792 967 897 1025 vitiose
919 966 1082 1045 loquendo,
1106 971 1157 1025 aut
1178 963 1252 1026 male
1276 966 1350 1026 scri·

61 1068 177 1137 hendo,
210 1066 240 1127 id
273 1074 318 1126 est
346 1075 486 1146 corrupte
518 1074 549 1127 et
576 1066 696 1146 oblique
724 1066 893 1128 litterarum
927 1070 1036 1128 seriem
1068 1067 1260 1128 conectendo.
1304 1068 1352 1127 his

61 1170 181 1231 duobus
208 1169 303 1230 modis
329 1175 492 1249 quaternae
520 1172 637 1250 species
665 1168 895 1246 subiunguntur.
939 1188 1008 1231 nam
1036 1176 1086 1230 aut
1114 1170 1279 1231 adiectione
1302 1176 1352 1230 aut

61 1273 248 1333 detractione
272 1273 547 1335 ant‘immutatione
569 1278 621 1333 ant
642 1274 887 1333 transmutatione
910 1291 926 1333 a
949 1275 1025 1334 iusta
1042 1279 1072 1333 et
1087 1270 1187 1333 debita
1206 1273 1353 1333 sermonis

61 1375 168 1453 regula
190 1373 368 1435 recedimus.
412 1394 467 1453 per
494 1375 568 1435 haec
596 1382 750 1455 quattuor,
779 1393 855 1455 quae
883 1374 919 1436 ad
948 1374 1167 1436 barbarismum
1190 1376 1351 1454 pertinent,

28 1495 49 1531 ro
62 1476 271 1538 indubitanter
293 1479 384 1556 quina
411 1472 417 1559 1
442 1478 614 1538 decurrunt.
660 1496 726 1538 nam
749 1476 877 1538 adiectio
900 1477 1045 1539 detractio
1067 1479 1233 1538 immutatio
1257 1486 1352 1539 trans·

62 1582 188 1640 mutatio
210 1578 256 1639 vel
278 1580 310 1639 in
330 1580 432 1641 littera
453 1582 486 1641 tit
508 1580 553 1640 vel
576 1583 606 1641 in
630 1578 739 1659 syllaba
761 1580 807 1640 vel
829 1581 861 1640 in
883 1588 1017 1660 ternpore
1040 1580 1085 1641 vel
1108 1581 1138 1640 in
1162 1587 1286 1641 accentu
1308 1579 1353 1639 vel

61 1685 94 1743 in
117 1683 309 1761 aspiratione.

150 1784 236 1845 Nunc
257 1791 438 1863 oportunum
460 1790 489 1845 et
511 1787 720 1865 tempestivum
742 1791 786 1846 ert
807 1792 849 1855 ut,
873 1804 947 1865 quae
971 1788 1011 1846 sit
1033 1788 1111 1846 inter
1133 1785 1354 1846 barbarismum

63 1896 93 1946 et
115 1887 341 1966 metaplasmum
363 1887 517 1956 distantia,
547 1887 789 1967 praeloquamur,
817 1886 991 1968 priusquam
1014 1888 1050 1949 de
1073 1888 1198 1965 singulis
1220 1888 1354 1967 exempla

30 2004 51 2043 1⁵
63 1989 331 2050 accommodemus.
376 1995 446 2049 tune
474 1992 554 2050 enim
581 1990 698 2050 facilius
719 1992 784 2069 ipsa
806 1990 939 2070 exempla
962 1990 997 2052 ad
1022 2007 1127 2051 sensus
1148 1997 1266 2052 nostros
1288 2009 1353 2051 sua·

63 2094 142 2151 n'ter
164 2090 378 2171 penetrabunt,
402 2094 427 2152 si
450 2093 495 2152 vis
517 2093 674 2153 distantiae
692 2095 777 2171 prius
800 2094 892 2154 luerit
914 2095 1059 2154 intimata.
1090 2110 1163 2170 crgo
1185 2095 1264 2154 inter
1287 2092 1353 2154 bar·

65 2194 231 2255 berismum
258 2199 288 2253 et
315 2194 538 2273 metaplasmum
566 2193 622 2254 hoc
649 2197 790 2265 interest,
819 2196 899 2275 qnod
922 2194 1128 2256 barbarismus
1150 2199 1181 2257 in
1203 2197 1353 2257 communi

64 2314 218 2365 sermone,
242 2296 449 2376 metaplasmus
471 2299 502 2357 in
524 2304 659 2375 poemate
683 2304 742 2368 est;
765 2299 838 2357 item
860 2297 938 2376 quod
961 2297 1165 2359 barbarismus
1188 2300 1262 2359 citra
1285 2316 1353 2360 auc·

64 2401 216 2459 toritatem
238 2397 375 2459 lectionis
402 2401 540 2479 imperite
569 2417 648 2459 nunc
670 2402 702 2459 in
724 2398 903 2479 quibusdam
925 2400 999 2460 loeis
1022 2402 1237 2479 praesumitur,
1261 2408 1352 2462 mcta-

31 2517 54 2555 ao
65 2500 196 2580 plasmas
217 2507 314 2561 autem
337 2500 385 2560 ille
401 2509 459 2570 est,
483 2504 534 2580 qui
550 2520 586 2562 ex
601 2509 734 2562 veterum
750 2503 931 2580 scriptorum
947 2504 1121 2563 anctoritate
1137 2504 1184 2563 vel
1203 2502 1353 2582 praeiudi-

65 2611 148 2665 catae
170 2602 395 2662 consuetudinis
416 2605 531 2665 ratione
553 2604 723 2683 profertum
747 2606 820 2664 item
834 2604 911 2683 quod
928 2605 1137 2685 metaplasmus
1153 2604 1197 2664 vel
1213 2603 1251 2664 ob
1272 2606 1353 2665 simi·

65 2706 223 2766 litudinem
244 2704 381 2765 lectionis
400 2713 452 2766 aut
470 2708 581 2767 vetoris
602 2706 826 2767 consuetudinis
847 2707 974 2768 edoctis
988 2708 1021 2767 lit
1037 2708 1182 2775 scienter,
1203 2705 1353 2767 barbaris·

66 2827 133 2869 naus
153 2825 226 2867 xero
247 2804 284 2867 ab
307 2808 549 2887 imprudentibus
570 2808 649 2870 nulla
672 2815 722 2869 aut
744 2817 878 2870 veterum
907 2816 957 2869 aut
979 2808 1203 2869 consuetudinis
1225 2810 1353 2869 auctori·

67 2918 125 2970 tate
150 2916 306 2990 perspecta
334 2913 502 2971 assumitur.
526 2911 620 2971 item
649 2912 728 2971 inter
754 2909 973 2973 barbarismum
1002 2917 1032 2971 et
1053 2910 1277 2991 metaplasmum
1299 2912 1355 2972 hoc

31 3035 54 3072 aa
68 3016 207 3080 interest,
231 3012 309 3090 qnod
332 3012 515 3073 adiectiones
536 3012 603 3073 illae
627 3014 863 3074 detractionesve
890 3019 1049 3093 eeteraquc
1072 3030 1148 3093 quae
1171 3013 1302 3074 diximus
1323 3015 1354 3073 in

67 3116 176 3174 litteris
198 3112 353 3192 syllabisve
377 3132 410 3174 ac
433 3114 574 3194 deinceps
596 3118 707 3176 ceteris
728 3113 784 3175 sub
800 3134 859 3176 uno
880 3117 998 3175 nomine
1016 3114 1194 3176 barbarismi
1216 3123 1354 3196 peccant;

68 3219 98 3276 in
121 3214 314 3294 metaplasmo
335 3235 407 3276 vero
429 3217 485 3277 alia
508 3224 596 3296 atque
619 3218 675 3278 alia
699 3218 817 3277 nomina
841 3236 895 3296 pro
918 3216 1110 3297 qualitatibus
1137 3217 1268 3297 locisque
1292 3237 1355 3279 sus·

67 3321 199 3398 ripirmt,
223 3319 301 3378 sicut
322 3337 390 3379 mox
412 3318 576 3397 apparebit.
1075 3326 1080 3337 '

153 3420 238 3481 Nunc
260 3420 394 3500 exempla
418 3421 453 3481 de
476 3422 666 3502 metaplasmo
687 3424 772 3500 prius
794 3421 940 3483 dabimus.
971 3425 1082 3483 etenim
1105 3426 1287 3485 confirmatis
1308 3422 1357 3483 his

32 3531 97 3583 :oct
125 3523 336 3592 manifestatis,
372 3542 446 3602 quae
475 3526 590 3584 ratione
618 3531 648 3583 et
675 3524 903 3584 auctoritatibus
926 3519 933 3606 l
958 3532 1108 3595 constant,
1144 3525 1192 3585 illa
1221 3544 1296 3605 quae
1324 3526 1355 3585 in

68 3624 288 3685 barbarismum
309 3637 422 3686 temere
446 3625 623 3687 delabuntur
649 3627 783 3705 apertius
810 3625 1006 3705 apparebunt.
1051 3627 1216 3688 adiectione
1239 3628 1355 3688 litterae

68 3727 112 3788 rrl
137 3726 263 3807 syllabae
285 3747 340 3807 per
363 3731 420 3789 tria
442 3729 522 3798 loca,
546 3731 622 3789 sicut
636 3728 782 3796 diximus,
806 3734 869 3787 tres
890 3728 1074 3807 metaplasmi
1097 3730 1185 3799 liunt,
1208 3731 1357 3809 prothesis

69 3830 239 3909 epenthesis
261 3848 418 3909 paragoge.
464 3831 614 3911 prothesis
636 3837 681 3890 est
702 3829 835 3899 litterae,
859 3828 911 3889 uhi
934 3830 970 3891 ad
993 3839 1082 3909 caput
1104 3849 1161 3891 una
1182 3831 1281 3893 littera
1305 3833 1355 3893 ad·

69 3931 165 4001 ditur,
189 3940 222 3991 nt
243 3932 340 3993 ‘eum
364 3934 479 3994 sociis
500 3941 687 4013 gnatoque
710 3931 944 4012 penatibus’:
968 3933 1043 3992 dixit
1065 3933 1145 3992 enim
1167 3939 1265 4010 gnato,
1288 3953 1355 3995 cum

35 4034 169 4095 euicere
197 4032 302 4094 debuit
328 4042 406 4096 nato.
451 4035 508 4095 hoc
536 4038 586 4115 qui
614 4035 686 4096 velit
712 4036 744 4094 in
772 4034 829 4095 alia
862 4042 946 4113 parte
982 4036 1125 4095 orationis
1155 4035 1253 4095 lacere
1282 4038 1356 4097 citra

70 4138 291 4215 auctoritatem,
320 4143 353 4196 ut
380 4138 405 4197 si
434 4137 514 4199 dicat
540 4140 655 4217 coperit
675 4156 731 4217 pro
753 4139 867 4217 operit,
897 4138 987 4197 saciet
1008 4136 1238 4198 barbarismum.
1283 4139 1356 4198 item

71 4238 216 4317 prothesis
239 4246 286 4298 cst
307 4238 435 4318 syllabae

219 4341 352 4402 tetulit
374 4341 508 4402 senilis
529 4341 651 4403 hostis
673 4343 715 4403 ad
738 4343 880 4404 eaelum
901 4359 1042 4402 manus:

157 4581 173 4630 2
196 4581 312 4645 penaenit
326 4582 360 4632 M
375 4582 493 4648 prouenit
510 4582 674 4632 Buttmamrua
759 4580 775 4631 3
797 4581 906 4646 primam
925 4579 990 4629 ltane
1008 4580 1179 4630 definitionem
1198 4593 1358 4631 communem

72 4650 165 4700 bahent
188 4651 354 4703 Buttmannaa
377 4654 505 4717 propriam
530 4650 597 4701 hane
615 4650 784 4703 definitionem
808 4650 901 4700 hahent
914 4650 1078 4701 Heinrichr'ur
1096 4650 1167 4713 opud
1182 4651 1358 4701 Buttmoanwn

141 4718 345 4772 beonnectando
365 4723 399 4772 M
450 4720 652 4775 laesimus
699 4718 743 4786 ait]
762 4721 789 4771 ht
808 4722 838 4771 M
908 4720 942 4771 ⁶20
958 4731 1044 4771 uetare
1063 4720 1093 4769 M
1147 4722 1186 4770 rel
1204 4738 1249 4773 om.
1270 4722 1303 4771 M

72 4788 107 4840 30
124 4790 151 4839 in
168 4791 320 4841 barbarismo
336 4792 370 4841 M
414 4790 625 4859 saeumroeus]
652 4790 921 4856 Verp,Aen.11112
973 4789 1007 4841 88
1024 4790 1107 4841 tetulit
1120 4791 1208 4842 senilis
1227 4790 1313 4840 Poeas·
1325 4792 1357 4841 ad

74 4860 171 4909 caelum
188 4876 277 4911 manus
297 4862 429 4935 Pompeias
446 4880 473 4927 p.
492 4860 552 4925 296,
569 4860 585 4911 3
657 4859 756 4927 senilis]
777 4862 864 4912 senius
879 4861 912 4912 M
928 4874 1021 4911 saeuus
1041 4862 1120 4911 edidit
1137 4861 1302 4914 Buttmamma
