3350 5442
1297 403 1338 474 31

1147 529 1168 572 p.
1183 520 1239 560 1885.
1253 520 1278 562 86
1292 517 1315 560 Ρ.

69 599 219 674 Epitrili:
249 595 282 658 hi
303 599 394 659 etiarn
415 597 510 678 hippii
525 596 672 659 dicuntur.
696 630 739 642 --
768 595 974 676 Συζυγίαι
996 598 1134 661 dicuntur
1156 598 1247 660 labne
1269 609 1495 670 comatam?

68 701 222 762 lunationes.
248 735 291 744 -
319 699 504 780 Deinceps
532 699 611 760 alii:
641 717 765 778 quorum
796 701 914 762 nomina
937 701 967 760 in
991 719 1045 762 usu
1068 720 1127 762 non
1150 709 1226 762 suut.
1272 721 1340 781 pro·

67 803 109 879 prii
122 802 210 880 pedes
225 811 297 864 sunt
311 801 439 864 XXVIII.
455 836 499 846 -
519 799 637 862 Pedes
659 809 849 880 quattuor:
876 800 967 882 [ratio
989 803 1161 864 varietatum
1184 801 1257 864 haec
1281 811 1340 865 est:
1354 815 1387 865 aa

67 911 122 980 yuot
140 905 301 965 varietates
322 905 449 978 luerint,
473 911 516 964 tot
539 913 568 964 et
589 903 682 983 pedes
703 912 786 973 sunt,
816 905 883 981 quia
908 921 966 964 una
987 901 1097 983 syllaba
1120 903 1193 965 duas
1216 908 1339 967 varieta-

49 1017 101 1064 stes
118 1005 218 1076 habel,
244 1014 297 1067 aut
317 1005 415 1067 brevis
438 1014 483 1068 est
504 1013 557 1066 out
570 1003 678 1085 lonae]
695 1007 764 1086 quia
787 1005 863 1066 duae
885 1004 1013 1085 syllabae
1030 1013 1171 1084 quattuor
1186 1007 1342 1068 varietates
1415 1053 1428 1072 .,

64 1107 163 1176 habent,
186 1111 259 1186 quia
282 1116 333 1170 aut
354 1108 459 1187 longae
481 1114 550 1169 sont
564 1116 614 1169 aut
629 1107 744 1178 breves,
767 1118 818 1169 aut
833 1125 898 1202 poa
921 1108 1009 1185 longa
1026 1116 1055 1168 et
1077 1126 1136 1170 una
1160 1107 1267 1177 brevis,
1292 1115 1344 1168 aut

65 1227 110 1268 uoa
129 1208 226 1271 brevis
255 1220 288 1272 et
316 1229 375 1272 una
403 1210 499 1288 longa.
544 1208 688 1289 trisyllabi
714 1209 845 1270 sedecim
866 1209 957 1291 pedes
979 1227 1034 1289 per
1055 1212 1212 1271 varietates
1234 1208 1343 1270 similes

65 1312 158 1372 lationt
172 1312 293 1382 XXXII,
319 1310 498 1392 tetrasyllabi
514 1312 665 1389 sexagInta
680 1318 711 1372 et
731 1319 871 1391 quattuor
891 1329 959 1372 cum
979 1307 995 1394 ll
1014 1310 1173 1391 trisyllabis
1192 1313 1341 1390 gemInati.
1450 1319 1457 1334 '

67 1445 96 1454 -
115 1413 180 1474 Ideo
203 1422 365 1494 excepto
388 1413 677 1500 amphibracho,
694 1416 833 1491 quoniam
850 1411 1080 1501 amphibrachus
1094 1421 1176 1476 earet
1190 1415 1342 1485 diuisione,
1356 1427 1389 1476 30

39 1516 120 1592 aquia
139 1535 189 1594 pes
211 1518 266 1594 qui
287 1515 374 1576 illum
389 1517 551 1586 antecedit,
574 1515 803 1600 amphImacrus,
826 1517 957 1595 quinque
978 1524 1114 1596 tempora
1130 1515 1220 1578 habet
1236 1524 1265 1577 et
1286 1518 1342 1577 iste

65 1624 198 1693 quattuor,
222 1637 282 1680 nec
298 1617 418 1696 duplum
443 1624 487 1679 est
498 1638 562 1679 neo
576 1637 702 1698 aequum
718 1636 774 1678 nec
790 1616 958 1697 sescuplum
973 1637 993 1674 a
1033 1621 1037 1690 Ι
1057 1617 1124 1678 ideo
1148 1619 1341 1698 epitritus,
1356 1632 1386 1680 at

66 1720 187 1797 saecuta
203 1729 331 1800 septena
347 1729 496 1799 tempora:
520 1729 550 1782 et
570 1738 700 1801 paeones
721 1721 826 1799 qulna,
849 1719 977 1798 ideoque
999 1721 1115 1798 integra
1138 1719 1242 1781 divIsio
1264 1723 1342 1782 inter

65 1824 143 1901 psas,
170 1841 228 1882 nec
247 1821 347 1901 ¹dupla
370 1823 422 1882 sed
445 1822 580 1901 sescupla
603 1840 668 1882 esse
690 1829 801 1900 potest,
826 1823 895 1900 quia
917 1821 1007 1882 semla
1029 1822 1128 1882 minus
1151 1830 1205 1883 est.
1243 1840 1341 1882 sescu-

66 1925 131 2002 plum
151 1927 229 1984 enim
254 1932 302 1985 est
323 1922 476 1984 dimidium
498 1923 536 1984 de
558 1924 656 2003 duplo.
672 1957 714 1967 -
736 1923 839 1984 Enim
862 1942 974 2003 aequa
998 1921 1134 1984 dlvisio
1157 1931 1224 1985 est:
1239 1929 1343 2002 'aequa
1451 1937 1454 1943 '

40 2025 151 2087 adirisio
173 2045 268 2087 unrrm
293 2033 324 2086 et
345 2045 447 2095 unum,
472 2025 529 2086 duo
553 2033 584 2086 et
604 2025 677 2094 duo;
700 2024 790 2104 dupla
812 2043 904 2087 unum
920 2031 949 2085 et
971 2025 1039 2099 duo,
1064 2024 1122 2086 duo
1145 2033 1175 2086 et
1196 2033 1342 2105 quattuor,
1356 2042 1389 2090 33

67 2137 186 2206 quattuor
201 2137 232 2188 et
253 2137 337 2197 octo;
363 2126 464 2208 [trIpla
481 2127 523 2208 et]
541 2126 677 2208 sescupla
694 2129 750 2187 tria
773 2135 804 2187 et
824 2127 882 2187 duo
905 2137 956 2188 aut
978 2125 1036 2188 duo
1060 2135 1090 2188 et
1111 2129 1176 2188 tria.
1208 2129 1343 2208 quotiens

66 2249 112 2290 uua
131 2250 197 2310 pars
219 2230 347 2292 alteram
369 2238 485 2311 partem
509 2230 666 2294 medietate
688 2231 781 2309 partis
804 2231 909 2299 vlnoit,
932 2238 1003 2290 tuno
1026 2229 1160 2310 sescupla
1182 2237 1240 2300 est,
1264 2239 1296 2291 ut
1311 2231 1342 2290 in

66 2332 219 2409 paeonibus.
247 2330 358 2412 [aequa
374 2331 532 2412 dactulica]
556 2330 788 2413 amphibrachus
802 2331 913 2392 nullam
935 2331 972 2392 de
994 2331 1091 2392 tribus
1113 2329 1202 2392 habet
1224 2331 1342 2392 divisio-

68 2451 134 2502 nem,
155 2435 312 2514 quoniam,
335 2437 360 2495 si
382 2435 510 2495 mediam
533 2432 650 2512 longam
672 2433 710 2508 ad
733 2435 814 2495 arsin
836 2433 960 2504 adicias,
985 2440 1046 2494 tres
1070 2440 1159 2494 erunt
1178 2436 1209 2494 in
1233 2436 1291 2495 arsi
1315 2442 1343 2520 et

41 2553 112 2594 aona
132 2537 160 2595 in
174 2537 274 2606 thesi}
294 2539 319 2597 si
340 2536 377 2598 ad
398 2537 494 2598 thesin
514 2535 671 2607 adhibeas,
695 2555 787 2597 unum
816 2537 874 2597 erit
897 2534 1016 2616 [unum]
1041 2545 1157 2615 tempus
1179 2538 1209 2596 In
1232 2538 1291 2596 arsi
1315 2544 1343 2595 et

68 2638 111 2696 tria
130 2639 158 2698 lo
177 2639 274 2708 thesI,
303 2657 378 2718 quae
404 2659 453 2701 res
481 2657 537 2699 nec
564 2656 689 2718 aequam
714 2657 769 2698 nec
792 2637 912 2718 duplam
935 2655 990 2698 nec
1011 2637 1175 2718 sescuplam
1198 2639 1343 2716 signilirat

68 2738 232 2802 diuisionem.
263 2739 401 2801 similiter
424 2751 453 2802 et
475 2742 587 2820 epitriti
608 2747 749 2817 quattuor
768 2775 810 2784 -
824 2740 932 2800 lletri
947 2739 1061 2818 pedes
1076 2739 1252 2818 legitimI:
1278 2737 1343 2819 [qui
1355 2748 1388 2797 35

68 2838 144 2925 snut}
161 2841 322 2911 naturales,
344 2844 376 2902 in
399 2840 519 2904 heroico
541 2842 698 2922 spondium
723 2842 805 2902 nothi
828 2843 1006 2921 degeneres,
1030 2849 1062 2902 ut
1084 2844 1110 2903 si
1132 2842 1213 2904 dicas
1234 2842 1342 2904 nothus

68 2941 96 3000 de
113 2954 190 3022 patre
212 2943 309 3005 nobili
331 2952 361 3005 et
382 2951 476 3006 matre
498 2943 646 3026 ignobili]
679 2943 804 3021 legitimi
826 2953 895 3005 sunt
917 2945 1055 3024 spondet,
1080 2947 1147 3025 quia
1170 2945 1258 3024 primi
1285 2945 1342 3022 ipsi

20 3045 159 3121 ⁸starenti
183 3055 255 3107 sunt
283 3054 312 3107 et
339 3065 375 3106 ex
401 3048 473 3126 ipsis
500 3046 550 3107 alii
576 3047 646 3108 lacti
673 3048 755 3107 nothi
785 3044 979 3128 [simplices];
1007 3047 1092 3108 nothi
1119 3045 1244 3115 dactuli,
1273 3047 1341 3125 quia

71 3144 146 3206 lraeta
172 3147 286 3226 syllaba
314 3148 437 3228 spondei
460 3150 555 3209 lactus
577 3156 621 3210 est
643 3148 765 3219 nothus,
788 3148 859 3209 inde
881 3150 1015 3211 lenticius
1040 3147 1087 3229 [ut
1108 3148 1257 3225 VergiIius

205 3252 405 3330 supposita
425 3251 467 3310 de
489 3259 605 3312 matre
629 3250 761 3312 nothos
782 3251 906 3312 lurata
929 3249 1101 3330 creavit]

546 3438 596 3499 tta
617 3437 847 3500 accanrtavs

136 3559 282 3619 docentus
311 3557 419 3619 dicitur
445 3559 574 3638 partIum
603 3558 754 3618 orationis.
805 3557 875 3637 quid
902 3558 993 3635 igitur
1020 3564 1158 3618 accentus
1185 3557 1341 3619 dicuntur?
1354 3565 1441 3628 alna

47 3663 95 3713 set
109 3660 165 3718 toni
178 3659 320 3722 dibuntur
342 3667 373 3720 et
394 3668 522 3722 tenores.
554 3667 658 3721 acutus
673 3660 724 3740 qui
738 3663 849 3721 cursim
871 3661 1034 3740 protertur,
1058 3668 1091 3722 ut
1105 3659 1196 3730 drma,
1214 3679 1338 3723 excusso

125 3879 179 3934 dod.
198 3882 281 3936 aem.
299 3881 322 3931 V
340 3881 428 3935 3——t.
518 3881 532 3932 1
558 3880 678 3930 dicuntur
700 3881 777 3931 latine
800 3880 882 3945 (corr.
910 3881 983 3944 mae)
1006 3883 1198 3932 coniunctiones
1222 3882 1339 3934 dicuntur

74 3944 171 4015 deinceps
240 3948 350 4018 lihaec]
371 3951 420 4001 hoc
489 3948 594 4015 lquor]
611 3965 660 4014 quo
730 3949 800 4016 suot]
816 3953 868 4002 sirit
937 3952 1063 4004 abatem
1133 3963 1177 4004 aut
1196 3952 1274 4020 longa
1291 3969 1337 4006 orn.

124 4021 294 4087 'ltressyllabi
311 4037 378 4072 corr.
397 4021 524 4088 trisyllabi
594 4020 611 4071 8
626 4019 735 4088 XXXII]
757 4019 851 4073 xxxo
921 4022 1110 4074 oenobreche
1169 4023 1339 4074 amflbrachus

126 4091 281 4143 amilmacrus
353 4091 381 4141 11
402 4107 449 4142 nec
467 4107 555 4142 aecum
573 4106 619 4141 nec
635 4092 799 4158 semcuplum
871 4092 903 4144 12
932 4090 1002 4159 quia]
1025 4109 1075 4157 qua
1144 4093 1237 4157 ideque
1306 4092 1339 4143 1a

76 4163 213 4228 sessuscupla
230 4179 300 4214 corr.
322 4164 367 4211 sad
384 4162 501 4228 sescupla
573 4162 605 4212 14
625 4164 693 4211 enim
710 4177 726 4211 a
744 4177 794 4226 qua
811 4162 907 4213 diuisi0
981 4163 1013 4214 Id
1030 4163 1190 4214 medietatem
1210 4171 1281 4228 parte
1294 4203 1300 4213 .
1314 4164 1336 4210 is

129 4232 155 4281 tt
172 4231 341 4284 amhbrachne
359 4232 429 4283 nulla
501 4231 534 4282 la
551 4231 585 4281 ad
602 4233 667 4282 arsis
738 4232 842 4284 adibeas
911 4231 946 4283 20
967 4234 992 4282 iu
1017 4234 1086 4284 arsin
1105 4243 1129 4283 et
1146 4235 1195 4283 tria
1212 4234 1237 4284 in
1257 4233 1339 4282 thesin

83 4301 152 4374 121
171 4317 215 4352 uec
232 4303 341 4368 duplum
360 4317 407 4352 nec
430 4301 579 4367 sescuplum
649 4311 673 4351 et
691 4303 784 4368 epitriti
804 4313 829 4352 et
848 4310 966 4366 quattuor
1034 4302 1068 4354 23
1087 4306 1161 4354 matri
1231 4301 1266 4354 29
1283 4317 1340 4354 ara-

76 4367 141 4435 toris]
162 4383 288 4424 oratorum
359 4373 420 4436 qnid
439 4373 518 4439 igitur
535 4372 614 4424 edidit
627 4373 777 4433 Palaebisca,
794 4373 853 4423 malet
874 4389 930 4425 eaee
951 4373 1084 4426 uidebatur
1101 4374 1236 4438 quidicitur
1305 4371 1340 4424 30

77 4450 154 4490 tonum
221 4459 291 4493 arma
309 4451 336 4494 et
353 4459 424 4495 roma
441 4443 572 4494 maeoniis
591 4451 734 4494 accentum:
1194 4455 1200 4468 ·

78 4559 125 4569 ·“.

128 4632 141 4679 I
155 4634 265 4694 sorim
277 4643 329 4686 tres
344 4634 460 4700 syllabae
476 4642 541 4695 octo,
556 4642 675 4697 quattuor
688 4632 803 4698 syllabae
815 4633 927 4684 sedecim
943 4633 1023 4700 pedes
1039 4648 1084 4698 per
1096 4634 1231 4684 varietates
1243 4633 1340 4684 slmiles

80 4693 159 4755 belant
193 4707 241 4755 aed
260 4711 400 4768 praeterea
418 4705 450 4754 de
476 4705 633 4766 expositione
653 4705 743 4766 pedam
768 4704 914 4767 duplicium,
939 4705 975 4754 od
999 4720 1072 4770 quam
1088 4706 1187 4770 reliquo
1203 4705 1340 4769 pertinent,

80 4771 176 4826 Μαι
191 4777 317 4826 cecidisse
333 4791 437 4826 necesse
454 4782 493 4825 eet
563 4774 596 4824 12
613 4782 720 4840 septena
737 4788 853 4840 tempora
871 4775 946 4824 habet
964 4783 990 4823 et
1008 4789 1117 4840 paeones
1135 4773 1278 4829 Putecdius.
1297 4781 1341 4824 aut

80 4846 121 4886 nte
135 4841 187 4892 ideo
201 4852 245 4894 oui
257 4853 318 4909 poet
334 4853 449 4911 tempora
465 4843 588 4910 quaedam
603 4844 635 4894 de
651 4844 795 4907 definitione
808 4847 964 4911 epitritorum
981 4843 1237 4898 exonerabimur
1305 4845 1339 4894 26

79 4903 194 4980 t'ogittas]
209 4915 273 4967 Aen.
287 4917 334 4966 Vll
348 4915 400 4968 283
452 4915 487 4966 29
501 4915 617 4980 fortasse
629 4925 749 4968 accentus
764 4915 858 4967 dicitnr
872 4916 945 4981 quasi
961 4915 1084 4968 adcantus
1095 4915 1205 4984 partium
1219 4915 1339 4968 orationis
