3350 5442
680 387 751 464 tos
1322 386 1360 464 ti

1162 520 1183 562 p.
1197 511 1297 551 wne-vt
1311 507 1335 548 P.

83 593 172 665 luerit,
194 609 363 673 pronomen
387 590 456 660 erit;
480 591 506 650 si
527 599 645 670 tempus
668 588 779 660 solum,
795 584 810 672 Η
824 590 1013 670 participium
1036 590 1100 650 erit
1147 606 1218 669 ergo
1240 597 1473 668 tempusebe,11

83 709 103 760 ει
130 713 253 778 persona
277 692 412 776 :verbum
446 693 564 754 iaciunt.
602 726 639 736 -
674 690 907 752 lncboativa:
940 690 1124 752 inchoativae
1151 692 1265 752 formae
1288 691 1362 752 baec

81 799 174 860 debent
195 814 379 875 congruere,
409 803 441 856 ut
463 795 575 855 oriatur
597 813 613 854 a
637 791 762 854 neutrali
784 792 890 862 verbo,
922 793 1007 852 utin
1029 811 1080 854 sco
1103 791 1244 874 syllabam
1268 800 1360 863 exeat,

80 911 107 960 ut
125 900 224 960 tertiae
247 900 287 959 sit
308 898 523 976 coniugationis
546 913 679 975 semper,
710 902 742 955 ut
764 885 865 956 ealreat
887 902 1020 973 tempore
1043 894 1174 974 perlecto
1200 891 1206 978 l
1230 903 1260 956 et
1281 894 1361 974 plus·

60 1003 289 1082 aquamperlecto
319 1009 348 1061 et
374 999 530 1080 participio
559 997 649 1058 luturi
681 997 838 1075 temporis:
873 993 988 1057 calesco
1014 998 1180 1075 praesentis
1208 1000 1361 1076 temporis,

79 1103 247 1165 calescebam
270 1101 447 1179 inperfecti,
476 1099 620 1162 calesoam
642 1098 743 1159 futuri.
773 1131 816 1142 -
844 1099 1142 1177 Coniugationes
1164 1098 1361 1160 verborum
1377 1110 1407 1158 ιε

78 1216 154 1286 ιμιιιι
174 1205 297 1266 suntl:
321 1202 405 1262 multi
420 1201 523 1262 volunt
543 1209 606 1262 tres
628 1201 851 1278 coniugationes
874 1218 952 1270 esse,
977 1200 1060 1261 multi
1083 1207 1232 1280 quattuor.
1264 1209 1362 1262 tamen

78 1306 197 1385 singulae
228 1306 306 1366 banc
334 1305 447 1365 babent
473 1302 616 1380 regulam.
661 1303 757 1382 prima
785 1303 952 1379 coniugatio
980 1321 997 1362 a
1024 1301 1198 1382 productam
1221 1302 1311 1364 babet
1331 1305 1362 1363 io

78 1411 159 1470 activo
179 1406 274 1469 verbo
297 1415 327 1468 et
349 1404 475 1467 neutrali
497 1407 528 1465 in
551 1403 680 1466 secunda
703 1422 832 1483 persona
855 1412 923 1465 ante
938 1401 1083 1474 litteram,
1098 1405 1129 1464 iu
1151 1406 1266 1485 passive
1282 1391 1362 1466 com·

51 1531 69 1566 ιι
78 1512 148 1572 muni
171 1517 200 1571 ει
224 1509 385 1590 deponenti
402 1517 470 1570 ante
484 1506 640 1587 syllabam,
664 1512 697 1567 ut
711 1504 798 1566 laudo
813 1505 926 1575 laudas,
941 1503 1046 1565 laudor
1061 1505 1201 1568 laudaris.
1231 1507 1362 1568 secunda

77 1623 114 1673 εει
139 1631 212 1692 quae
246 1614 278 1671 iu
305 1612 401 1671 activo
428 1609 519 1671 verbo
548 1615 578 1669 et
605 1606 732 1668 neutrali
765 1626 781 1667 e
814 1607 988 1686 productam
1016 1607 1106 1668 babet
1138 1615 1206 1670 ante
1239 1611 1362 1670 novissi·
1420 1593 1425 1603 ⁴

79 1733 144 1776 mant
166 1712 306 1787 litteram,
331 1714 447 1792 passivo
470 1711 620 1771 communi
642 1709 804 1788 deponenti
826 1717 894 1770 ante
917 1708 1069 1788 syllabam,
1093 1718 1126 1770 ut
1147 1709 1240 1770 docco
1263 1711 1361 1778 doces,

77 1816 175 1876 doceor
198 1815 328 1876 doceris.
375 1815 459 1875 tertia
484 1819 529 1872 est
550 1829 626 1892 quac
649 1813 679 1871 in
703 1812 797 1872 activo
820 1809 911 1871 verbo
935 1819 965 1871 et
992 1810 1121 1872 neutrali
1143 1812 1273 1874 secunda
1294 1831 1362 1892 per·

75 1935 136 1978 sona
157 1917 167 1976 i
188 1924 360 1995 correptam
383 1914 473 1974 babet
495 1921 563 1974 ente
584 1912 727 1983 litteram,
758 1922 790 1974 nt
812 1912 911 1974 scribo
933 1912 1049 1974 scribis.
1095 1923 1198 1992 quarta
1220 1909 1266 1975 es't
1286 1932 1362 1994 quae

49 2022 101 2078 uin
126 2019 219 2078 activo
249 2016 341 2077 verbo
371 2024 400 2077 et
428 2015 554 2076 neutrali
582 2015 710 2076 secunda
739 2033 866 2094 persona
896 2022 965 2076 ante
992 2015 1122 2078 litteram
1150 2017 1159 2075 i
1187 2015 1360 2095 productam

75 2119 167 2190 babet,
188 2115 193 2200 Ι
212 2121 245 2180 iu
267 2121 385 2198 passivo
407 2125 475 2178 ante
499 2115 656 2196 syllabam,
680 2124 711 2178 ot
734 2116 821 2177 audio
838 2116 935 2186 audis,
959 2116 1064 2176 audior
1079 2116 1200 2178 audiris.
1239 2125 1269 2178 et
1290 2136 1361 2178 sane

75 2219 226 2281 notandum
251 2219 329 2300 quod
352 2221 446 2298 prima
471 2218 600 2280 secunda
624 2225 653 2278 ει
675 2225 777 2298 quarta
801 2220 967 2296 coniugatio
989 2218 1152 2298 productae
1173 2227 1251 2290 sunt,
1275 2222 1362 2281 tertia

73 2322 127 2383 sola
148 2331 297 2402 correpta.
325 2357 362 2364 —
388 2322 514 2382 Octavus
536 2318 641 2380 modus
663 2319 782 2398 quidem
806 2320 913 2381 dicitur
936 2322 1125 2382 concessivus
1142 2320 1200 2382 boc
1215 2320 1360 2402 exemplo,

74 2433 100 2482 nt
120 2425 180 2484 ‘iac
196 2425 282 2503 quasi
298 2423 409 2482 dixeris
418 2428 437 2493 ²,
462 2421 539 2502 qdod
563 2421 763 2501 conpendiosa
786 2422 896 2483 locutio
913 2424 1033 2484 invenit.
1050 2457 1094 2467 —
1108 2422 1360 2493 ludicatirus,

44 2528 128 2606 equi
150 2534 184 2586 et
207 2525 532 2604 pronuntiativus:
556 2525 636 2584 inter
658 2525 865 2603 promissivum
890 2531 920 2583 ει
940 2523 1131 2584 indicativum
1155 2524 1211 2586 boc
1226 2527 1359 2586 interest.

75 2629 266 2706 promittimus
290 2634 403 2688 tantum
428 2626 540 2695 lutura,
565 2624 729 2685 indicamus
753 2626 889 2686 omnibus
911 2625 1104 2706 temporibus.
1149 2625 1239 2688 verba
1261 2629 1361 2706 inper-

74 2730 176 2792 sonalia
204 2737 332 2790 currunt
357 2747 411 2807 per
439 2728 557 2797 modos,
586 2725 708 2804 legitur,
737 2725 908 2804 legebatur,
931 2726 1040 2788 lectum
1064 2735 1123 2797 est,
1154 2728 1264 2790 lectum
1287 2735 1359 2799 crat,

73 2831 170 2892 lectum
199 2832 314 2899 luernt,
345 2828 475 2907 legetur;
503 2830 678 2910 imperativo
706 2828 795 2889 modo
825 2829 956 2906 legatur,
986 2831 1114 2908 optativo
1136 2830 1225 2891 modo
1247 2832 1360 2891 utinam

72 2932 230 3011 legeretur,
260 2933 372 2992 utinam
402 2931 510 2994 lectum
541 2937 639 2999 esset,
670 2931 781 2990 utinam
808 2930 917 2992 lectum
946 2933 1065 3001 luisset,
1094 2934 1208 2994 utinam
1235 2932 1359 3012 legatur.

44 3035 106 3094 sita
128 3035 222 3094 currit
245 3052 301 3112 per
322 3033 428 3094 modos
450 3032 607 3094 declinatio
631 3034 721 3092 totius
744 3032 841 3093 verbi:
865 3053 926 3094 uon
941 3041 1010 3095 sunt
1026 3033 1116 3094 modi.
1145 3034 1271 3111 gerundi
1291 3053 1361 3094 vero

71 3137 130 3197 ideo
151 3137 234 3198 modi
257 3143 317 3196 non
341 3142 419 3204 sunt,
445 3129 512 3213 q'uia
536 3135 672 3196 videntur
695 3136 778 3211 quasi
801 3135 1045 3212 significationem
1068 3134 1180 3196 babere
1200 3138 1359 3217 participii.

73 3257 131 3298 nam
153 3237 275 3318 quando
298 3235 365 3296 dico
385 3234 390 3318 Ι
409 3235 542 3315 legendi,
566 3238 720 3315 genetivus
744 3235 859 3296 videtur
882 3255 948 3297 esse
969 3233 983 3321 ΙΙ
1003 3237 1151 3316 participii
1172 3239 1264 3300 ivrturi
1286 3247 1360 3302 tem·

73 3343 144 3419 poris
174 3361 190 3402 a
222 3341 356 3420 passivo,
387 3356 563 3418 quamquam
591 3338 646 3400 alia
674 3338 864 3416 significatio,
893 3337 1020 3416 legendo
1042 3338 1169 3409 dativus,
1200 3339 1360 3419 legendnm

73 3443 261 3504 accusativus
293 3440 402 3502 lectum
425 3458 495 3501 vero
517 3443 600 3520 quasi
622 3441 807 3501 accusativus
829 3446 876 3499 est
896 3442 1050 3519 praeteriti
1072 3443 1217 3520 temporis
1239 3443 1359 3521 partici-

46 3545 115 3621 spii.
139 3540 255 3628 [quasi:
280 3542 418 3605 videntur
442 3542 544 3604 eadem
568 3561 647 3612 esse,
672 3561 739 3602 curn
761 3559 821 3602 non
845 3536 926 3624 sint]

145 3645 275 3706 Formae
308 3645 347 3704 ita
377 3643 488 3705 debent
515 3645 660 3715 ordinari,
696 3652 727 3704 ut
754 3645 852 3723 prima
878 3646 916 3703 sit
944 3643 1126 3714 meditativa,
1156 3645 1286 3706 secunda
1314 3647 1431 3726 innuo,
1447 3663 1478 3712 to

73 3745 212 3818 cboativa,
238 3748 323 3808 tertia
346 3747 494 3825 perlecta,
518 3754 621 3825 quarta
644 3746 873 3825 frequentativa,
896 3745 964 3806 ideo
978 3747 1046 3826 quia
1068 3763 1191 3808 necesse
1213 3754 1259 3808 est
1279 3750 1362 3827 prius

73 3855 99 3908 ut
124 3847 321 3918 meditemur,
351 3847 475 3918 deinde,
509 3865 576 3909 curn
603 3847 737 3908 meditati
767 3849 928 3917 fuerimus,
962 3855 994 3908 ut
1020 3848 1211 3922 inchoemus,
1243 3849 1359 3921 deinde,

73 3969 131 4012 rum
151 3949 408 4019 inchoaverimus,
433 3958 466 4010 ut
488 3951 689 4030 perficiamus,
713 3950 835 4021 deinde,
860 3968 928 4011 cum
951 3951 1150 4022 effecerimus,
1174 3959 1207 4013 ut
1220 3952 1359 4030 frequen·

48 4059 169 4114 alemus.
214 4053 273 4116 iste
296 4053 418 4114 confuse
439 4051 504 4114 lllas
525 4055 633 4132 posuit.
671 4052 837 4113 meditativa
860 4053 956 4114 forma
977 4070 1038 4113 non
1060 4052 1172 4132 aliquid
1194 4073 1249 4115 uos
1270 4072 1360 4133 agere

134 4259 194 4310 coa.
215 4257 294 4308 Beru.
314 4259 336 4308 ll
360 4253 464 4308 6-t*.
534 4255 658 4324 licerit]
687 4257 753 4308 derit
829 4255 978 4307 boriantnr
1047 4257 1173 4323 syllanum
1198 4266 1292 4308 exeunt

75 4329 150 4377 isint
238 4329 398 4393 inpraesenti
412 4327 534 4392 temporie
622 4327 793 4393 binperteoi
812 4343 859 4380 om.
946 4326 1049 4391 7quod
1073 4335 1132 4376 snut
1218 4326 1357 4395 8bub'ent]

76 4395 139 4447 lubet
208 4397 364 4464 aproductc
433 4397 493 4450 eet
511 4399 623 4448 neutrale
691 4406 750 4448 ente
765 4394 850 4447 littera
921 4397 954 4448 10
970 4407 1028 4446 ente
1046 4397 1146 4462 syllana
1217 4398 1246 4448 ll
1268 4413 1357 4463 epro-

76 4467 137 4516 ducta
212 4466 245 4518 13
261 4467 417 4530 tertiaequae
435 4469 460 4516 in
479 4467 562 4517 aetina
633 4467 665 4517 15
682 4467 794 4517 secunda
809 4482 945 4531 personum
999 4467 1151 4534 iproducta
1223 4465 1254 4518 ltt
1272 4465 1356 4535 qnasi]

78 4537 125 4596 quia
194 4537 232 4587 20
248 4539 292 4602 qui
311 4547 350 4587 est
365 4539 568 4604 pronuntietibua
637 4535 671 4588 '23
690 4534 801 4604 legetur]
824 4537 953 4604 legeretur
1022 4537 1057 4589 26
1074 4534 1158 4604 quusi]
1181 4538 1289 4601 quiiam

78 4603 187 4670 taquam
206 4608 258 4657 ulia
328 4607 360 4658 31
380 4609 471 4658 utrima
539 4607 573 4661 35
592 4608 654 4658 latae
671 4607 793 4659 contusae
863 4607 953 4672 eliquit

134 4833 165 4884 tu
183 4833 339 4882 indicativus
352 4832 394 4896 qui
408 4840 433 4881 et
445 4833 649 4898 pronuntiativus
662 4835 778 4886 Donatus
791 4849 820 4897 p.
841 4831 902 4890 381,
923 4830 955 4881 18
1024 4830 1056 4882 21
1076 4837 1174 4880 tantum
1192 4823 1279 4882 lut'uro
1296 4831 1358 4883 Put-

83 4899 147 4950 tdr'uc
218 4901 252 4952 26
270 4899 357 4968 quusi]
379 4903 506 4966 quandam
522 4902 656 4955 haedina
725 4901 759 4952 34
777 4900 961 4967 perfecerimus
976 4899 1110 4954 Poucdive

120 4991 296 5035 enmnnncr
310 4992 401 5035 ιιιιιιιι
416 4993 443 5037 v.
1136 4985 1159 5052 2
