3350 5442
311 324 374 389 324
782 321 919 384 tvttuut
941 319 1136 384 Extenuat

312 516 450 583 tiatione,
480 518 617 591 quattuor
645 513 762 591 species
789 509 894 580 babet,
923 528 978 591 ρετ
1006 526 1080 587 quas
1108 507 1310 571 barbarismus
1338 509 1482 577 efficitur,
1512 506 1603 568 idest
1642 514 1643 595 y

311 616 475 677 adiectione
507 613 692 675 detractione
723 614 928 674 immutatione
968 620 998 674 et
1030 613 1287 673 transmutatione:
1327 611 1452 672 adiectio
1492 608 1601 668 litterae
1642 618 1643 693 t

310 717 441 799 syllabae
475 717 619 797 temporis
636 717 715 776 'toni
747 716 954 795 aspirationis,
988 714 1133 777 detractio
1160 712 1276 776 litterae
1302 713 1432 792 syllabae
1465 713 1602 791 temporis
1642 696 1643 759 ss

311 821 373 881 toni
400 821 601 899 aspirationis.
646 817 772 880 adiectio
799 816 932 888 litterae,
962 819 1039 878 sicut
1067 815 1283 894 ‘relliquias
1316 816 1514 884 Dauaom’,
1543 832 1602 873 cum

309 921 451 1000 reliquias
479 940 534 1002 ρετ
562 938 652 980 unum
680 918 690 978 l
718 919 818 980 dicere
847 918 1023 987 debeamus,
1056 926 1086 979 et
1113 916 1280 980 audiveram
1309 936 1365 998 pro
1387 916 1620 984 audieramus

310 1024 414 1102 legites
437 1042 493 1102 pro
516 1023 614 1101 legite.
652 1041 706 1102 ρετ
728 1022 924 1083 adiectionem
948 1020 1091 1101 syllabae,
1116 1029 1149 1080 ot
1171 1024 1255 1080 ‘uos
1277 1018 1417 1081 abiisse
1439 1020 1534 1079 rati'
1555 1037 1602 1096 pro

311 1124 417 1186 abisse.
463 1142 517 1206 ρετ
540 1125 735 1185 adiectionem
757 1125 917 1204 temporis,
940 1132 972 1184 ut
1000 1121 1163 1185 ‘ltaliam
1190 1123 1267 1182 lato
1294 1121 1510 1202 prologus’,
1543 1139 1600 1180 cum

310 1226 391 1289 ltalia
414 1234 552 1307 correpta
575 1228 669 1306 prima
692 1225 789 1287 littera
812 1225 913 1287 dicere
935 1225 1105 1286 debeamus.
1151 1227 1223 1285 item
1246 1241 1300 1304 per
1322 1223 1542 1284 detractionem
1561 1220 1601 1280 lit-

310 1337 407 1399 terae,
431 1330 508 1390 sicut
530 1328 670 1389 iulatibus
692 1347 747 1409 pro
769 1327 943 1398 infantibus,
967 1336 997 1388 et
1018 1329 1165 1388 nutrirem
1187 1345 1241 1406 pro
1264 1326 1444 1394 nutrieram;
1469 1323 1600 1404 syllabae,

312 1439 344 1490 ut
366 1431 543 1492 salmentum
566 1449 620 1510 pro
644 1429 821 1491 salsamento
844 1429 888 1490 vel
912 1437 1106 1510 paumentum
1125 1447 1181 1509 pro
1203 1421 1389 1508 pavimento;
1413 1446 1470 1506 per
1493 1427 1627 1485 detrec-u

312 1533 424 1592 tionem
446 1535 604 1612 temporis,
629 1539 661 1592 ut
683 1533 810 1593 ‘unius
832 1529 878 1590 ob
901 1535 1049 1611 noxam’
1071 1551 1126 1611 pro
1142 1532 1243 1592 unitus:
1267 1531 1298 1591 ui
1321 1531 1400 1590 enim
1424 1527 1536 1609 syllaba
1557 1548 1600 1588 ua·

312 1633 445 1696 turaliter
473 1634 561 1713 longa
591 1642 635 1694 est
663 1641 692 1693 et
719 1632 785 1694 loeo
813 1632 912 1694 brevis
940 1640 986 1694 est
1012 1635 1117 1712 posita.
1160 1635 1232 1692 item
1255 1633 1460 1692 immutatione
1484 1631 1599 1698 litterae,

311 1737 387 1796 sicut
409 1735 461 1796 olli
482 1755 537 1816 pro
561 1734 617 1803 illi:
641 1733 785 1816 syllabae,
808 1743 847 1802 ut,
863 1737 1023 1816 permicies
1037 1755 1094 1816 pro
1108 1736 1273 1816 pernicies;
1296 1753 1351 1814 per
1373 1736 1598 1795 immutationem

311 1841 470 1918 temporis,
500 1845 535 1899 ut
561 1837 728 1899 ‘terrere
750 1837 968 1908 Leucateu',
997 1857 1065 1899 cum
1088 1837 1220 1907 terrere,
1250 1838 1274 1897 si
1296 1836 1447 1898 secundae
1469 1837 1598 1913 coniuga-

312 1941 402 2002 tiouis
426 1947 478 2012 est,
502 1939 648 2020 producte
671 1939 729 1999 dici
752 1937 873 2000 debeat:
897 1958 933 2001 τε
955 1941 1033 2000 enim
1057 1937 1169 2020 syllaba
1191 1937 1279 2016 longa
1303 1948 1347 1999 est
1369 1947 1400 1999 et
1421 1936 1489 1997 loco
1511 1937 1625 1997 Ιττεείετ1

313 2050 357 2102 est
379 2044 483 2120 posita.
521 2041 669 2102 Leucaten
693 2059 762 2101 vero
785 2050 916 2103 montem
939 2042 1012 2102 dicit
1033 2040 1168 2120 Apuliae,
1192 2038 1243 2100 ubi
1265 2038 1376 2101 bellum
1399 2042 1492 2118 gessit
1511 2040 1598 2117 Augu·

312 2151 374 2204 stus
397 2161 464 2204 cum
487 2144 615 2205 Antonio
639 2151 668 2204 et
690 2143 855 2222 Cleopatra.
900 2146 972 2206 item
994 2161 1049 2223 ρετ
1071 2143 1349 2204 transmutationem
1371 2141 1504 2212 litterae,
1532 2143 1599 2202 sicut

311 2245 451 2306 Euandre
480 2265 536 2325 pro
565 2245 704 2306 Euander
725 2242 771 2305 vel
800 2245 955 2325 intrepella
979 2265 1035 2325 pro
1057 2243 1229 2325 interpella;
1253 2263 1307 2323 ρετ
1329 2246 1596 2306 transmutationem

312 2346 458 2428 syllabae,
483 2349 560 2410 sicut
583 2347 738 2428 displicina
754 2366 808 2427 pro
824 2347 995 2428 disciplina;
1020 2348 1178 2426 temporis,
1201 2354 1234 2406 ut
1256 2346 1347 2425 siquis
1369 2345 1441 2406 deos
1464 2346 1595 2425 producta

311 2451 412 2529 priore
432 2449 543 2530 syllaba
566 2457 595 2510 et
617 2455 754 2529 correpta
777 2452 945 2528 posteriorc
969 2451 1151 2530 pronuntiet.
1605 2468 1622 2501 ‚u

873 2550 890 2587 ἠ
954 2551 973 2588 8
1031 2551 1050 2590 ²lt

338 2696 360 2737 ¹³·
374 2685 399 2725 ³⁹
415 2684 438 2724 st
855 2686 904 2748 bu
926 2687 1063 2749 rueris

397 2806 563 2886 Metalepsis
587 2813 631 2867 est
652 2806 741 2867 dictio
763 2806 908 2884 gradatim
931 2825 1059 2887 pergens
1081 2805 1118 2867 ad
1137 2804 1169 2866 id
1184 2804 1262 2882 quod
1286 2804 1430 2876 osteudit,
1454 2814 1486 2865 ut
1506 2807 1594 2884 ‘spe-

311 2906 436 2968 luncis
459 2907 605 2970 abdidit
627 2910 737 2969 atris'
762 2916 791 2968 et

464 3018 546 3090 post
568 3009 714 3090 aliquot·
733 3029 807 3072 urea
831 3028 945 3089 regua
969 3010 1095 3072 videns
1118 3008 1284 3071 mirabor
1306 3012 1456 3070 aristas.

313 3130 367 3192 ρετ
390 3113 495 3172 aristas
517 3130 611 3172 annos
634 3131 670 3172 ox
693 3112 838 3173 fructibus
854 3121 1020 3193 computat:
1043 3132 1112 3175 uam
1127 3132 1182 3193 ρετ
1197 3115 1302 3173 aristas
1318 3130 1424 3190 grana,
1448 3131 1501 3192 per
1515 3125 1622 3188 granas·

313 3215 384 3274 anni
405 3215 562 3292 significati
586 3223 669 3285 sunt,
693 3233 748 3294 pro
765 3234 800 3274 eo
816 3214 893 3294 quod
917 3214 1040 3292 singulis
1062 3217 1149 3277 aunis
1171 3236 1188 3276 a
1210 3223 1290 3275 terra
1312 3213 1500 3292 colliguntur.
1527 3212 1593 3272 dicu

314 3323 410 3376 autem
440 3315 610 3396 metalepsis
639 3315 676 3376 ab
706 3335 740 3376 co
769 3317 848 3396 quod
876 3317 1029 3398 praecedit
1055 3317 1086 3378 id
1115 3316 1192 3397 quod
1224 3317 1373 3396 sequitur,
1409 3323 1441 3376 ut
1468 3312 1594 3376 ‘scelus

234 3413 237 3420 ’
314 3419 541 3497 expendisse
564 3420 802 3478 merentem':
828 3418 924 3479 scelus
947 3421 1027 3479 enim
1048 3422 1148 3499 posuit
1169 3438 1224 3497 pro
1247 3437 1351 3498 poena.
1397 3419 1467 3478 item
1489 3417 1593 3477 Persius

464 3522 579 3598 inque
602 3539 729 3581 manus
751 3520 909 3581 chartae
932 3521 1145 3600 nodosaque
1169 3521 1269 3580 veuit
1291 3519 1446 3580 arundo:

312 3640 382 3682 uam
409 3641 463 3702 ρετ
494 3640 613 3682 manum
640 3621 745 3692 uerba,
777 3641 831 3700 ρετ
860 3622 1038 3683 arundinem
1067 3622 1183 3683 litterae
1212 3622 1393 3699 significatae
1415 3630 1491 3683 suut.
1533 3623 1621 3680 itemo

315 3724 407 3784 Varro
431 3727 580 3800 ‘ponam
603 3723 788 3785 bisulcam
813 3731 848 3785 et
871 3723 1184 3787 crebrinodosam
1207 3723 1454 3785 arundinem'.

382 3927 553 3995 trelliqoios]
580 3931 659 3994 Very.
679 3929 743 3984 Aen.
770 3931 780 3979 1
802 3930 836 3981 30
905 3929 922 3978 o
943 3926 1000 3994 uos]
1026 3931 1105 3992 Verp.
1123 3928 1188 3980 Aen.
1212 3928 1283 3978 1125
1354 3928 1370 3976 7
1396 3925 1500 3994 ltaliam]
1525 3927 1590 3988 Verp.

313 3997 403 4052 Aeni
424 4003 440 4048 2
512 4001 542 4050 11
562 3998 650 4065 umus]
676 4001 754 4064 Verp.
775 4001 839 4048 Aen.
861 4002 867 4047 Ι
887 3999 921 4048 40
1009 3999 1041 4048 14
1064 3996 1174 4064 fervere]
1197 3999 1274 4062 Verp.
1294 3999 1359 4051 Aen,
1379 3999 1436 4046 Vlll
1454 3997 1502 4048 uta
1564 3994 1591 4042 ’ἴὶ

312 4068 453 4136 speluncis]
478 4071 556 4134 Verp.
577 4069 643 4124 Aen.
668 4071 678 4119 1
699 4071 733 4120 60
802 4072 834 4118 'll
856 4067 924 4136 post]
947 4070 1028 4134 Very,
1050 4067 1131 4119 bucol.
1154 4071 1175 4131 Ι,
1193 4068 1227 4118 70
1298 4071 1332 4117 26
1351 4068 1467 4132 singulos
1486 4062 1591 4114 annosti

384 4142 417 4190 27
440 4137 534 4205 scelus]
561 4141 639 4205 Verp.
657 4140 719 4189 Aere.
741 4141 759 4186 ll
779 4140 831 4190 '229
885 4139 919 4188 28
935 4138 992 4188 item
1010 4139 1114 4188 Persius
1133 4140 1210 4201 inque
1228 4139 1312 4187 editor
1328 4138 1453 4187 Horuanus
1469 4138 1524 4184 item
1542 4149 1591 4198 pros

314 4223 395 4272 usque
413 4210 511 4260 codex:
526 4211 602 4263 I’err.
623 4217 672 4259 sat.
692 4210 717 4270 3,
736 4210 765 4260 ll
854 4210 886 4260 31
910 4211 1037 4258 Varronis
1055 4207 1133 4258 cerba
1146 4211 1243 4257 suturis
1261 4207 1348 4258 tribuit
1364 4207 1511 4257 Alexander
1528 4205 1590 4252 ilie-rr

313 4295 374 4329 mus.
390 4281 467 4332 uben.
483 4281 575 4330 noviss.
590 4297 612 4329 u.
629 4279 688 4329 lllll
707 4280 746 4343 (a.
764 4279 845 4342 1866)
859 4297 887 4342 ρ.
904 4280 961 4344 112,
980 4280 1116 4331 eboliombo
1134 4295 1209 4329 uersu
1224 4279 1261 4329 ua
1275 4279 1399 4339 restituto,
1419 4278 1506 4344 ponam
1524 4273 1589 4322 bisni-

315 4363 370 4398 cam
390 4357 414 4400 et
433 4347 488 4414 ipse
506 4351 713 4400 crebriudddsam
730 4350 884 4399 brundiuem

810 4573 1088 4580 Ἣ...
1103 4575 1114 4579 -
