3350 5442
550 429 553 436 γ
596 332 667 394 ARS
696 332 722 394 ll
744 337 870 395 8-10
1327 329 1391 397 479

126 453 148 496 p.
163 443 220 484 1180.
234 443 259 483 81
273 439 297 484 P.
1209 453 1231 494 p.
1245 442 1288 484 tut.
1301 443 1327 483 88
1340 440 1364 482 I..

95 541 168 583 mae
196 528 265 583 sunt
293 521 383 582 solius
410 523 642 600 coniugatiouis,
671 527 704 582 ut
725 540 763 583 no
790 540 844 583 nas
865 530 916 583 nat
937 522 1186 603 monosyllabum,
1210 521 1334 584 Ovidius
1355 524 1389 585 iu

95 623 178 684 libro
200 623 213 684 l
235 623 512 702 metamorphoseon
540 619 544 704 l
574 629 655 684 ‘nat
684 624 793 704 lupus
820 627 924 685 inter
952 627 1065 695 oves'‚
1089 644 1161 686 sano
1183 643 1279 694 sanas,
1302 643 1389 686 mano

95 744 174 787 ceno
197 725 294 787 alieno
315 742 437 786 sereno:
465 725 584 802 ilonga
606 726 799 786 antecedente
827 726 946 788 declino
969 727 1116 797 declinas,
1139 729 1281 808 propino,
1304 726 1388 787 lure·

96 828 178 888 nalis
200 827 278 888 libro
305 826 318 887 l
346 827 508 907 ‘quando
535 829 713 906 propinat
741 826 851 888 Virro
878 827 979 899 tibi’,
1008 831 1114 909 supino
1141 830 1250 890 lestino
1272 829 1388 899 divino;

56 931 109 990 '5i
134 929 218 990 brevi
242 928 435 1006 antecedente
458 930 572 990 lasciuo
594 930 719 1008 inquino
735 931 856 990 nomino
870 932 990 1008 gemino
1004 933 1132 991 termino
1154 933 1296 992 attamino
1317 949 1388 991 con·

95 1033 212 1093 tamino
234 1019 350 1092 destino
372 1033 557 1111 procrastino
580 1031 765 1108 conglutino:
789 1033 862 1092 item
883 1030 971 1110 longa
993 1051 1011 1092 o
1032 1031 1145 1093 obsono
1167 1031 1308 1102 obsonas,
1330 1032 1387 1093 Te·

94 1121 217 1196 centius
245 1137 276 1195 in
299 1133 440 1213 Adelphis
472 1132 662 1202 ‘obsonet
686 1125 809 1211 potat,
839 1133 915 1192 olet
942 1137 1158 1210 unguenta',
1183 1135 1260 1197 dono
1281 1134 1387 1204 donas:

95 1239 173 1298 item
196 1235 279 1296 brevi
301 1254 319 1295 o
341 1254 413 1296 sono
435 1253 537 1305 sonas,
560 1242 630 1294 tono
650 1241 749 1294 tonas:
774 1235 846 1295 item
869 1235 991 1313 elonga
1006 1235 1216 1307 antecedente,
1240 1245 1272 1298 ut
1286 1238 1388 1297 ieiuno

95 1341 231 1400 ieiunas:
265 1340 397 1417 exceptis
424 1339 540 1418 paucis,
572 1354 647 1416 quae
674 1338 782 1397 tertiae
808 1344 877 1397 sunt
904 1339 1137 1416 coniugatiouis,
1165 1344 1200 1398 ut
1225 1340 1386 1418 primitiva,

38 1455 80 1495 10
97 1460 170 1502 cum
192 1441 333 1520 pleraque
355 1439 575 1518 praedictorum
597 1439 759 1500 derivativa
782 1445 860 1499 sunt.
890 1445 921 1499 et
941 1457 1034 1500 unum
1055 1439 1175 1519 quidem
1197 1447 1387 1520 exceptorum

96 1564 117 1605 a
139 1542 262 1603 brevem
284 1547 351 1602 ante
374 1559 412 1601 no
434 1540 540 1611 habet,
564 1559 638 1606 cano
660 1543 758 1609 cattis,
782 1558 870 1619 quam
892 1543 924 1602 in
945 1542 956 1601 i
978 1547 1094 1602 mutant
1113 1559 1151 1602 ex
1164 1559 1200 1601 eo
1214 1543 1386 1622 composita,

96 1653 134 1706 ut
156 1647 261 1706 occino
283 1645 408 1704 concino
431 1645 563 1714 succino,
584 1643 706 1704 Persius
727 1642 805 1702 ‘cui
828 1641 965 1703 verba?
987 1643 1077 1722 qnid
1099 1644 1195 1704 istas
1217 1645 1388 1704 succinis

97 1737 365 1824 ambagesl';lll
396 1744 455 1805 duo
483 1761 554 1805 vero
581 1747 592 1805 i
622 1750 689 1806 ante
717 1762 755 1803 no
782 1743 910 1814 habent,
943 1743 1006 1804 lino
1032 1743 1118 1814 linis,
1146 1747 1212 1806 sino
1239 1747 1327 1815 sinis,
1356 1752 1388 1805 et

97 1867 192 1910 unum
214 1867 248 1918 o,
270 1864 350 1927 pono
371 1849 474 1926 ponis,
503 1854 533 1907 et
559 1846 703 1927 quidquid
731 1845 768 1906 ab
790 1847 835 1906 eis
863 1847 1065 1925 componitur,
1087 1855 1121 1907 ut
1143 1845 1245 1908 oblino
1266 1846 1385 1918 oblinis,

43 1965 80 2003 1⁵
98 1951 206 2011 desino
233 1967 377 2028 compono
404 1966 517 2028 repono
545 1956 576 2008 et
602 1947 720 2008 similia.
765 1955 945 2009 consonante
973 1966 1158 2028 quacumque
1191 1948 1385 2010 antecedente

95 2055 213 2132 primae
243 2057 312 2112 sunt
339 2051 479 2112 similiter
507 2051 739 2128 coniugationis,
775 2052 885 2130 quippe
914 2069 930 2112 a
957 2048 1129 2111 nominihus
1154 2050 1298 2132 pleraque
1326 2058 1386 2112 tra·

96 2155 203 2224 ducta,
237 2159 269 2213 ut
300 2153 407 2213 damno
441 2151 576 2220 damnas,
604 2168 704 2231 pugno
733 2169 863 2231 pugnas,
891 2154 976 2230 signo
1003 2154 1118 2230 signas,
1148 2168 1242 2229 regno
1268 2169 1384 2230 regnas

96 2273 192 2316 verno
213 2273 329 2324 vernas,
353 2253 481 2315 hiberno
503 2253 659 2314 hibernas:
693 2256 825 2333 exeeptis
847 2255 920 2314 item
941 2255 1101 2333 primitivis
1122 2255 1159 2316 ad
1180 2255 1300 2315 tertiam
1321 2255 1386 2314 iure

96 2356 291 2419 venientibus
313 2357 568 2434 coniugationem,
592 2373 700 2435 sperno
722 2357 855 2434 spernis,
879 2363 982 2417 sterno
1004 2357 1122 2425 sternis,
1145 2361 1245 2416 temno
1267 2357 1390 2426 temnis,

44 2475 82 2515 eo
99 2479 195 2521 cerno
217 2460 318 2520 cernis
342 2455 388 2536 (ex
411 2476 470 2538 quo
493 2458 620 2518 decerno
643 2465 672 2518 et
696 2457 859 2537 discerno),
889 2465 919 2518 et
940 2456 1079 2517 omnibus
1101 2474 1176 2535 quae
1199 2455 1236 2518 ab
1259 2460 1303 2518 eis
1324 2459 1385 2518 sin·

96 2547 180 2640 gulis
200 2565 426 2640 componuntur.
470 2561 502 2619 in
524 2577 580 2619 nor
602 2557 769 2620 desinentia
791 2560 958 2620 communia
980 2558 1026 2619 vel
1048 2557 1226 2638 deponentia
1247 2558 1386 2620 similiter

97 2666 213 2745 primae
248 2669 317 2726 sunt
350 2661 441 2723 solius
475 2663 713 2739 coniugationis,
749 2669 782 2722 ut
810 2663 916 2740 opinor
944 2663 1089 2741 opinaris,
1123 2677 1215 2720 conor
1242 2662 1386 2721 criminor

97 2766 207 2845 dignor
234 2767 411 2844 peregrinor
438 2766 609 2844 patrocinor
636 2766 734 2824 mittor
755 2765 901 2824 vaticinor
927 2780 1028 2823 venor.
1072 2767 1248 2823 consternor
1269 2781 1386 2843 qnoque

96 2877 128 2929 et
157 2885 315 2947 aspernor,
344 2874 377 2928 ut
405 2866 598 2944 deponentia,
629 2867 742 2944 primae
769 2873 840 2926 sunt
867 2865 1096 2942 coniugatiouis,
1125 2863 1198 2924 licet
1224 2882 1333 2944 sperno
1355 2871 1386 2924 et

46 2983 79 3022 2⁵
96 2977 201 3030 sterno
223 2970 332 3038 activa,
355 2966 535 3047 exquibus,
558 2973 700 3048 quantum
722 2967 758 3027 ad
774 2985 890 3036 vocem,
914 2966 1052 3028 videntur
1073 2967 1153 3035 fieri,
1177 2967 1283 3027 tertiae
1306 2973 1384 3036 sunt,

95 3091 155 3133 ceu
177 3071 394 3152 praediximus;
417 3075 515 3130 tamen
538 3075 697 3130 consterno
719 3071 808 3129 etiam
835 3075 1008 3128 consternas
1029 3065 1215 3129 dillerentiae
1237 3068 1384 3146 significa-

95 3175 191 3235 tionis
212 3191 299 3232 causa
322 3174 436 3251 primae
459 3172 624 3240 invenitur,
648 3177 681 3230 ut
704 3169 816 3231 Statius
837 3169 917 3231 libro
938 3169 989 3230 Vll
1010 3168 1179 3230 Thebaidos

246 3290 398 3350 adiurat
421 3297 636 3368 turmasque
659 3294 757 3349 metu
779 3293 1000 3348 consternat
1020 3288 1138 3357 inani,

94 3477 401 3490 ’.φ-,ψ--ῌ

180 3614 193 3664 l
215 3615 239 3663 itt
257 3615 338 3680 primo
356 3609 593 3675 metamorphoseon
607 3609 644 3660 Ρ.·
659 3627 681 3660 u.
693 3608 744 3660 304
795 3609 811 3660 3
828 3609 837 3656 i
856 3607 933 3674 longa
947 3608 1110 3658 antecedente
1125 3607 1224 3658 declino
1242 3611 1295 3660 asi
1313 3610 1383 3660 breui

94 3683 262 3736 antecedente
273 3682 375 3750 gemino
389 3681 494 3730 tennino
504 3681 625 3730 attamino
637 3680 778 3731 contamino
790 3677 887 3728 fascino
897 3679 1002 3740 inquino
1011 3677 1105 3727 distino
1117 3679 1384 3744 uominoprocrastino

93 3753 245 3819 conglutino
266 3753 374 3817 propino
393 3751 518 3801 iuuenalis
537 3751 581 3804 tib.
602 3749 727 3812 lqnaudo
746 3748 865 3814 propinat
880 3749 935 3797 uiro
952 3745 1034 3811 (corr.
1049 3749 1129 3810 nirro)
1150 3749 1194 3798 tibi
1215 3747 1356 3814 (superacr.
1376 3751 1385 3798 i

94 3827 150 3874 ion.
168 3825 227 3873 ante
245 3823 357 3884 declino)
375 3821 469 3886 popino
485 3818 577 3869 festino
593 3819 680 3870 diuino
697 3819 756 3868 item
775 3817 852 3883 longa
870 3833 885 3866 o
902 3817 998 3868 obsono
1017 3833 1045 3867 as
1065 3815 1110 3866 Bi
1130 3817 1202 3867 breui
1222 3819 1385 3869 antecedente

94 3893 201 3962 gemino
218 3893 325 3942 termino
344 3891 466 3940 attamino
484 3889 627 3938 contamino
643 3889 737 3938 distino
756 3887 855 3938 luscino
868 3888 974 3950 iuquino
988 3888 1089 3937 nomino
1104 3887 1260 3952 procrastino
1279 3888 1385 3955 conglu-

93 3967 151 4014 tino
170 3963 275 4027 longai
293 3961 400 4026 propino
421 3958 545 4009 iuuenalis
562 3958 605 4008 lib.
626 3961 635 4008 l
654 3959 754 4022 quando
773 3958 893 4023 propinat
910 3957 978 4006 uirro
995 3957 1042 4006 tibi
1058 3958 1150 4022 sopiuo
1168 3959 1273 4022 copinas
1290 3957 1384 4008 destino

92 4034 185 4084 diuino
208 4031 309 4081 declino
329 4031 388 4080 item
412 4029 488 4094 longa
509 4045 523 4078 ο
547 4043 643 4094 opsono
661 4029 709 4078 Pi
728 4028 805 4090 longa
828 4025 991 4077 antecedente
1014 4035 1043 4076 ut
1062 4029 1156 4092 sopino
1174 4024 1266 4076 lestino
1284 4026 1383 4078 declino

95 4104 207 4170 propino
230 4102 239 4150 i
262 4101 333 4150 breui
358 4098 521 4148 antecedente
543 4106 570 4147 ut
596 4099 697 4164 gemino
719 4098 825 4147 termino
850 4097 972 4146 attamino
990 4097 1130 4147 contamino
1156 4096 1252 4146 fascino
1277 4097 1383 4159 iuquino

94 4171 198 4222 destino
216 4170 318 4220 nomino
332 4169 490 4234 procrastino
501 4167 647 4234 conglutino
659 4167 783 4216 iuuenalis
796 4167 838 4216 lib.
850 4168 934 4232 primo
949 4167 1049 4227 quando
1065 4167 1213 4232 propinatur
1231 4168 1291 4216 itatn
1306 4167 1384 4232 longa

94 4241 259 4293 oohsottot
320 4238 445 4289 luvenalis
462 4237 526 4288 libro
543 4237 564 4301 l]
583 4244 633 4290 eut.
652 4239 678 4296 5,
699 4236 748 4287 127
818 4235 984 4298 4Varrose
1053 4237 1111 4285 ‘tin
1125 4233 1263 4303 Adelphis]
1282 4237 1331 4299 12,
1349 4233 1383 4286 at

167 4310 273 4361 obsonet
292 4319 317 4360 et
335 4307 475 4374 (euperem.
491 4305 574 4372 optat)
588 4313 658 4372 potat
676 4307 726 4356 olet
738 4306 764 4356 B
824 4305 918 4356 Btono
931 4314 1004 4355 tonas
1019 4306 1079 4355 item
1096 4322 1114 4356 u
1133 4305 1209 4371 longa
1226 4321 1273 4374 pro
1292 4321 1382 4356 conso-

95 4389 173 4430 nante
191 4381 200 4428 i
215 4379 378 4429 antecedente
398 4386 425 4427 ut
444 4378 528 4428 ieiuno
548 4378 645 4428 ieiunas
661 4378 686 4426 P
703 4385 762 4425 tono
781 4390 809 4424 as
825 4377 911 4425 ieiuno
930 4375 990 4423 item
1004 4375 1099 4425 iermns
1116 4375 1141 4425 B
1227 4375 1260 4426 12
1277 4389 1383 4442 perseus

93 4453 138 4502 P:
156 4460 206 4502 aut.
226 4449 253 4512 3,
273 4449 305 4500 19
375 4445 425 4514 cui]
446 4447 507 4511 quid
526 4449 643 4497 ommi.
661 4461 691 4499 m.
711 4445 752 4495 cui
770 4446 795 4495 B
867 4443 899 4495 13
917 4444 1014 4494 ambies
1031 4459 1099 4499 corr.
1118 4449 1152 4495 at.
1169 4461 1201 4498 ta.
1220 4445 1342 4511 ambages
1359 4446 1385 4494 P

167 4519 218 4570 duo
234 4531 295 4568 uero
313 4519 320 4567 i
340 4529 397 4568 ante
413 4533 445 4567 uo
463 4516 582 4566 habentia
597 4516 622 4565 B
638 4517 646 4564 i
665 4530 725 4565 uero
744 4524 802 4564 ante
820 4528 852 4563 no
871 4513 972 4564 abentia
984 4514 1009 4563 P
1026 4515 1076 4565 duo
1092 4514 1169 4564 uerba
1186 4515 1195 4562 i
1213 4523 1270 4564 ante
1289 4529 1322 4564 no
1337 4514 1383 4564 ba·

95 4591 158 4641 bant
172 4588 191 4651 s
258 4589 290 4638 to
309 4588 417 4637 deducta
434 4589 460 4636 P
527 4585 561 4638 tu
577 4600 669 4651 sperno
691 4586 791 4649 spernis
809 4592 895 4633 sterno
913 4585 1066 4637 sterniaom.
1085 4583 1111 4633 B
1178 4585 1212 4634 25
1229 4585 1319 4634 tertiae
1336 4599 1382 4633 ceu

93 4659 151 4709 BP
166 4659 256 4708 tertiae
268 4666 326 4708 suut
344 4656 529 4722 coniugationia
545 4663 618 4705 ceut
686 4655 719 4704 27
738 4663 765 4704 ut
782 4669 827 4704 ont.
846 4656 871 4704 Ρ
920 4653 985 4703 libro
1002 4653 1062 4702 Vlll
1078 4652 1208 4702 thebaidos
1227 4653 1283 4704 Bt:
1305 4653 1380 4706 rtet.

93 4730 141 4778 Vll
161 4725 213 4779 130
264 4727 298 4780 28
316 4727 385 4777 inani
406 4743 453 4779 orn.
473 4727 512 4777 Ρ.·
534 4727 601 4775 inani
625 4724 702 4774 relert
718 4723 843 4790 hippolite
860 4722 949 4772 infelix
972 4722 1029 4772 uela
1050 4722 1133 4772 coloni
1151 4723 1232 4784 euius,
1250 4723 1337 4775 deletis
1356 4739 1381 4773 tr.

94 4797 174 4848 relert
192 4821 228 4834 -
244 4797 336 4864 coloni,
354 4812 418 4862 quae
432 4811 466 4847 ea:
483 4811 556 4847 emen
574 4795 655 4846 Ouidii
668 4811 695 4859 p.
715 4795 776 4860 480,
795 4792 871 4846 dhus
887 4794 1014 4843 tractatulo
1030 4802 1095 4852 eunt,
1108 4792 1134 4841 B
