3350 5442
658 310 833 373 REGVLAE
923 362 927 369 ,
1328 308 1389 374 511

1187 432 1210 473 p.
1225 422 1326 462 roes-eo
1339 419 1365 463 r.

82 505 175 559 sunt
196 499 290 569 modi,
320 517 375 579 per
396 518 469 580 quos
492 500 590 562 omnia
612 498 702 561 verba
725 508 855 562 cursant.
899 503 959 562 iam
981 500 1017 561 ad
1039 500 1164 562 formam
1186 503 1274 563 unius
1296 501 1389 573 verbi,

84 584 184 663 quod
205 586 423 663 percurrimus,
452 603 662 665 percurramus
690 584 780 646 verba
810 593 910 647 cetera
932 586 1086 655 similiter,
1110 605 1176 647 amo
1199 606 1279 649 amas
1301 595 1389 658 amat,

85 677 192 730 canto
214 675 313 731 cantas
335 677 448 739 cantat,
470 670 556 749 pulso
578 671 678 749 pulsas
700 670 811 750 pulsat,
833 671 920 731 ireno
941 672 1040 732 frenas
1053 673 1164 742 frenat,
1188 691 1271 734 armo
1293 691 1390 734 armas

87 761 217 825 armat,¹
239 757 371 836 inpugno
393 757 546 840 lnpugnas¹
563 757 720 834 inpugnat,
744 762 830 835 capto
845 763 946 835 captas
960 763 1073 836 captat,
1096 775 1170 836 paro
1183 775 1272 838 paras
1293 764 1387 838 parat,

47 857 66 895 s
86 858 211 918 separo
232 848 508 924 separas'separat,
532 858 638 902 accuso
661 858 782 902 accusas
803 848 935 911 accusat,
960 837 965 924 Ι
988 842 1096 904 mando
1117 843 1239 904 mandas
1260 843 1387 913 mandat,

85 943 194 1002 gravo
216 942 320 1004 gravas
341 932 457 1003 gravat,
481 925 546 986 lavo
568 925 646 986 lavas
668 925 759 996 lavat,
782 943 894 1004 genero
909 945 1034 1004 generas
1052 935 1189 1005 generat,
1213 946 1283 988 creo
1304 947 1388 990 creas

85 1017 199 1080 creat,
223 1010 283 1089 ligo
305 1010 379 1088 ligas
400 1010 486 1088 ligat,
515 1010 604 1088 alligo
632 1010 734 1089 alligas
761 1011 877 1089 alligat,
905 1013 1039 1072 sacrilioo
1062 1013 1211 1075 sacrificas
1233 1015 1387 1083 sacrificat,

85 1098 163 1156 cito
186 1097 260 1157 citas
281 1097 366 1166 citat,
390 1095 513 1156 vulnero
527 1095 663 1157 vulneras
678 1096 826 1167 vulnerat,
849 1115 968 1157 macero
982 1115 1115 1158 maceras
1129 1105 1267 1168 macerat,
1290 1098 1388 1160 lacero

86 1181 218 1241 laceras
238 1181 365 1252 lacerat,
389 1200 441 1241 aro
463 1199 529 1241 aras
551 1189 629 1252 arat,
654 1181 734 1242 caleo
756 1181 852 1242 calcas
874 1181 980 1252 calcat,
1004 1200 1136 1242 memoro
1157 1201 1304 1243 memoras
1326 1201 1387 1251 me-

35 1280 68 1320 ro
86 1272 212 1336 morat,
241 1265 334 1327 calcio
361 1267 469 1327 calcias
497 1265 616 1337 calciat,
639 1266 718 1328 lanio
739 1265 834 1328 lanias
855 1267 962 1337 laniat,
993 1268 1139 1344 investigo
1161 1269 1320 1345 investigas
1342 1271 1387 1329 in-

86 1352 246 1427 vestigat,
268 1350 344 1412 vallo
366 1351 456 1412 vallas
478 1351 580 1422 vallat,
604 1351 690 1419 domo
713 1351 813 1412 domas
835 1351 948 1422 domat,
972 1352 1162 1416 circumvallo
1184 1352 1387 1414 circumvallas

86 1435 313 1505 circumvallat,
337 1454 427 1496 curvo
449 1451 554 1496 curvas
575 1443 686 1506 curvat,
709 1435 825 1497 medico
848 1436 978 1498 medicas
1001 1436 1136 1507 medicat,
1160 1437 1294 1499 consulto
1316 1457 1386 1500 con·

88 1521 194 1582 sultas
217 1520 378 1591 consultat,
401 1523 506 1581 intimo
534 1522 653 1582 intimas
680 1523 812 1592 intimat,
842 1523 963 1582 insinuo
989 1523 1123 1582 insinuas
1150 1524 1297 1592 insinuat,
1325 1522 1386 1584 ire·

87 1612 213 1686 querito
235 1607 408 1686 frequentas
423 1607 607 1685 frequentat,
631 1605 750 1667 celebro
764 1606 900 1668 celebras
914 1606 1059 1678 celebrat,
1082 1609 1220 1668 ministro
1235 1608 1387 1669 ministras

41 1711 71 1750 15
87 1693 266 1761 ministrat,
295 1691 384 1771 palpo
411 1691 514 1770 palpas
541 1691 653 1771 palpat,
683 1693 764 1752 socio
792 1695 887 1753 socias
915 1695 1021 1763 sociat,
1049 1699 1132 1754 muto
1159 1700 1256 1754 mutas
1282 1700 1385 1764 mutat,

87 1776 217 1856 postulo
245 1777 376 1856 postulas
403 1776 547 1856 postulat,
576 1795 684 1856 quasso
711 1795 832 1858 quassas
862 1783 994 1858 quassat,
1024 1777 1116 1838 denso
1143 1777 1250 1840 densas
1271 1778 1386 1847 densat,

88 1880 209 1923 enervo
238 1879 361 1923 enervas
387 1869 521 1932 enervat,
556 1863 689 1923 eviscero
723 1864 871 1923 evisceras
903 1864 1062 1932 eviscerat,
1090 1861 1218 1923 verbero
1245 1861 1386 1925 verberas

88 1946 253 2016 verberat,
276 1954 372 2008 macto
394 1953 505 2008 mactas
527 1953 649 2016 mactat,
673 1948 743 2024 lugo
765 1947 850 2024 sugas
871 1948 962 2024 lugat,
986 1947 1109 2008 elimino
1131 1947 1268 2008 eliminas
1290 1948 1386 2009 olimi-

89 2039 165 2102 nat,
190 2030 253 2092 celo
276 2032 354 2092 celas
377 2032 467 2102 celat,
490 2034 575 2109 signo
598 2033 697 2109 signas
720 2033 830 2109 signat,
854 2050 927 2094 sono
949 2051 1036 2094 sonas
1058 2039 1158 2102 sonat,
1181 2032 1293 2093 ventilo
1315 2052 1384 2094 ven-

44 2135 73 2175 eo
88 2117 170 2179 tilas
196 2117 333 2186 ventilet,
363 2119 506 2178 contristo
532 2119 689 2178 contristas
717 2119 886 2186 contristat,
915 2134 1022 2177 sereno
1053 2135 1174 2178 serenas
1207 2126 1327 2178 serenat
1355 2124 1386 2178 et

88 2203 168 2263 alia.
211 2204 277 2264 istis
305 2201 442 2262 omnibus
469 2201 595 2263 adicitur
622 2221 638 2262 r
665 2201 778 2273 littera,
809 2209 838 2262 et
865 2203 939 2264 fiunt
966 2203 1094 2281 passiva,
1118 2209 1151 2262 ut
1173 2221 1255 2263 amor
1277 2205 1386 2264 amaris

89 2296 229 2357 amatur,
260 2287 362 2367 pulsor
389 2286 517 2367 pulsaris
543 2287 692 2366 pulsatur,
722 2305 806 2347 secor
828 2288 951 2347 secaris
985 2294 1116 2357 secatur,
1148 2305 1238 2348 curor
1270 2288 1384 2348 curaris

89 2381 231 2433 curatur.
276 2374 327 2447 sic¹
347 2374 445 2433 omnia
472 2373 624 2451 percurris
651 2390 705 2450 per
733 2370 800 2432 illos
827 2371 945 2440 modos,
979 2390 1053 2451 quos
1080 2374 1217 2452 superius
1245 2372 1383 2442 diximus,

89 2459 294 2518 indicativum
318 2459 525 2537 imperativum
547 2459 708 2536 optativum
732 2458 952 2517 coniunctivum
973 2456 1131 2518 inlinitum.
1176 2475 1246 2517 sane
1269 2475 1305 2517 ex
1327 2457 1384 2518 boc

47 2561 74 2600 es
90 2561 191 2611 sono,
221 2561 279 2622 qtro
307 2542 396 2603 verba
425 2544 518 2603 activa
547 2541 762 2610 ordinavimus,
793 2541 822 2601 irl
851 2547 898 2602 est
925 2539 1035 2620 quibus
1065 2561 1119 2602 nos
1151 2559 1239 2619 agere
1270 2539 1383 2621 aliquid

88 2628 315 2706 significamus,
339 2634 408 2689 sunt
430 2626 543 2688 similes
566 2628 640 2696 soni,
664 2626 717 2687 sed
736 2626 775 2686 ed
797 2625 890 2686 verba
911 2627 1062 2705 pertinent
1084 2627 1240 2687 neutralia.
1270 2627 1322 2688 sed
1345 2645 1383 2688 ne

90 2721 121 2774 te
148 2721 346 2783 commoveat,
370 2731 461 2792 quare
484 2712 624 2772 dicuntur
645 2711 806 2781 neutralia,
835 2711 909 2773 baec
931 2713 1008 2771 ratio
1030 2719 1089 2781 est,
1118 2713 1189 2791 quia
1211 2730 1267 2772 nec
1292 2719 1383 2790 agunt

88 2797 211 2878 aliquid
233 2816 288 2857 nec
310 2800 473 2877 patiuntur,
495 2804 528 2858 ut
550 2805 595 2858 est
617 2804 662 2858 sto
685 2798 767 2856 iaceo
789 2794 866 2856 cubo
888 2795 987 2856 sedeo.
1017 2796 1091 2857 baec
1112 2799 1143 2857 in
1165 2797 1244 2858 nulla
1267 2799 1381 2858 actione

90 2891 181 2952 sunt,
211 2885 242 2943 in
270 2882 347 2944 nulla
375 2884 523 2962 passione.
573 2889 642 2942 sunt
664 2882 723 2943 alia
750 2880 897 2941 neutralia
924 2880 1019 2941 abusu
1046 2880 1139 2951 dicta,
1169 2900 1244 2962 quae
1271 2880 1383 2950 babsnt

50 2970 261 3038 unctionem,
285 2967 338 3028 sed
359 2969 529 3047 passionem
551 2966 662 3028 nullam
687 2964 734 3046 [ut
755 2972 837 3026 certo
859 2964 951 3026 babet
971 2968 1127 3037 actionem,
1150 2966 1285 3028 sednon
1307 2967 1381 3028 dici-

91 3072 164 3114 mus
185 3049 315 3132 certor],
338 3060 370 3113 ut
392 3071 491 3112 curro.
522 3070 558 3112 ex
580 3070 638 3131 quo
659 3069 731 3113 sono
754 3051 845 3112 multa
868 3058 946 3120 sunt,
968 3069 1044 3130 quac
1066 3071 1134 3112 cum
1149 3047 1154 3133 Ι
1170 3054 1201 3113 in
1223 3070 1240 3111 o
1263 3059 1380 3122 exeunt,
1441 3071 1446 3081 ’

91 3157 128 3198 or
151 3157 212 3199 non
234 3137 407 3206 admittunt,
430 3145 463 3197 ut
484 3136 557 3198 haec
572 3136 676 3208 verba,
699 3153 798 3216 pugno
819 3152 933 3215 pugnas
956 3143 1080 3216 pugnat,
1104 3136 1180 3198 bello
1202 3135 1296 3198 bellas
1318 3136 1380 3200 bel-

92 3223 149 3292 lat,
175 3241 251 3283 ceno
273 3240 362 3284 cenas
384 3229 484 3292 cenat,
508 3230 576 3282 nato
598 3229 683 3282 natas
704 3228 794 3291 natat,
818 3220 937 3282 ambulo
958 3221 1091 3283 ambulas
1113 3221 1253 3292 ambulat,
1276 3223 1381 3300 navigo

93 3309 219 3385 navigas
242 3308 373 3384 navigat,
396 3325 530 3368 commeo
545 3325 692 3368 commeas
707 3313 867 3376 commeat,
891 3313 993 3366 aestuo
1009 3314 1125 3369 aestuas
1146 3313 1273 3377 aestuat,
1288 3325 1382 3384 regno

54 3413 79 3452 os
93 3411 204 3470 regnas
232 3399 351 3470 regnat,
380 3392 447 3470 gelo
475 3391 556 3469 gelas
587 3392 681 3470 gelat,
710 3391 777 3452 dico
805 3391 886 3451 dicas
914 3390 1007 3461 dicat,
1035 3391 1121 3452 exulo
1148 3391 1248 3452 enulas
1271 3391 1379 3462 exulat,

93 3478 230 3538 sacrifico
258 3477 407 3539 sacrificas
433 3478 592 3547 sacrificat,
623 3477 767 3538 caehinno
795 3474 955 3537 cachinnos
977 3475 1143 3536 cachinnat.
1187 3476 1381 3537 haecomnia

95 3565 212 3642 primae
236 3563 452 3639 coniugationis
475 3570 558 3632 sunt,
582 3565 652 3641 quia
674 3561 833 3622 secundam
856 3578 1012 3640 personam
1029 3560 1215 3622 haecomnia
1237 3559 1327 3622 verba
1349 3565 1380 3621 in

94 3667 125 3708 as
142 3646 287 3728 syllabam
302 3649 440 3716 mittunt,
465 3655 497 3708 ut
512 3655 598 3708 canto
613 3653 729 3715 cantas,
752 3644 838 3725 pulso
861 3645 977 3724 pulsas,
1000 3647 1087 3706 ireno
1109 3647 1224 3716 frenas,
1247 3647 1380 3726 inpugno

93 3735 256 3812 inpugnas,
287 3750 369 3792 armo
397 3750 507 3802 armas,
538 3731 610 3793 salto
633 3731 735 3800 saltas,
759 3749 849 3790 curvo
871 3748 991 3800 curvas,
1019 3747 1119 3810 pugno
1140 3749 1264 3810 pugnas.
1308 3749 1380 3809 ergo

57 3817 206 3878 mandisti
229 3819 355 3896 primam
377 3819 624 3895 coniugationem,
647 3818 724 3877 scire
746 3814 838 3876 debes
860 3815 1020 3876 secundam
1042 3814 1125 3876 verbi
1147 3832 1304 3895 personam
1325 3835 1380 3896 per

94 3921 125 3962 as
144 3901 291 3982 'syllabam
313 3904 407 3962 exire.
451 3921 520 3964 nam
542 3902 611 3964 inde
635 3902 745 3962 dicitur
767 3900 949 3977 coniugatio,
978 3901 1055 3979 (pund
1077 3899 1137 3962 sibi
1158 3901 1194 3961 ad
1218 3919 1309 3962 unum
1331 3921 1378 3961 so·

94 4005 166 4048 num
194 3987 286 4048 multa
314 3989 472 4065 coniungat
504 3985 571 4068 [bas
599 3987 822 4064 coniugationes
850 3983 954 4046 Graeci
983 3984 1140 4064 συζυγίας
1161 3983 1290 4066 dicunt}
1334 3988 1377 4048 sic

94 4078 124 4130 et
145 4071 255 4133 similia
277 4073 375 4132 omnia
397 4075 516 4134 inventa
539 4073 574 4134 ad
597 4071 674 4132 bano
695 4072 859 4152 percurris.

178 4156 313 4218 Secunda
347 4164 446 4220 autem
477 4159 646 4235 coniugatio
676 4165 723 4218 est
755 4174 831 4236 quae
865 4157 896 4215 in
924 4155 1053 4216 secunda
1080 4155 1219 4216 similiter
1250 4175 1377 4236 persona

58 4244 249 4320 requaeritur
272 4244 385 4302 etexit
407 4263 461 4323 per
484 4262 530 4314 es,
554 4249 587 4303 ut
602 4249 690 4302 teneo
706 4249 806 4311 tenes,
831 4239 960 4320 praebeo
975 4240 1115 4320 praebes,
1138 4260 1245 4302 moneo
1265 4261 1375 4313 mones,

179 4445 193 4496 1
214 4454 346 4494 cursantur
364 4447 408 4504 ἲς
491 4448 508 4497 2
525 4445 592 4509 qnod
612 4445 737 4495 currimus
754 4457 931 4510 percurramus
945 4452 1028 4495 cetero
1044 4445 1123 4496 uerba
1139 4458 1156 4502 ς
1170 4445 1238 4508 qnod
1252 4447 1375 4496 ournmus

94 4513 169 4563 nerbs
187 4524 272 4566 cetera
289 4514 315 4564 F
365 4516 398 4569 to
416 4515 495 4567 caleio
515 4531 543 4566 as
559 4524 584 4565 st
601 4516 625 4565 F
639 4515 723 4567 calceo
743 4513 841 4565 calceas
861 4514 987 4573 calceate
1056 4514 1090 4566 2³
1106 4516 1261 4582 percurreris
1277 4515 1323 4573 ns

94 4581 127 4632 ill
143 4581 274 4650 passione]
298 4588 460 4649 possessione
476 4585 502 4636 F
585 4585 617 4636 31
640 4583 731 4652 mults]
751 4593 835 4635 mutos
854 4585 879 4634 F
950 4581 985 4637 36
1001 4586 1107 4636 cacinno
1126 4600 1172 4635 nos
1190 4593 1233 4635 nat
1248 4585 1274 4635 F
1340 4585 1373 4636 37

94 4666 156 4713 qnae
170 4653 307 4705 secundam
326 4670 461 4721 personam
477 4655 566 4707 borum
585 4655 697 4706 omnium
716 4655 851 4705 uerborum
870 4654 894 4702 in
912 4669 942 4704 as
959 4655 1004 4711 re
1073 4657 1107 4706 42
1124 4657 1279 4722 coniungant
1292 4656 1318 4704 F

95 4722 227 4790 συζυγίας
240 4723 373 4776 mecum
389 4724 547 4794 συζυγίατα
560 4739 587 4786 ς,
599 4741 645 4776 om.
666 4727 690 4775 F
738 4725 772 4776 43
789 4709 882 4774 smilis
899 4725 931 4774 ad
948 4723 1013 4774 hanc
1029 4728 1113 4776 omnis
1130 4727 1234 4776 inuenta
1249 4727 1374 4791 percurris

94 4789 117 4840 F
132 4793 224 4844 similis
242 4796 327 4846 omnis
340 4795 389 4846 hae
404 4793 480 4860 (haec
495 4794 640 4865 Petroliaco)
655 4796 757 4846 inuenta
774 4794 902 4861 pereurris
920 4808 937 4851 ς
951 4795 1083 4848 Putacbiur
