3350 5442
648 357 821 420 REGVLAE
1315 353 1377 418 497

1175 478 1197 519 p.
1211 465 1312 508 ans-rr
1326 464 1351 506 e.

87 566 162 626 ergo
189 548 290 608 iuncta
317 547 537 627 praepositione
571 548 647 608 fiunt
673 545 779 616 latina,
809 552 841 606 ut
870 546 946 617 dixi,
970 549 1153 624 proconsule
1181 553 1377 627 propraetore

86 639 314 716 proquaestore.
359 651 426 692 nam
448 641 565 694 veteres
588 635 617 693 in
641 633 821 693 nominativo
844 650 914 692 casu
936 633 1094 712 proconsul
1118 632 1257 694 dicebant
1279 639 1376 694 atten-

87 720 194 780 dentes
216 717 328 779 nullum
350 736 458 778 nomen
480 719 604 780 latinum
619 720 702 779 exire
724 720 756 778 in
779 737 794 776 e
817 716 947 778 litteram
969 720 1151 779 nominativo
1174 737 1244 780 casu
1266 736 1377 796 genere

87 805 263 866 masculino.
295 823 311 864 a
333 803 476 864 feminino
498 803 610 864 nullum
633 803 772 872 latinum,
797 803 849 863 sed
871 820 977 879 graeca
999 804 1109 874 solum,
1125 812 1158 865 ut
1172 802 1377 864 Andromache

45 903 65 942 ⁵
87 889 185 952 Niobe
207 889 300 968 Libye
323 887 441 950 Hecabe
464 889 594 967 Calliope
616 888 761 968 Euterpe,
794 905 922 968 quorum
949 890 1097 965 genitivus
1124 891 1155 949 in
1185 908 1217 949 es
1245 891 1321 958 exit,
1345 896 1378 949 ut

87 975 310 1036 Andromaches
338 972 449 1036 Niobes
475 974 584 1054 Libyes
606 973 741 1034 Hecabes
768 973 915 1053 Calliopes
936 973 1093 1054 Euterpes.
1138 975 1191 1034 sed
1213 975 1286 1036 baec
1309 993 1376 1035 cum

85 1063 205 1139 graecis
227 1068 397 1121 tractemus
442 1079 459 1121 a
481 1067 588 1121 neutro
611 1077 627 1118 e
649 1059 748 1121 littera
771 1060 803 1119 iu
825 1060 1007 1121 nominativo
1029 1059 1139 1120 monile
1162 1059 1255 1121 sedile
1278 1059 1376 1120 cubile

85 1154 118 1206 et
141 1155 249 1216 cetera,
273 1164 347 1226 quae
371 1146 458 1225 paulo
480 1151 547 1225 post
569 1147 600 1205 in
622 1144 724 1223 regula
747 1146 868 1222 generis
889 1147 987 1205 neutri
1010 1162 1165 1224 ponemus.
1196 1147 1377 1205 acommuni

85 1231 202 1292 nullum
224 1249 332 1291 nomen
354 1237 415 1302 est;
444 1230 584 1292 similiter
610 1230 724 1291 nullum
747 1228 784 1290 ab
807 1233 960 1309 epicoeno.
1005 1249 1081 1291 nunc
1104 1231 1141 1290 de
1163 1232 1173 1289 i
1195 1230 1295 1290 littera
1316 1237 1376 1291 tra-

31 1331 65 1370 10
85 1325 217 1387 ctemus,
246 1318 427 1377 nominativo
455 1335 530 1396 quae
559 1334 669 1394 genera
697 1316 856 1376 contineat.
882 1311 886 1394 l
909 1335 926 1376 a
948 1315 1111 1376 masculino
1133 1315 1246 1376 nullum
1269 1334 1376 1377 nomen

85 1406 119 1464 in
144 1405 169 1472 i;
198 1421 214 1462 a
242 1395 386 1462 feminino
414 1402 541 1472 nullum;
571 1421 588 1461 a
616 1407 723 1462 neutro
751 1403 879 1478 gummi,
908 1408 938 1460 et
960 1408 1006 1461 est
1028 1407 1164 1480 aptoton;
1189 1421 1205 1460 a
1227 1403 1376 1462 communi

84 1486 217 1557 nullum;
247 1485 283 1548 ab
314 1488 394 1546 omni
423 1505 547 1565 genere,
577 1493 609 1546 ut
630 1488 710 1565 irugi
732 1487 829 1548 nihili.
874 1487 1041 1548 declinatur
1065 1488 1123 1556 sie,
1147 1487 1196 1547 hic
1218 1488 1264 1546 vir
1286 1487 1375 1563 irugi,

84 1574 163 1634 baec
185 1573 294 1634 lemine
316 1573 412 1650 irugi,
441 1573 498 1633 boc
525 1571 706 1651 mancipium
734 1574 830 1649 irugi;
859 1574 989 1650 genitivo
1012 1572 1151 1633 similiter
1173 1573 1253 1649 irugi
1275 1573 1375 1640 iaciat,

84 1659 178 1720 buius
199 1659 255 1718 viri
278 1658 373 1735 frugi,
397 1658 487 1718 buius
501 1658 630 1718 feminae
646 1658 741 1735 irugi,
764 1657 854 1719 huius
869 1659 1011 1736 mancipii
1025 1658 1122 1736 irugi;
1146 1659 1189 1717 sic
1204 1676 1259 1737 per
1274 1675 1378 1717 omnes

35 1762 177 1805 15035118
198 1744 278 1820 irugi
300 1743 436 1804 dicimus.
467 1744 511 1804 sic
533 1743 700 1804 declinatur
722 1743 823 1813 nihili,
846 1743 895 1803 bic
917 1742 1002 1804 nibili
1026 1743 1085 1813 vi'r,
1108 1743 1182 1803 baec
1203 1742 1290 1804 nihili
1312 1761 1376 1803 mn·

84 1831 160 1898 lior,
184 1829 240 1890 boe
262 1828 348 1889 nihili
370 1831 562 1908 mancipium.
606 1829 662 1890 hoc
685 1848 758 1890 sono
783 1847 887 1889 omnes
908 1847 995 1890 casus
1015 1828 1216 1899 declinantur;
1246 1830 1290 1889 sie
1312 1828 1376 1906 plu-

83 1914 193 1975 raliter
213 1915 270 1974 viri
298 1914 399 1984 nihili,
429 1914 557 1976 feminae
585 1913 687 1984 nihili,
716 1915 865 1992 mancipia
893 1914 988 1975 nihili.
1033 1913 1071 1974 ab
1098 1916 1241 1994 epicoeno
1263 1913 1375 1976 nubum

84 2000 230 2061 similiter
252 2001 315 2060 exit
336 2001 367 2059 in
389 2001 419 2060 i.·
456 1999 494 2060 ab
516 2019 533 2060 o
555 1999 655 2060 littera
677 1999 771 2060 vocali
799 2001 998 2061 nominativus
1025 2003 1201 2060 terminatus
1222 2019 1239 2060 a
1260 2017 1375 2060 mascu-

82 2087 152 2148 lino
174 2083 365 2164 appellativo,
389 2091 421 2145 ut
447 2084 507 2162 ligo
529 2085 651 2162 ligonis,
676 2105 690 2146 a
713 2087 837 2164 proprio
861 2087 995 2155 nomine,
1019 2091 1053 2145 ut
1074 2083 1145 2146 Cato
1167 2086 1272 2146 Cicero
1293 2083 1376 2146 Maro

32 2189 66 2228 ao
82 2170 167 2231 Nero
190 2168 308 2230 Tubero
337 2176 367 2229 et
394 2171 477 2239 talia,
506 2189 521 2230 a
549 2171 693 2232 feminino
722 2170 914 2251 appellativo,
937 2178 971 2232 ut
992 2173 1106 2248 vertigo
1128 2171 1235 2248 indago
1257 2172 1376 2247 iarrago

82 2256 190 2334 siligo:
214 2258 245 2316 in
265 2254 397 2316 iuvenali
418 2255 528 2332 legitur
550 2257 606 2326 ita,

240 2341 302 2402 sed
325 2342 386 2420 qui
409 2340 609 2402 conductis
631 2341 829 2402 inducitur
851 2349 966 2421 atque
988 2343 1139 2402 fovetur

239 2432 296 2487 tot
316 2426 630 2489 medicaminibus
652 2433 855 2507 coctaeque
883 2427 1055 2504 siliginis
1078 2427 1175 2487 olias

240 2513 381 2589 accipit
402 2519 438 2570 et
459 2511 641 2582 madidae,
666 2513 787 2573 iacies
809 2512 962 2573 dicetur
985 2533 1028 2573 an
1051 2512 1174 2572 ulcus?

34 2617 65 2658 25
81 2605 206 2676 sartago
229 2599 329 2674 virago
351 2597 459 2674 lanugo
482 2615 592 2675 aerugo
615 2614 727 2674 aurugo
749 2597 890 2677 crepido:
914 2600 946 2658 in
968 2596 1099 2658 iuvenali

239 2682 342 2743 nulla
365 2682 523 2761 crepido
544 2689 667 2752 vacat,
691 2700 870 2763 nusquam
892 2702 983 2763 pons
1005 2689 1040 2744 et
1063 2685 1203 2761 tegetis
1225 2702 1327 2762 pars:

82 2775 115 2830 et
142 2768 219 2830 talia.
265 2786 281 2827 a
303 2768 447 2829 leminino
469 2770 605 2847 proprio,
635 2769 796 2846 Carthago;
824 2771 984 2848 peregrina
1005 2786 1090 2838 vero,
1117 2775 1151 2829 ut
1173 2767 1248 2830 Dido
1269 2768 1322 2829 Ino
1344 2769 1376 2829 lo

83 2854 190 2916 Alecto
212 2851 338 2915 Celaeno
361 2853 423 2914 Clio
445 2851 559 2923 Manto,
590 2873 715 2941 quorum
738 2854 885 2931 genitivus
912 2857 943 2915 in
965 2873 1001 2916 us
1023 2855 1099 2924 exit,
1122 2853 1215 2915 Didus
1236 2854 1307 2916 Inus
1327 2854 1376 2915 lus

83 2939 210 3000 illectus
232 2937 377 3000 Celaenus
399 2937 482 3000 Clius
503 2935 635 3009 Mantum
663 2939 714 3001 sed
743 2939 799 3000 boc
822 2957 890 3000 cum
911 2942 1027 3018 graecis
1049 2945 1219 3000 tractemus.
1264 2959 1280 3000 a
1302 2957 1375 3001 neu-

37 3047 66 3085 so
84 3031 136 3086 tro
158 3024 256 3085 nullus
278 3025 475 3084 nominativus
498 3025 530 3085 in
552 3044 569 3084 o
592 3027 667 3096 exit;
691 3043 707 3086 a
730 3027 881 3086 communi
903 3025 975 3086 iulio
996 3025 1071 3086 latro
1093 3043 1187 3105 caupo
1209 3031 1240 3084 et
1261 3021 1383 3094 ceteras

44 3181 47 3193 Ι
82 3109 124 3170 ab
149 3111 292 3189 epicoeno
314 3109 441 3169 struthio
463 3109 594 3172 hirundo
616 3111 723 3171 hirudo
751 3111 885 3183 curculio
912 3110 984 3172 bulo
1006 3111 1137 3172 attalia.
1182 3109 1220 3171 ab
1242 3130 1262 3171 u
1283 3111 1376 3170 vocali

83 3195 183 3256 solum
206 3201 361 3264 neutrum,
384 3193 462 3273 quod
484 3196 515 3256 in
539 3196 681 3273 singulari
705 3195 916 3257 indeclinabile
938 3203 997 3266 est,
1020 3199 1051 3256 in
1074 3195 1183 3275 plurali
1199 3195 1374 3264 declinatur,

83 3287 119 3342 ut
142 3297 235 3340 cornu
257 3298 330 3340 veru
352 3297 430 3358 genu
452 3282 580 3341 tonitru:
604 3281 662 3342 boc
684 3300 756 3342 sono
774 3284 969 3343 enuntiantur
990 3301 1093 3342 omnes
1114 3300 1200 3342 casus
1221 3283 1253 3342 in
1276 3283 1375 3359 singu·

82 3367 158 3434 lari.
187 3371 220 3426 ut
247 3364 392 3436 diximus;
420 3367 451 3425 in
479 3365 586 3444 plurali
614 3365 825 3446 delclinantur,
854 3385 966 3428 cornua
988 3386 1079 3428 verua
1101 3384 1214 3444 genua,
1244 3369 1376 3444 genitivo

37 3477 66 3518 aa
82 3451 193 3512 horum
222 3468 368 3511 cornuum
396 3469 520 3512 vernum
547 3470 692 3530 genuum;
721 3459 751 3513 et
778 3459 877 3514 cetera
905 3452 1069 3514 declinabis
1096 3452 1133 3513 ad
1155 3451 1288 3529 regulam
1310 3471 1375 3512 ver·

83 3555 174 3598 suum
196 3542 226 3596 et
246 3536 400 3597 iiootuum.

171 3619 307 3682 Diximus
328 3621 365 3682 de
387 3621 537 3684 vocalibus
560 3626 701 3703 quinque,
725 3624 834 3705 quibus
855 3625 1035 3684 terminatur
1056 3625 1271 3693 nominativus;
1294 3641 1374 3684 nunc

84 3708 123 3768 de
148 3705 373 3768 semivocalibus
396 3706 539 3769 dicamus.
563 3708 573 3769 l
597 3708 697 3770 littera
720 3711 918 3770 nominativus
940 3710 1051 3777 exiens,
1075 3711 1107 3768 in
1128 3708 1301 3769 masculinis
1323 3727 1374 3788 ap-

83 3791 236 3872 pellativis
257 3791 307 3851 bie
330 3791 387 3861 sal,
410 3794 442 3853 in
470 3795 601 3873 propriis
624 3793 690 3864 Sol;
720 3797 751 3856 in
779 3795 934 3855 femininis
959 3812 1052 3854 unum
1081 3813 1189 3854 nomen
1223 3800 1374 3855 matronae

38 3905 66 3944 ιο
84 3883 218 3946 tantum,
247 3875 407 3957 Tanaquil;
436 3881 467 3938 in
494 3881 611 3940 neutris
638 3880 696 3940 mel
724 3879 779 3950 iel;
802 3881 833 3941 in
857 3878 1064 3940 communibus
1086 3879 1154 3957 vigil
1175 3879 1272 3958 pugil,
1296 3879 1374 3940 unde

85 3970 116 4023 et
140 3961 298 4022 Terentius
321 3963 356 4022 de
385 3964 500 4041 virgine
529 3965 714 4044 ‘pugilem
742 3983 824 4026 esse
852 3967 992 4035 aiunt’3
1021 3967 1053 4025 in
1081 3967 1233 4044 epicoenis
1261 3964 1375 4025 nullum

157 4165 340 4230 iprooonaule
356 4169 497 4227 posteriora
511 4170 622 4221 loeoom
643 4169 687 4226 Fe
750 4168 915 4219 bhaeehaba
932 4169 1031 4233 caliope
1050 4169 1076 4219 F
1089 4169 1212 4225 hecates
1269 4165 1374 4218 biraco

84 4238 166 4288 habea
184 4235 293 4300 caliopes
306 4234 331 4284 F
342 4234 475 4295 hecatem
527 4242 543 4290 7
561 4239 655 4290 mnnlla
669 4240 694 4290 F
740 4237 757 4289 8
774 4240 856 4289 uentri
872 4253 923 4288 noo
940 4254 987 4304 pro
1003 4239 1086 4288 omnia
1101 4240 1206 4290 nomina
1217 4252 1342 4304 ponamus
1354 4237 1378 4286 F

85 4323 117 4358 ne
136 4322 153 4356 u
172 4319 218 4371 par
235 4307 320 4356 omnia
340 4307 441 4356 nomina
458 4323 583 4373 ponemus
600 4322 617 4366 ς
682 4308 715 4360 id
727 4308 776 4359 hoc
793 4324 856 4359 sono
876 4310 1025 4359 uominatlui
1045 4323 1132 4359 omnes
1150 4323 1225 4359 casua
1242 4307 1290 4364 re
1342 4303 1375 4356 18

83 4377 234 4427 terminatus
252 4376 394 4426 masculino
413 4376 459 4436 Fq
512 4380 545 4430 21
568 4379 594 4428 iu
612 4376 737 4445 iuvenali]
758 4389 807 4429 sat.
828 4378 854 4442 6,
873 4379 922 4429 471
977 4381 1011 4429 22
1028 4379 1073 4430 aed
1092 4395 1156 4443 quae
1174 4379 1277 4431 mutatis
1294 4391 1312 4435 ς
1329 4377 1374 4427 sed

86 4448 151 4512 quid
169 4447 271 4496 mutatis
292 4445 424 4496 Putacbiua
493 4447 526 4498 23
545 4457 663 4512 coctaque
680 4450 707 4500 F
774 4450 809 4500 24
824 4449 917 4513 accipit
934 4464 979 4499 om.
999 4447 1025 4497 F
1093 4449 1194 4498 madida
1209 4448 1236 4498 F
1284 4447 1375 4498 dieitur

85 4517 111 4567 F
178 4516 212 4566 25
233 4531 313 4582 erugo
328 4516 431 4566 morbus
448 4520 537 4583 regius
556 4533 653 4586 aurugo
672 4519 698 4569 F
711 4533 791 4584 erugo
809 4534 890 4582 erugo
908 4533 924 4574 ς
995 4519 1020 4568 iu
1039 4516 1163 4584 iuvenali]
1183 4525 1233 4570 aut.
1253 4519 1278 4577 5,
1296 4516 1313 4567 8

83 4587 119 4638 26
138 4585 206 4635 nullo
222 4586 324 4652 crepido
344 4595 419 4635 uocat
436 4601 560 4652 nusquam
580 4597 667 4654 posset
684 4589 772 4638 teietes
791 4598 815 4638 et
831 4589 891 4638 talia
907 4589 932 4636 F
998 4589 1032 4637 17
1051 4590 1096 4638 lno
1114 4589 1141 4638 lo
1158 4587 1293 4637 Peaeum
1309 4588 1374 4636 incio

84 4657 182 4707 Fiuno
200 4656 262 4712 ἱος
332 4655 459 4706 28aiecto
479 4671 569 4708 nornen
586 4661 602 4709 δ
618 4659 704 4710 caleno
722 4657 748 4707 F
816 4660 924 4708 montico
941 4659 966 4708 F
1015 4660 1068 4708 exit
1084 4659 1187 4708 calenus
1204 4657 1268 4707 aliua
1285 4657 1374 4705 manti·

84 4741 131 4775 ens
147 4725 223 4774 didus
239 4726 279 4775 ius
294 4727 367 4776 ainus
386 4726 431 4776 sed
448 4726 473 4776 F
541 4727 611 4796 lona]
628 4731 703 4780 ivrnna
720 4741 737 4786 ς
808 4727 840 4780 31
859 4729 932 4795 irogo
951 4728 1018 4789 quod
1034 4737 1074 4778 eat
1087 4729 1245 4794 sanguisuga
1263 4725 1374 4776 curculio

83 4797 109 4846 F
160 4793 334 4862 segetare
384 4795 416 4846 34
435 4798 568 4863 geluan
620 4800 653 4852 38
671 4801 697 4850 in
717 4797 865 4849 masculinis
883 4799 932 4848 oiai
950 4798 1158 4863 appallatiuuaF
1207 4794 1242 4848 40
1259 4794 1374 4859 tanaquil

83 4877 150 4916 uxor
173 4867 283 4929 tarquini
303 4868 405 4932 priscian
425 4868 449 4916 ia
469 4871 564 4920 neutris
582 4869 606 4918 F
680 4869 712 4920 41
730 4866 876 4935 Terentius]
893 4867 1006 4920 Ferreoli.
1026 4869 1045 4917 ΙΙ
1065 4869 1091 4931 3,
1105 4871 1139 4920 24
1208 4873 1289 4932 agunt
1305 4866 1331 4914 F
