3350 5442
302 371 365 436 604
857 375 1037 439 lldCllOllll

327 493 349 535 p.
362 483 420 524 2'l34.
433 481 459 522 85
472 483 494 522 P.

302 562 478 642 aliquotiens
499 581 554 646 nec
577 569 688 624 titillata
704 581 758 623 uec
774 558 868 625 altera'
880 572 1001 644 recepta
1016 581 1091 644 quae
1114 566 1171 625 luit
1193 564 1254 643 ipsa
1276 565 1461 645 producitur,
1477 558 1588 644 ἱδρύει

300 660 434 744 ἵδρυον,
456 655 592 746 iduato
615 658 771 745 ὕδρευον.
799 666 849 726 hic
871 668 951 727 enim
974 687 987 726 ι
1009 675 1039 727 et
1060 687 1083 727 υ
1104 667 1135 727 in
1157 668 1307 746 praesenti
1330 677 1476 747 correpta,
1494 670 1525 727 iu
1540 670 1589 728 iu·

300 769 433 846 perlecto
455 784 525 827 vero
547 767 632 846 longa
648 771 887 847 pronuntiantur.
920 765 1067 830 υίοθετω
1087 776 1184 829 autem
1206 777 1305 830 manet
1327 779 1359 830 ut
1379 769 1451 839 luit,
1473 765 1588 842 υἰοθέ-

299 887 392 940 conv,
415 871 484 950 quia
509 889 567 930 nou
590 871 685 950 potuit
707 869 818 930 hahere
834 890 892 950 qno
907 877 1076 932 cresceret:
1100 872 1131 930 in
1154 874 1303 950 praesenti
1319 873 1399 933 enim
1421 872 1508 949 longa
1529 873 1589 932 luit

300 971 475 1051 diphthongi
499 972 671 1050 privilegio:
696 971 765 1032 licet
786 975 818 1032 in
841 972 1034 1053 diphthongis
1056 975 1183 1035 maxime
1205 972 1413 1034 communibus
1434 981 1612 1054 permista-o

299 1075 341 1133 tio
364 1076 403 1134 sit
423 1081 544 1153 recepta
567 1075 598 1133 in
621 1073 820 1153 diphthongos
842 1074 1006 1153 longiores,
1030 1084 1062 1137 ut
1084 1095 1119 1136 αι
1141 1085 1170 1136 et
1185 1095 1226 1144 οι,
1248 1076 1316 1155 quia
1331 1093 1503 1137 communes
1517 1081 1586 1136 sum

300 1183 409 1236 elnon
432 1194 592 1256 numquam
615 1194 669 1255 pro
691 1175 832 1236 brevibus
855 1176 1017 1247 habentur,
1041 1181 1071 1238 in
1094 1197 1116 1259 ῃ
1139 1185 1189 1237 aut
1210 1178 1239 1237 in
1263 1197 1289 1259 ῳ
1311 1183 1475 1247 mutantur,
1500 1174 1587 1236 αι’νῶ

299 1269 424 1357 ᾔυουν,
454 1273 537 1338 οἰκῶ
565 1269 688 1360 ᾤκουν.
732 1296 789 1338 uec
810 1297 865 1350 ⁴me
892 1282 1036 1358 praeterit
1063 1282 1153 1340 etiam
1182 1297 1226 1339 αυ
1256 1279 1486 1358 diphthongum,
1510 1297 1587 1358 quae

299 1363 458 1458 numquam
481 1398 535 1459 pro
558 1382 707 1441 communi
728 1379 828 1441 hahita
852 1388 912 1452 est,
942 1382 1037 1443 solere
1060 1382 1184 1451 mutari,
1207 1374 1301 1442 addai
1321 1372 1469 1461 ηὔλουν,
1493 1373 1589 1458 αὐχεῖ

298 1474 439 1560 ηὔχουν,
461 1481 532 1542 licet
553 1500 594 1542 ου
616 1491 645 1543 ct
668 1501 697 1544 ει
718 1482 909 1544 inmutabiles
923 1491 1075 1554 maneant,
1099 1477 1191 1562 οδραί
1207 1477 1348 1564 οὔρουν,
1371 1476 1499 1558 οὐτάζω
1521 1475 1584 1542 οἷν
1598 1506 1621 1544 ιο

298 1582 411 1662 ταζον,
436 1579 583 1660 εἰκουιζω
602 1580 787 1665 ·ει’κόυιζον,
818 1581 935 1661 εἰκάζω
957 1584 1102 1661 εἴκαζον·
1130 1574 1169 1645 τὸ
1194 1574 1260 1665 γὰρ
1285 1576 1409 1667 ᾔκαζον
1434 1578 1585 1645 dotando.

299 1703 324 1744 ω
348 1692 419 1764 ειη
442 1687 533 1746 multo
556 1690 738 1750 coustantius
760 1696 894 1758 manent,
917 1686 996 1768 qnod
1018 1690 1234 1748 incrementum
1255 1688 1400 1767 perfectio
1423 1693 1503 1748 tanta
1526 1705 1586 1746 non

298 1788 415 1866 recipit,
439 1781 590 1870 ὠνοῦμαι
612 1783 781 1871 ωὐούμην,
804 1783 875 1870 ἠχεῖ
894 1781 1013 1870 ἤχουν.
1057 1790 1246 1868 excipiuntur
1268 1783 1409 1867 ἕορτιίζω
1423 1781 1584 1863 οῑόψείω.

299 1907 366 1951 cum
390 1891 471 1951 enim
493 1891 569 1971 apud
593 1891 721 1952 Graecos
743 1894 841 1952 omnia
869 1893 1035 1972 inperfecta
1057 1909 1216 1971 numquam
1238 1891 1366 1961 medias,
1394 1891 1447 1952 sed
1468 1897 1585 1951 tantum

297 1991 431 2052 ultimam
465 1992 509 2052 rel
539 1995 666 2072 primam
699 2000 848 2063 moveant,
888 1994 1006 2054 illorum
1039 1993 1164 2054 alterum
1197 1993 1288 2055 solam
1321 1993 1449 2054 mediam
1481 1993 1583 2059 movit,
1598 2020 1621 2058 c

298 2087 473 2174 ἑώρταζον,
496 2112 563 2155 cum
584 2088 746 2175 ἡόρταζου
762 2096 860 2158 lacere
876 2096 1042 2166 debuisset,
1065 2095 1191 2156 alterum
1206 2104 1235 2155 et
1250 2097 1377 2174 primam
1391 2102 1422 2155 et
1444 2093 1583 2162 mediam,

298 2189 400 2272 ὀψείω
423 2190 546 2271 ὤψεον.
577 2189 647 2276 ὁρῶ
669 2200 748 2258 enim
771 2205 801 2258 et
824 2191 939 2277 ἑώρων
960 2215 1020 2258 non
1042 2205 1111 2259 sunt
1132 2206 1235 2259 contra
1257 2197 1399 2276 reguiam,
1422 2198 1493 2276 qnia
1514 2189 1586 2272 δρῶ

298 2317 364 2361 cum
393 2292 492 2378 ω’ρων
514 2300 613 2359 lacere
636 2299 754 2370 doimit,
784 2318 819 2360 ex
849 2298 1010 2360 abundanti
1039 2301 1188 2379 principio
1216 2317 1231 2360 ε
1254 2299 1353 2360 addita
1375 2307 1435 2368 est,
1458 2304 1490 2358 et
1510 2299 1584 2358 lecit

297 2419 351 2480 pro
373 2393 472 2480 ὥρων
494 2395 625 2480 ἑώρων,
648 2408 681 2462 ut
700 2397 842 2481 σι’νοχοῶ
865 2393 1049 2483 ᾠνοχόουν,
1073 2410 1102 2463 οι
1127 2408 1225 2462 tamen
1248 2401 1356 2462 dicitur
1379 2395 1583 2483 ἑωυοχόουν,

297 2511 326 2562 ut
351 2499 418 2582 pro¹
433 2489 477 2583 ἦν
505 2493 564 2582 ἔην
592 2502 703 2564 dicunt.
748 2521 806 2563 non
835 2503 931 2564 solum
959 2504 990 2564 in
1018 2503 1118 2565 verbis
1145 2505 1218 2564 haec
1239 2519 1421 2581 supervacua
1443 2503 1619 2570 adieetioe.

297 2605 349 2665 sed
374 2606 463 2665 etiam
487 2606 517 2664 in
541 2604 711 2665 nominibus
734 2611 875 2685 usurpata
898 2612 954 2674 est,
978 2601 1060 2666 ἕδνα
1082 2601 1179 2666 ἔεδνα
1202 2611 1231 2665 ot
1253 2605 1372 2666 similia.
1409 2597 1581 2684 ἀναβαίνω

296 2714 326 2766 et
355 2702 462 2787 ἐπέχω
489 2725 549 2767 non
576 2710 717 2786 primam,
746 2707 798 2768 sed
827 2707 986 2767 secundam
1009 2707 1150 2787 syllabam
1173 2715 1369 2777 mutaverunt,
1392 2711 1461 2787 quia
1483 2707 1581 2785 prima

296 2827 353 2870 non
377 2808 477 2880 verbi,
502 2809 553 2868 sed
576 2811 805 2888 praepositionis
828 2816 887 2870 est:
911 2808 1001 2869 verba
1016 2811 1096 2870 euim
1111 2817 1180 2870 snut
1201 2808 1308 2888 βαίνω
1330 2807 1394 2888 ἔχω
1416 2816 1446 2868 et
1466 2809 1582 2868 iaciunt

295 2909 432 2990 ἔβαινον
455 2902 558 2990 εἶχον,
581 2911 648 2970 inde
671 2905 852 2990 ἀνέβαινον
875 2907 1018 2990 ἐπεῖχον.
1062 2904 1277 2991 αναισχυντω
1297 2913 1422 2972 mutarit
1443 2913 1579 2989 primam,
1667 2980 1668 2985 ,

294 3005 556 3092 ἠναισχύντουν,
579 3015 648 3093 quia
671 3031 705 3074 ex
729 3015 849 3074 nomine
872 3015 1057 3093 conpositum
1079 3020 1139 3083 est,
1169 3013 1199 3073 id
1222 3020 1267 3073 est
1288 3006 1377 3092 βῆμα
1400 3010 1404 3092 Ι
1428 3003 1618 3092 ονοματος,
1667 3000 1668 3007 ¹

294 3108 372 3194 κόν,
401 3107 623 3194 ἀναίσχυντος
650 3109 874 3194 ἀναισχυντεῖ.
919 3114 1010 3176 verba
1037 3123 1135 3175 autem
1157 3131 1194 3174 ex
1221 3115 1386 3194 conpositis
1407 3111 1581 3176 nominibus

294 3215 503 3296 parasyntheta
518 3223 660 3279 vocantur
681 3225 711 3278 et
733 3235 748 3277 a
771 3219 869 3297 prima
891 3215 1001 3296 syllaba
1023 3215 1218 3286 declinantur,
1240 3223 1274 3277 ut
1288 3213 1451 3297 ottrannus
1464 3213 1579 3294 φιλικ·

294 3317 374 3394 αίζω
398 3315 625 3398 ἐφιλίππιζονι
649 3317 719 3380 licet
736 3337 795 3380 nou
811 3321 945 3396 ignorem
962 3318 1041 3398 quod
1057 3314 1226 3399 σύμμαχος
1248 3326 1278 3378 et
1300 3313 1488 3397 συνήγορος
1507 3335 1579 3377 con·

294 3423 388 3500 posita
410 3423 470 3482 sint
492 3423 610 3482 nomina
633 3429 663 3481 et
685 3441 720 3482 ex
744 3439 775 3481 se
798 3422 909 3482 iaciant
930 3419 1020 3481 rerba
1042 3420 1267 3501 parasyntheta,
1296 3417 1457 3501 συμμαχεῖ
1477 3431 1580 3499 συυη·

292 3522 396 3604 γοριδ,
420 3539 495 3604 quae
518 3528 615 3584 tamen
643 3542 701 3584 non
724 3523 810 3593 loric,
840 3523 892 3584 sed
915 3524 997 3583 intus
1018 3523 1222 3592 declinantur,
1245 3520 1408 3603 συμμαχω
1428 3517 1616 3600 conspui-2,
1665 3558 1666 3597 3

291 3643 386 3704 χουν,
410 3623 588 3705 συνηγορῶ
610 3621 840 3705 συνηγόρουνε
864 3625 917 3685 sed
940 3624 995 3684 hoc
1017 3625 1099 3695 ideo,
1123 3627 1192 3705 quia
1215 3626 1396 3705 praepositio
1417 3623 1467 3684 hic
1488 3622 1579 3685 habet
1665 3632 1666 3639 ’

292 3727 537 3804 significationem
554 3746 646 3788 suam.
678 3736 810 3789 ceterum
833 3725 885 3787 ubi
908 3726 1006 3788 nullus
1025 3745 1061 3788 ex
1084 3729 1303 3807 praepositione
1325 3743 1432 3787 sensus
1453 3725 1578 3790 accedit.

291 3829 364 3889 loris
391 3828 556 3890 declinatur
584 3830 798 3909 inperfectum,
831 3828 863 3888 id
885 3834 930 3889 est
952 3828 1080 3890 adicitur
1101 3829 1144 3890 illi
1167 3829 1291 3899 vocalis,
1322 3836 1469 3909 tamquam
1491 3847 1579 3908 prae·
1664 3904 1665 3907 Ἴ

291 3949 358 3990 sens
386 3937 502 4011 tempus
530 3933 654 4011 incipiat
682 3949 697 3990 a
721 3931 909 4000 consonanti,
934 3929 1059 4007 καθίζω
1083 3927 1256 4011 ἐκάθιζον,
1285 3927 1444 3992 καθεύδω
1472 3927 1580 3992 ἐκάθ-
1664 3922 1665 3975 l

209 4031 214 4037 '
292 4029 408 4093 evdon:
433 4033 488 4094 hoo
511 4042 556 4094 est
577 4029 632 4109 ἵζω
654 4031 732 4112 quod
755 4031 892 4113 καθιζω,
916 4032 972 4092 hoc
995 4027 1084 4094 εὕδω
1107 4034 1185 4114 quod
1207 4028 1378 4112 καθεύδω,
1400 4036 1470 4113 quia
1492 4049 1612 4113 prae-³3

289 4136 399 4215 positio
422 4135 496 4197 nihil
518 4135 674 4213 significat.
705 4132 756 4194 uhi
780 4153 850 4194 vero
874 4134 994 4195 additur
1008 4153 1046 4195 ex
1067 4136 1286 4215 praepositione
1309 4152 1430 4205 sensus,
1453 4142 1524 4195 tuuc
1546 4139 1577 4195 in
1663 4118 1664 4125 ἵ

247 4271 249 4276 -
290 4237 487 4299 declinatione
510 4239 668 4317 inperfecti
684 4237 869 4316 quaerimus,
892 4237 970 4297 uude
993 4238 1116 4316 incipiat
1137 4236 1261 4298 verbum
1282 4240 1381 4317 ipsum
1403 4239 1470 4299 sine
1491 4255 1577 4316 prae·

288 4341 452 4416 positione;
476 4346 506 4400 et
528 4343 552 4400 si
577 4337 699 4400 verbum
724 4359 740 4400 a
763 4339 856 4400 vocali
878 4341 995 4419 incipit,
1019 4339 1152 4418 quamvis
1174 4339 1358 4419 praepositio
1380 4337 1489 4401 habeat
1508 4357 1576 4400 con·
1662 4394 1663 4399 ,

175 4480 181 4495 ·
289 4449 456 4510 sonantem,
482 4441 564 4502 verbi
588 4449 685 4503 muron
709 4440 837 4501 vocalem
853 4458 890 4502 ex
904 4439 988 4501 brevi
1003 4449 1151 4502 mutamus
1173 4443 1205 4502 in
1227 4440 1358 4520 longam,
1382 4449 1417 4502 ut
1439 4436 1573 4520 συνάγω

288 4537 448 4623 συνῆγον,
472 4545 541 4623 quia
564 4543 644 4604 aliud
666 4550 711 4605 est
733 4537 822 4624 ἄγω,
847 4543 926 4606 aliud
949 4538 1099 4623 συνάγω.
1144 4546 1216 4604 item
1239 4545 1265 4604 si
1292 4545 1477 4623 praepositio
1499 4561 1605 4623 quaeq

356 4801 372 4850 7
390 4801 529 4851 habeantur
548 4801 573 4850 tn
593 4817 611 4865 η
630 4809 673 4850 aut
690 4803 716 4850 iu
729 4815 751 4851 ω
769 4800 794 4849 Ρ
850 4799 867 4848 9
885 4795 965 4848 αυδω
982 4796 1092 4863 qudam
1103 4800 1129 4848 P
1199 4799 1228 4850 ll
1247 4791 1365 4851 ἆττιιιόε
1381 4817 1403 4851 ω
1415 4807 1442 4849 et
1458 4817 1478 4866 η
1494 4798 1570 4848 multo

286 4871 389 4920 coelech
406 4869 552 4935 Opsopoeua
572 4882 726 4930 αττικονως
738 4869 816 4919 mullo
836 4869 859 4918 Ρ
875 4857 992 4918 detrudo
1010 4860 1069 4918 ἐστι
1087 4869 1163 4919 mralto
1179 4884 1197 4932 p
1254 4871 1289 4920 24
1308 4878 1404 4920 mutant
1422 4873 1448 4922 Ρ
1463 4877 1569 4934 mutatp
