<?xml version="1.0" encoding="UTF-8"?>
<!DOCTYPE html PUBLIC "-//W3C//DTD XHTML 1.0 Transitional//EN"
    "http://www.w3.org/TR/xhtml1/DTD/xhtml1-transitional.dtd">
<html xmlns="http://www.w3.org/1999/xhtml" xml:lang="en" lang="en">
 <head>
  <title>
</title>
<meta http-equiv="Content-Type" content="text/html;charset=utf-8" />
  <meta name='ocr-system' content='tesseract 3.04.00' />
  <meta name='ocr-capabilities' content='ocr_page ocr_carea ocr_par ocr_line ocrx_word'/>
</head>
<body>
  <div class='ocr_page' id='page_1' title='image "./grammaticilatin02hagagoog_0219.png"; bbox 0 0 3350 5442; ppageno 0'>
   <div class='ocr_carea' id='block_1_1' title="bbox 292 356 1012 421">
    <p class='ocr_par' dir='ltr' id='par_1_1' title="bbox 292 356 1012 421">
     <span class='ocr_line' id='line_1_1' title="bbox 292 356 1012 421; baseline 0 0"><span class='ocrx_word' id='word_1_1' title='bbox 292 356 356 421; x_wconf 80' lang='lat'><strong>210</strong></span> <span class='ocrx_word' id='word_1_2' title='bbox 859 358 1012 421; x_wconf 77' lang='lat' dir='ltr'><strong>POMPEI!</strong></span> 
     </span>
    </p>
   </div>
   <div class='ocr_carea' id='block_1_2' title="bbox 292 466 1586 628">
    <p class='ocr_par' dir='ltr' id='par_1_2' title="bbox 292 466 1586 628">
     <span class='ocr_line' id='line_1_2' title="bbox 334 466 477 508; baseline -0.007 -1"><span class='ocrx_word' id='word_1_3' title='bbox 334 496 339 507; x_wconf 95' lang='lat'><strong>.</strong></span> <span class='ocrx_word' id='word_1_4' title='bbox 353 468 441 508; x_wconf 63' lang='lat' dir='ltr'><strong>asem</strong></span> <span class='ocrx_word' id='word_1_5' title='bbox 456 466 477 507; x_wconf 85' lang='lat' dir='ltr'><strong>r.</strong></span> 
     </span>
     <span class='ocr_line' id='line_1_3' title="bbox 292 481 1586 628; baseline -0.003 -19"><span class='ocrx_word' id='word_1_6' title='bbox 292 481 458 628; x_wconf 69' lang='lat' dir='ltr'><strong>plonomen</strong></span> <span class='ocrx_word' id='word_1_7' title='bbox 484 545 544 627; x_wconf 90' lang='lat' dir='ltr'><strong>[sui</strong></span> <span class='ocrx_word' id='word_1_8' title='bbox 567 545 624 606; x_wconf 90' lang='lat' dir='ltr'><strong>sibi</strong></span> <span class='ocrx_word' id='word_1_9' title='bbox 646 564 678 605; x_wconf 92' lang='lat' dir='ltr'><strong>se</strong></span> <span class='ocrx_word' id='word_1_10' title='bbox 702 543 705 626; x_wconf 76' lang='lat' dir='ltr'><strong>l</strong></span> <span class='ocrx_word' id='word_1_11' title='bbox 730 563 745 606; x_wconf 90' lang='lat' dir='ltr'><strong>a</strong></span> <span class='ocrx_word' id='word_1_12' title='bbox 769 545 815 627; x_wconf 88' lang='lat' dir='ltr'><strong>se]</strong></span> <span class='ocrx_word' id='word_1_13' title='bbox 840 554 979 624; x_wconf 86' lang='lat' dir='ltr'><strong>quattuor</strong></span> <span class='ocrx_word' id='word_1_14' title='bbox 1000 545 1091 607; x_wconf 83' lang='lat' dir='ltr'><strong>habet</strong></span> <span class='ocrx_word' id='word_1_15' title='bbox 1113 564 1200 609; x_wconf 88' lang='lat' dir='ltr'><strong>casus</strong></span> <span class='ocrx_word' id='word_1_16' title='bbox 1221 553 1334 607; x_wconf 86' lang='lat' dir='ltr'><strong>tantum</strong></span> <span class='ocrx_word' id='word_1_17' title='bbox 1356 545 1461 614; x_wconf 90' lang='lat' dir='ltr'><strong>modo,</strong></span> <span class='ocrx_word' id='word_1_18' title='bbox 1490 545 1586 605; x_wconf 91' lang='lat' dir='ltr'><strong>nomi·</strong></span> 
     </span>
    </p>
   </div>
   <div class='ocr_carea' id='block_1_3' title="bbox 131 646 1627 4510">
    <p class='ocr_par' dir='ltr' id='par_1_3' title="bbox 288 646 1626 1844">
     <span class='ocr_line' id='line_1_4' title="bbox 291 646 1586 726; baseline -0.004 -15"><span class='ocrx_word' id='word_1_19' title='bbox 291 652 422 711; x_wconf 90' lang='lat' dir='ltr'><strong>nativum</strong></span> <span class='ocrx_word' id='word_1_20' title='bbox 446 656 475 709; x_wconf 92' lang='lat' dir='ltr'><strong>et</strong></span> <span class='ocrx_word' id='word_1_21' title='bbox 496 649 659 709; x_wconf 89' lang='lat' dir='ltr'><strong>vocativum</strong></span> <span class='ocrx_word' id='word_1_22' title='bbox 683 666 743 709; x_wconf 93' lang='lat' dir='ltr'><strong>non</strong></span> <span class='ocrx_word' id='word_1_23' title='bbox 766 647 871 718; x_wconf 86' lang='lat' dir='ltr'><strong>habet,</strong></span> <span class='ocrx_word' id='word_1_24' title='bbox 901 657 930 710; x_wconf 86' lang='lat' dir='ltr'><strong>et</strong></span> <span class='ocrx_word' id='word_1_25' title='bbox 953 656 997 709; x_wconf 89' lang='lat' dir='ltr'><strong>est</strong></span> <span class='ocrx_word' id='word_1_26' title='bbox 1018 650 1175 726; x_wconf 85' lang='lat' dir='ltr'><strong>utriusque</strong></span> <span class='ocrx_word' id='word_1_27' title='bbox 1196 650 1328 709; x_wconf 87' lang='lat' dir='ltr'><strong>numeri:</strong></span> <span class='ocrx_word' id='word_1_28' title='bbox 1367 649 1413 709; x_wconf 91' lang='lat' dir='ltr'><strong>sui</strong></span> <span class='ocrx_word' id='word_1_29' title='bbox 1435 646 1491 708; x_wconf 87' lang='lat' dir='ltr'><strong>sibi</strong></span> <span class='ocrx_word' id='word_1_30' title='bbox 1513 665 1546 707; x_wconf 88' lang='lat' dir='ltr'><strong>se</strong></span> <span class='ocrx_word' id='word_1_31' title='bbox 1569 665 1586 706; x_wconf 88' lang='lat' dir='ltr'><strong>a</strong></span> 
     </span>
     <span class='ocr_line' id='line_1_5' title="bbox 290 748 1587 831; baseline -0.004 -18"><span class='ocrx_word' id='word_1_32' title='bbox 290 770 322 813; x_wconf 91' lang='lat' dir='ltr'><strong>se</strong></span> <span class='ocrx_word' id='word_1_33' title='bbox 344 758 483 831; x_wconf 87' lang='lat' dir='ltr'><strong>quattuor</strong></span> <span class='ocrx_word' id='word_1_34' title='bbox 506 769 591 812; x_wconf 90' lang='lat' dir='ltr'><strong>casus</strong></span> <span class='ocrx_word' id='word_1_35' title='bbox 613 759 695 821; x_wconf 91' lang='lat' dir='ltr'><strong>sunt,</strong></span> <span class='ocrx_word' id='word_1_36' title='bbox 720 749 771 812; x_wconf 91' lang='lat' dir='ltr'><strong>scd</strong></span> <span class='ocrx_word' id='word_1_37' title='bbox 794 752 950 829; x_wconf 88' lang='lat' dir='ltr'><strong>utriusque</strong></span> <span class='ocrx_word' id='word_1_38' title='bbox 972 753 1097 813; x_wconf 89' lang='lat' dir='ltr'><strong>numeri.</strong></span> <span class='ocrx_word' id='word_1_39' title='bbox 1125 769 1194 811; x_wconf 89' lang='lat' dir='ltr'><strong>uam</strong></span> <span class='ocrx_word' id='word_1_40' title='bbox 1216 759 1247 813; x_wconf 89' lang='lat' dir='ltr'><strong>et</strong></span> <span class='ocrx_word' id='word_1_41' title='bbox 1268 752 1308 811; x_wconf 94' lang='lat' dir='ltr'><strong>ita</strong></span> <span class='ocrx_word' id='word_1_42' title='bbox 1329 768 1450 831; x_wconf 90' lang='lat' dir='ltr'><strong>possum</strong></span> <span class='ocrx_word' id='word_1_43' title='bbox 1473 748 1587 817; x_wconf 79' lang='lat' dir='ltr'><strong>dicere,</strong></span> 
     </span>
     <span class='ocr_line' id='line_1_6' title="bbox 291 852 1588 931; baseline -0.003 -16"><span class='ocrx_word' id='word_1_44' title='bbox 291 856 354 915; x_wconf 84' lang='lat' dir='ltr'><strong>‘sui</strong></span> <span class='ocrx_word' id='word_1_45' title='bbox 377 872 464 915; x_wconf 89' lang='lat' dir='ltr'><strong>causa</strong></span> <span class='ocrx_word' id='word_1_46' title='bbox 487 852 589 923; x_wconf 76' lang='lat' dir='ltr'><strong>lecit’,</strong></span> <span class='ocrx_word' id='word_1_47' title='bbox 614 860 643 913; x_wconf 90' lang='lat' dir='ltr'><strong>et</strong></span> <span class='ocrx_word' id='word_1_48' title='bbox 664 854 728 914; x_wconf 71' lang='lat' dir='ltr'><strong>‘sui</strong></span> <span class='ocrx_word' id='word_1_49' title='bbox 751 870 837 913; x_wconf 89' lang='lat' dir='ltr'><strong>causa</strong></span> <span class='ocrx_word' id='word_1_50' title='bbox 861 852 1023 913; x_wconf 85' lang='lat' dir='ltr'><strong>iecerunt&#39;.</strong></span> <span class='ocrx_word' id='word_1_51' title='bbox 1058 852 1139 915; x_wconf 90' lang='lat' dir='ltr'><strong>vides</strong></span> <span class='ocrx_word' id='word_1_52' title='bbox 1162 853 1301 931; x_wconf 90' lang='lat' dir='ltr'><strong>quoniam</strong></span> <span class='ocrx_word' id='word_1_53' title='bbox 1323 861 1353 914; x_wconf 89' lang='lat' dir='ltr'><strong>et</strong></span> <span class='ocrx_word' id='word_1_54' title='bbox 1373 870 1501 913; x_wconf 91' lang='lat' dir='ltr'><strong>numero</strong></span> <span class='ocrx_word' id='word_1_55' title='bbox 1524 852 1588 911; x_wconf 87' lang='lat' dir='ltr'><strong>sin·</strong></span> 
     </span>
     <span class='ocr_line' id='line_1_7' title="bbox 289 953 1614 1037; baseline -0.004 -22"><span class='ocrx_word' id='word_1_56' title='bbox 289 955 385 1035; x_wconf 87' lang='lat' dir='ltr'><strong>gulari</strong></span> <span class='ocrx_word' id='word_1_57' title='bbox 406 974 525 1037; x_wconf 90' lang='lat' dir='ltr'><strong>possum</strong></span> <span class='ocrx_word' id='word_1_58' title='bbox 548 956 671 1033; x_wconf 89' lang='lat' dir='ltr'><strong>iungere</strong></span> <span class='ocrx_word' id='word_1_59' title='bbox 695 963 724 1016; x_wconf 94' lang='lat' dir='ltr'><strong>et</strong></span> <span class='ocrx_word' id='word_1_60' title='bbox 747 953 805 1035; x_wconf 90' lang='lat' dir='ltr'><strong>[in]</strong></span> <span class='ocrx_word' id='word_1_61' title='bbox 829 973 956 1016; x_wconf 90' lang='lat' dir='ltr'><strong>numero</strong></span> <span class='ocrx_word' id='word_1_62' title='bbox 978 953 1096 1035; x_wconf 78' lang='lat' dir='ltr'>plurali.</span> <span class='ocrx_word' id='word_1_63' title='bbox 1119 954 1228 1015; x_wconf 91' lang='lat' dir='ltr'><strong>hocin</strong></span> <span class='ocrx_word' id='word_1_64' title='bbox 1251 954 1302 1015; x_wconf 94' lang='lat' dir='ltr'><strong>illo</strong></span> <span class='ocrx_word' id='word_1_65' title='bbox 1322 956 1501 1034; x_wconf 78' lang='lat' dir='ltr'><strong>pronomine</strong></span> <span class='ocrx_word' id='word_1_66' title='bbox 1524 971 1614 1014; x_wconf 85' lang='lat' dir='ltr'><strong>nons</strong></span> 
     </span>
     <span class='ocr_line' id='line_1_8' title="bbox 289 1054 1587 1139; baseline -0.004 -20"><span class='ocrx_word' id='word_1_67' title='bbox 289 1077 409 1139; x_wconf 88' lang='lat' dir='ltr'><strong>possum</strong></span> <span class='ocrx_word' id='word_1_68' title='bbox 432 1058 545 1127; x_wconf 87' lang='lat' dir='ltr'><strong>iacere,</strong></span> <span class='ocrx_word' id='word_1_69' title='bbox 570 1062 639 1117; x_wconf 83' lang='lat' dir='ltr'><strong>‘suo</strong></span> <span class='ocrx_word' id='word_1_70' title='bbox 663 1055 776 1118; x_wconf 86' lang='lat' dir='ltr'><strong>homini</strong></span> <span class='ocrx_word' id='word_1_71' title='bbox 798 1056 900 1117; x_wconf 84' lang='lat' dir='ltr'><strong>dixit&#39;.</strong></span> <span class='ocrx_word' id='word_1_72' title='bbox 937 1058 995 1117; x_wconf 90' lang='lat' dir='ltr'><strong>iam</strong></span> <span class='ocrx_word' id='word_1_73' title='bbox 1019 1058 1044 1119; x_wconf 88' lang='lat' dir='ltr'><strong>si</strong></span> <span class='ocrx_word' id='word_1_74' title='bbox 1067 1056 1131 1118; x_wconf 94' lang='lat' dir='ltr'><strong>volo</strong></span> <span class='ocrx_word' id='word_1_75' title='bbox 1154 1057 1226 1119; x_wconf 88' lang='lat' dir='ltr'><strong>dare</strong></span> <span class='ocrx_word' id='word_1_76' title='bbox 1247 1075 1406 1118; x_wconf 92' lang='lat' dir='ltr'><strong>numerum</strong></span> <span class='ocrx_word' id='word_1_77' title='bbox 1427 1054 1587 1135; x_wconf 88' lang='lat' dir='ltr'><strong>pluralem,</strong></span> 
     </span>
     <span class='ocr_line' id='line_1_9' title="bbox 291 1158 1589 1239; baseline -0.003 -18"><span class='ocrx_word' id='word_1_78' title='bbox 291 1179 349 1221; x_wconf 91' lang='lat' dir='ltr'><strong>non</strong></span> <span class='ocrx_word' id='word_1_79' title='bbox 377 1160 444 1220; x_wconf 91' lang='lat' dir='ltr'><strong>dico</strong></span> <span class='ocrx_word' id='word_1_80' title='bbox 471 1178 540 1229; x_wconf 91' lang='lat' dir='ltr'><strong>suo,</strong></span> <span class='ocrx_word' id='word_1_81' title='bbox 570 1158 622 1219; x_wconf 90' lang='lat' dir='ltr'><strong>sed</strong></span> <span class='ocrx_word' id='word_1_82' title='bbox 652 1160 731 1219; x_wconf 75' lang='lat' dir='ltr'><strong>‘suis</strong></span> <span class='ocrx_word' id='word_1_83' title='bbox 760 1158 931 1220; x_wconf 86' lang='lat' dir='ltr'><strong>hominibus</strong></span> <span class='ocrx_word' id='word_1_84' title='bbox 960 1158 1060 1220; x_wconf 83' lang='lat' dir='ltr'><strong>dtrtt’.</strong></span> <span class='ocrx_word' id='word_1_85' title='bbox 1105 1159 1185 1221; x_wconf 90' lang='lat' dir='ltr'><strong>unde</strong></span> <span class='ocrx_word' id='word_1_86' title='bbox 1213 1167 1336 1239; x_wconf 90' lang='lat' dir='ltr'><strong>apparet</strong></span> <span class='ocrx_word' id='word_1_87' title='bbox 1362 1160 1500 1239; x_wconf 89' lang='lat' dir='ltr'><strong>quoniam</strong></span> <span class='ocrx_word' id='word_1_88' title='bbox 1523 1175 1589 1217; x_wconf 91' lang='lat' dir='ltr'><strong>non</strong></span> 
     </span>
     <span class='ocr_line' id='line_1_10' title="bbox 288 1259 1588 1342; baseline -0.003 -19"><span class='ocrx_word' id='word_1_89' title='bbox 288 1263 358 1323; x_wconf 89' lang='lat' dir='ltr'><strong>inde</strong></span> <span class='ocrx_word' id='word_1_90' title='bbox 380 1261 543 1322; x_wconf 89' lang='lat' dir='ltr'><strong>deseendit.</strong></span> <span class='ocrx_word' id='word_1_91' title='bbox 576 1268 620 1321; x_wconf 90' lang='lat' dir='ltr'><strong>est</strong></span> <span class='ocrx_word' id='word_1_92' title='bbox 643 1261 730 1322; x_wconf 88' lang='lat' dir='ltr'><strong>etiam</strong></span> <span class='ocrx_word' id='word_1_93' title='bbox 754 1260 810 1322; x_wconf 90' lang='lat' dir='ltr'><strong>alia</strong></span> <span class='ocrx_word' id='word_1_94' title='bbox 833 1263 925 1331; x_wconf 88' lang='lat' dir='ltr'><strong>ratio,</strong></span> <span class='ocrx_word' id='word_1_95' title='bbox 947 1262 1026 1323; x_wconf 89' lang='lat' dir='ltr'><strong>unde</strong></span> <span class='ocrx_word' id='word_1_96' title='bbox 1048 1261 1105 1324; x_wconf 88' lang='lat' dir='ltr'><strong>hoe</strong></span> <span class='ocrx_word' id='word_1_97' title='bbox 1126 1261 1244 1342; x_wconf 89' lang='lat' dir='ltr'><strong>planius</strong></span> <span class='ocrx_word' id='word_1_98' title='bbox 1264 1259 1428 1339; x_wconf 81' lang='lat' dir='ltr'><strong>intellegas.</strong></span> <span class='ocrx_word' id='word_1_99' title='bbox 1462 1261 1588 1320; x_wconf 92' lang='lat' dir='ltr'><strong>omnino</strong></span> 
     </span>
     <span class='ocr_line' id='line_1_11' title="bbox 289 1362 1586 1443; baseline -0.003 -18"><span class='ocrx_word' id='word_1_100' title='bbox 289 1366 320 1425; x_wconf 87' lang='lat' dir='ltr'><strong>iu</strong></span> <span class='ocrx_word' id='word_1_101' title='bbox 353 1382 454 1425; x_wconf 89' lang='lat' dir='ltr'><strong>rerum</strong></span> <span class='ocrx_word' id='word_1_102' title='bbox 484 1371 590 1424; x_wconf 88' lang='lat' dir='ltr'><strong>natura</strong></span> <span class='ocrx_word' id='word_1_103' title='bbox 618 1382 678 1424; x_wconf 92' lang='lat' dir='ltr'><strong>non</strong></span> <span class='ocrx_word' id='word_1_104' title='bbox 705 1370 804 1443; x_wconf 88' lang='lat' dir='ltr'><strong>potest</strong></span> <span class='ocrx_word' id='word_1_105' title='bbox 831 1383 909 1425; x_wconf 92' lang='lat' dir='ltr'><strong>unus</strong></span> <span class='ocrx_word' id='word_1_106' title='bbox 936 1382 1003 1425; x_wconf 88' lang='lat' dir='ltr'><strong>esse</strong></span> <span class='ocrx_word' id='word_1_107' title='bbox 1031 1365 1083 1441; x_wconf 87' lang='lat' dir='ltr'><strong>qui</strong></span> <span class='ocrx_word' id='word_1_108' title='bbox 1110 1363 1243 1442; x_wconf 80' lang='lat' dir='ltr'><strong>possidet</strong></span> <span class='ocrx_word' id='word_1_109' title='bbox 1270 1371 1299 1425; x_wconf 90' lang='lat' dir='ltr'><strong>et</strong></span> <span class='ocrx_word' id='word_1_110' title='bbox 1325 1365 1378 1443; x_wconf 89' lang='lat' dir='ltr'><strong>qui</strong></span> <span class='ocrx_word' id='word_1_111' title='bbox 1404 1362 1586 1442; x_wconf 89' lang='lat' dir='ltr'><strong>possidetur.</strong></span> 
     </span>
     <span class='ocr_line' id='line_1_12' title="bbox 289 1463 1626 1547; baseline -0.001 -20"><span class='ocrx_word' id='word_1_112' title='bbox 289 1486 357 1527; x_wconf 91' lang='lat' dir='ltr'><strong>nam</strong></span> <span class='ocrx_word' id='word_1_113' title='bbox 387 1484 456 1526; x_wconf 89' lang='lat' dir='ltr'><strong>ecce</strong></span> <span class='ocrx_word' id='word_1_114' title='bbox 484 1484 567 1527; x_wconf 89' lang='lat' dir='ltr'><strong>suus:</strong></span> <span class='ocrx_word' id='word_1_115' title='bbox 602 1464 719 1547; x_wconf 88' lang='lat' dir='ltr'><strong>quaudo</strong></span> <span class='ocrx_word' id='word_1_116' title='bbox 748 1466 813 1527; x_wconf 92' lang='lat' dir='ltr'><strong>dico</strong></span> <span class='ocrx_word' id='word_1_117' title='bbox 844 1467 931 1527; x_wconf 78' lang='lat' dir='ltr'><strong>‘suus</strong></span> <span class='ocrx_word' id='word_1_118' title='bbox 952 1465 1070 1535; x_wconf 85' lang='lat' dir='ltr'><strong>homo&#39;,</strong></span> <span class='ocrx_word' id='word_1_119' title='bbox 1100 1465 1224 1527; x_wconf 90' lang='lat' dir='ltr'><strong>ostendo</strong></span> <span class='ocrx_word' id='word_1_120' title='bbox 1246 1473 1276 1526; x_wconf 92' lang='lat' dir='ltr'><strong>et</strong></span> <span class='ocrx_word' id='word_1_121' title='bbox 1296 1482 1413 1526; x_wconf 87' lang='lat' dir='ltr'><strong>servum</strong></span> <span class='ocrx_word' id='word_1_122' title='bbox 1436 1473 1466 1525; x_wconf 90' lang='lat' dir='ltr'><strong>et</strong></span> <span class='ocrx_word' id='word_1_123' title='bbox 1486 1463 1587 1525; x_wconf 89' lang='lat' dir='ltr'><strong>domi·</strong></span> <span class='ocrx_word' id='word_1_124' title='bbox 1602 1482 1626 1519; x_wconf 79' lang='grc' dir='ltr'><strong>ιο</strong></span> 
     </span>
     <span class='ocr_line' id='line_1_13' title="bbox 291 1566 1587 1647; baseline -0.002 -18"><span class='ocrx_word' id='word_1_125' title='bbox 291 1586 376 1636; x_wconf 87' lang='lat' dir='ltr'><strong>num,</strong></span> <span class='ocrx_word' id='word_1_126' title='bbox 401 1576 433 1629; x_wconf 93' lang='lat' dir='ltr'><strong>ut</strong></span> <span class='ocrx_word' id='word_1_127' title='bbox 455 1574 524 1647; x_wconf 84' lang='lat' dir='ltr'><strong>puta</strong></span> <span class='ocrx_word' id='word_1_128' title='bbox 548 1568 667 1629; x_wconf 89' lang='lat' dir='ltr'><strong>Birrum</strong></span> <span class='ocrx_word' id='word_1_129' title='bbox 692 1576 721 1629; x_wconf 88' lang='lat' dir='ltr'><strong>et</strong></span> <span class='ocrx_word' id='word_1_130' title='bbox 743 1568 904 1630; x_wconf 89' lang='lat' dir='ltr'><strong>dominum.</strong></span> <span class='ocrx_word' id='word_1_131' title='bbox 936 1568 1053 1647; x_wconf 90' lang='lat' dir='ltr'><strong>quando</strong></span> <span class='ocrx_word' id='word_1_132' title='bbox 1076 1574 1174 1630; x_wconf 86' lang='lat' dir='ltr'><strong>autem</strong></span> <span class='ocrx_word' id='word_1_133' title='bbox 1197 1567 1264 1628; x_wconf 88' lang='lat' dir='ltr'><strong>dico</strong></span> <span class='ocrx_word' id='word_1_134' title='bbox 1287 1566 1362 1627; x_wconf 70' lang='lat' dir='ltr'><strong>‘sibi</strong></span> <span class='ocrx_word' id='word_1_135' title='bbox 1376 1566 1474 1637; x_wconf 90' lang='lat' dir='ltr'><strong>iacit’,</strong></span> <span class='ocrx_word' id='word_1_136' title='bbox 1497 1584 1587 1627; x_wconf 91' lang='lat' dir='ltr'><strong>num·</strong></span> 
     </span>
     <span class='ocr_line' id='line_1_14' title="bbox 289 1668 1589 1752; baseline -0.003 -20"><span class='ocrx_word' id='word_1_137' title='bbox 289 1671 360 1752; x_wconf 89' lang='lat' dir='ltr'><strong>quid</strong></span> <span class='ocrx_word' id='word_1_138' title='bbox 393 1670 434 1731; x_wconf 91' lang='lat' dir='ltr'><strong>ibi</strong></span> <span class='ocrx_word' id='word_1_139' title='bbox 467 1676 552 1750; x_wconf 86' lang='lat' dir='ltr'><strong>potes</strong></span> <span class='ocrx_word' id='word_1_140' title='bbox 585 1670 657 1730; x_wconf 90' lang='lat' dir='ltr'><strong>duas</strong></span> <span class='ocrx_word' id='word_1_141' title='bbox 683 1688 827 1749; x_wconf 82' lang='lat' dir='ltr'><strong>personas</strong></span> <span class='ocrx_word' id='word_1_142' title='bbox 854 1668 1047 1750; x_wconf 73' lang='lat' dir='ltr'><strong>intellegere?</strong></span> <span class='ocrx_word' id='word_1_143' title='bbox 1080 1669 1172 1731; x_wconf 89' lang='lat' dir='ltr'><strong>habes</strong></span> <span class='ocrx_word' id='word_1_144' title='bbox 1200 1688 1285 1748; x_wconf 90' lang='lat' dir='ltr'><strong>ergo,</strong></span> <span class='ocrx_word' id='word_1_145' title='bbox 1320 1668 1372 1731; x_wconf 82' lang='lat' dir='ltr'><strong>uiri</strong></span> <span class='ocrx_word' id='word_1_146' title='bbox 1399 1668 1459 1729; x_wconf 94' lang='lat' dir='ltr'><strong>duo</strong></span> <span class='ocrx_word' id='word_1_147' title='bbox 1485 1668 1589 1729; x_wconf 82' lang='lat' dir='ltr'><strong>desint</strong></span> 
     </span>
     <span class='ocr_line' id='line_1_15' title="bbox 289 1770 693 1844; baseline -0.005 -9"><span class='ocrx_word' id='word_1_148' title='bbox 289 1792 388 1844; x_wconf 87' lang='lat' dir='ltr'><strong>casus,</strong></span> <span class='ocrx_word' id='word_1_149' title='bbox 412 1774 457 1834; x_wconf 92' lang='lat' dir='ltr'><strong>sui</strong></span> <span class='ocrx_word' id='word_1_150' title='bbox 479 1770 536 1833; x_wconf 91' lang='lat' dir='ltr'><strong>sibi</strong></span> <span class='ocrx_word' id='word_1_151' title='bbox 559 1790 591 1832; x_wconf 93' lang='lat' dir='ltr'><strong>se</strong></span> <span class='ocrx_word' id='word_1_152' title='bbox 614 1791 630 1832; x_wconf 88' lang='lat' dir='ltr'><strong>a</strong></span> <span class='ocrx_word' id='word_1_153' title='bbox 653 1792 693 1833; x_wconf 91' lang='lat' dir='ltr'><strong>se.</strong></span> 
     </span>
    </p>

    <p class='ocr_par' dir='ltr' id='par_1_4' title="bbox 169 1871 1627 4283">
     <span class='ocr_line' id='line_1_16' title="bbox 169 1871 1587 1957; baseline -0.001 -22"><span class='ocrx_word' id='word_1_154' title='bbox 169 1886 229 1949; x_wconf 77' lang='grc'>436,</span> <span class='ocrx_word' id='word_1_155' title='bbox 244 1888 275 1936; x_wconf 86' lang='grc'><strong>10</strong></span> <span class='ocrx_word' id='word_1_156' title='bbox 372 1874 564 1935; x_wconf 86' lang='lat' dir='ltr'><strong>Inveniuntur</strong></span> <span class='ocrx_word' id='word_1_157' title='bbox 592 1873 687 1952; x_wconf 89' lang='lat' dir='ltr'><strong>aliqua</strong></span> <span class='ocrx_word' id='word_1_158' title='bbox 718 1877 892 1955; x_wconf 90' lang='lat' dir='ltr'><strong>pronomina</strong></span> <span class='ocrx_word' id='word_1_159' title='bbox 916 1895 992 1957; x_wconf 88' lang='lat' dir='ltr'><strong>quac</strong></span> <span class='ocrx_word' id='word_1_160' title='bbox 1014 1877 1135 1938; x_wconf 89' lang='lat' dir='ltr'><strong>omnino</strong></span> <span class='ocrx_word' id='word_1_161' title='bbox 1158 1892 1218 1935; x_wconf 94' lang='lat' dir='ltr'><strong>non</strong></span> <span class='ocrx_word' id='word_1_162' title='bbox 1240 1872 1352 1936; x_wconf 85' lang='lat' dir='ltr'><strong>habent</strong></span> <span class='ocrx_word' id='word_1_163' title='bbox 1374 1874 1431 1935; x_wconf 90' lang='lat' dir='ltr'><strong>nisi</strong></span> <span class='ocrx_word' id='word_1_164' title='bbox 1450 1871 1587 1952; x_wconf 87' lang='lat' dir='ltr'><strong>singulos</strong></span> 
     </span>
     <span class='ocr_line' id='line_1_17' title="bbox 287 1976 1626 2056; baseline -0.003 -19"><span class='ocrx_word' id='word_1_165' title='bbox 287 1996 387 2046; x_wconf 84' lang='lat' dir='ltr'><strong>rasus,</strong></span> <span class='ocrx_word' id='word_1_166' title='bbox 421 1984 455 2037; x_wconf 90' lang='lat' dir='ltr'><strong>ut</strong></span> <span class='ocrx_word' id='word_1_167' title='bbox 476 1984 523 2037; x_wconf 90' lang='lat' dir='ltr'><strong>est</strong></span> <span class='ocrx_word' id='word_1_168' title='bbox 549 1976 606 2036; x_wconf 91' lang='lat' dir='ltr'><strong>hoc</strong></span> <span class='ocrx_word' id='word_1_169' title='bbox 628 1994 811 2056; x_wconf 87' lang='lat' dir='ltr'><strong>pronomen,</strong></span> <span class='ocrx_word' id='word_1_170' title='bbox 836 1980 901 2039; x_wconf 92' lang='lat' dir='ltr'><strong>cuia</strong></span> <span class='ocrx_word' id='word_1_171' title='bbox 930 1987 961 2039; x_wconf 89' lang='lat' dir='ltr'><strong>et</strong></span> <span class='ocrx_word' id='word_1_172' title='bbox 994 1980 1102 2039; x_wconf 87' lang='lat' dir='ltr'><strong>cuium.</strong></span> <span class='ocrx_word' id='word_1_173' title='bbox 1148 1978 1205 2037; x_wconf 89' lang='lat' dir='ltr'><strong>ista</strong></span> <span class='ocrx_word' id='word_1_174' title='bbox 1232 1976 1291 2037; x_wconf 91' lang='lat' dir='ltr'><strong>duo</strong></span> <span class='ocrx_word' id='word_1_175' title='bbox 1318 1977 1495 2056; x_wconf 91' lang='lat' dir='ltr'><strong>pronomina</strong></span> <span class='ocrx_word' id='word_1_176' title='bbox 1521 1993 1587 2036; x_wconf 89' lang='lat' dir='ltr'><strong>uon</strong></span> <span class='ocrx_word' id='word_1_177' title='bbox 1602 1993 1626 2033; x_wconf 80' lang='lat'><strong>15</strong></span> 
     </span>
     <span class='ocr_line' id='line_1_18' title="bbox 286 2078 1589 2159; baseline -0.002 -19"><span class='ocrx_word' id='word_1_178' title='bbox 286 2078 398 2140; x_wconf 89' lang='lat' dir='ltr'><strong>habent</strong></span> <span class='ocrx_word' id='word_1_179' title='bbox 426 2080 482 2140; x_wconf 91' lang='lat' dir='ltr'><strong>nisi</strong></span> <span class='ocrx_word' id='word_1_180' title='bbox 510 2078 642 2157; x_wconf 87' lang='lat' dir='ltr'><strong>singulos</strong></span> <span class='ocrx_word' id='word_1_181' title='bbox 665 2096 767 2150; x_wconf 84' lang='lat' dir='ltr'><strong>casus,</strong></span> <span class='ocrx_word' id='word_1_182' title='bbox 797 2088 828 2140; x_wconf 90' lang='lat' dir='ltr'><strong>et</strong></span> <span class='ocrx_word' id='word_1_183' title='bbox 849 2080 961 2142; x_wconf 90' lang='lat' dir='ltr'><strong>habent</strong></span> <span class='ocrx_word' id='word_1_184' title='bbox 983 2082 1153 2159; x_wconf 83' lang='lat' dir='ltr'><strong>genetivum</strong></span> <span class='ocrx_word' id='word_1_185' title='bbox 1174 2086 1298 2139; x_wconf 90' lang='lat' dir='ltr'><strong>tantum.</strong></span> <span class='ocrx_word' id='word_1_186' title='bbox 1344 2080 1409 2139; x_wconf 88' lang='lat' dir='ltr'><strong>cuia</strong></span> <span class='ocrx_word' id='word_1_187' title='bbox 1429 2078 1589 2155; x_wconf 78' lang='lat' dir='ltr'><strong>genetivus</strong></span> 
     </span>
     <span class='ocr_line' id='line_1_19' title="bbox 287 2179 1589 2266; baseline -0.002 -24"><span class='ocrx_word' id='word_1_188' title='bbox 287 2188 332 2242; x_wconf 92' lang='lat' dir='ltr'><strong>est</strong></span> <span class='ocrx_word' id='word_1_189' title='bbox 353 2181 524 2259; x_wconf 89' lang='lat' dir='ltr'><strong>singularis,</strong></span> <span class='ocrx_word' id='word_1_190' title='bbox 555 2182 653 2242; x_wconf 91' lang='lat' dir='ltr'><strong>cuium</strong></span> <span class='ocrx_word' id='word_1_191' title='bbox 683 2188 713 2241; x_wconf 90' lang='lat' dir='ltr'><strong>et</strong></span> <span class='ocrx_word' id='word_1_192' title='bbox 740 2183 804 2260; x_wconf 89' lang='lat' dir='ltr'><strong>ipse</strong></span> <span class='ocrx_word' id='word_1_193' title='bbox 826 2184 980 2259; x_wconf 85' lang='lat' dir='ltr'><strong>genetivus</strong></span> <span class='ocrx_word' id='word_1_194' title='bbox 1004 2180 1008 2266; x_wconf 78' lang='grc' dir='ltr'>Ι</span> <span class='ocrx_word' id='word_1_195' title='bbox 1034 2190 1079 2244; x_wconf 93' lang='lat' dir='ltr'><strong>est</strong></span> <span class='ocrx_word' id='word_1_196' title='bbox 1101 2179 1275 2261; x_wconf 87' lang='lat' dir='ltr'><strong>singularis;</strong></span> <span class='ocrx_word' id='word_1_197' title='bbox 1309 2199 1366 2241; x_wconf 90' lang='lat' dir='ltr'><strong>nee</strong></span> <span class='ocrx_word' id='word_1_198' title='bbox 1387 2181 1589 2240; x_wconf 82' lang='lat' dir='ltr'><strong>nominativus</strong></span> 
     </span>
     <span class='ocr_line' id='line_1_20' title="bbox 285 2281 1587 2365; baseline -0.001 -23"><span class='ocrx_word' id='word_1_199' title='bbox 285 2284 436 2345; x_wconf 89' lang='lat' dir='ltr'><strong>invenitur</strong></span> <span class='ocrx_word' id='word_1_200' title='bbox 465 2302 521 2343; x_wconf 92' lang='lat' dir='ltr'><strong>nec</strong></span> <span class='ocrx_word' id='word_1_201' title='bbox 549 2282 654 2362; x_wconf 90' lang='lat' dir='ltr'><strong>aliquis</strong></span> <span class='ocrx_word' id='word_1_202' title='bbox 682 2281 756 2345; x_wconf 87' lang='lat' dir='ltr'><strong>alius</strong></span> <span class='ocrx_word' id='word_1_203' title='bbox 784 2302 868 2345; x_wconf 89' lang='lat' dir='ltr'><strong>casus</strong></span> <span class='ocrx_word' id='word_1_204' title='bbox 890 2286 920 2344; x_wconf 94' lang='lat' dir='ltr'><strong>in</strong></span> <span class='ocrx_word' id='word_1_205' title='bbox 944 2283 993 2345; x_wconf 90' lang='lat' dir='ltr'><strong>illo</strong></span> <span class='ocrx_word' id='word_1_206' title='bbox 1022 2286 1207 2365; x_wconf 91' lang='lat' dir='ltr'><strong>pronomine.</strong></span> <span class='ocrx_word' id='word_1_207' title='bbox 1253 2291 1283 2344; x_wconf 90' lang='lat' dir='ltr'><strong>et</strong></span> <span class='ocrx_word' id='word_1_208' title='bbox 1304 2300 1363 2361; x_wconf 90' lang='lat' dir='ltr'><strong>qua</strong></span> <span class='ocrx_word' id='word_1_209' title='bbox 1384 2283 1500 2343; x_wconf 90' lang='lat' dir='ltr'><strong>ratione</strong></span> <span class='ocrx_word' id='word_1_210' title='bbox 1521 2300 1587 2342; x_wconf 92' lang='lat' dir='ltr'><strong>non</strong></span> 
     </span>
     <span class='ocr_line' id='line_1_21' title="bbox 286 2383 1587 2466; baseline -0.002 -21"><span class='ocrx_word' id='word_1_211' title='bbox 286 2384 397 2446; x_wconf 82' lang='lat' dir='ltr'><strong>hahent</strong></span> <span class='ocrx_word' id='word_1_212' title='bbox 423 2384 497 2448; x_wconf 91' lang='lat' dir='ltr'><strong>alios</strong></span> <span class='ocrx_word' id='word_1_213' title='bbox 524 2387 630 2447; x_wconf 76' lang='lat' dir='ltr'><strong>casus?</strong></span> <span class='ocrx_word' id='word_1_214' title='bbox 658 2387 797 2466; x_wconf 89' lang='lat' dir='ltr'><strong>quoniam</strong></span> <span class='ocrx_word' id='word_1_215' title='bbox 826 2388 876 2447; x_wconf 91' lang='lat' dir='ltr'><strong>isti</strong></span> <span class='ocrx_word' id='word_1_216' title='bbox 903 2406 920 2447; x_wconf 94' lang='lat' dir='ltr'><strong>a</strong></span> <span class='ocrx_word' id='word_1_217' title='bbox 949 2386 1060 2464; x_wconf 91' lang='lat' dir='ltr'><strong>regulis</strong></span> <span class='ocrx_word' id='word_1_218' title='bbox 1088 2394 1292 2455; x_wconf 89' lang='lat' dir='ltr'><strong>recesserunt,</strong></span> <span class='ocrx_word' id='word_1_219' title='bbox 1322 2383 1390 2445; x_wconf 86' lang='lat' dir='ltr'><strong>ideo</strong></span> <span class='ocrx_word' id='word_1_220' title='bbox 1417 2403 1478 2445; x_wconf 91' lang='lat' dir='ltr'><strong>non</strong></span> <span class='ocrx_word' id='word_1_221' title='bbox 1499 2385 1587 2443; x_wconf 85' lang='lat' dir='ltr'><strong>inre·</strong></span> 
     </span>
     <span class='ocr_line' id='line_1_22' title="bbox 285 2486 1626 2569; baseline -0.004 -21"><span class='ocrx_word' id='word_1_222' title='bbox 285 2489 407 2549; x_wconf 88' lang='lat' dir='ltr'><strong>niuntur</strong></span> <span class='ocrx_word' id='word_1_223' title='bbox 428 2486 472 2547; x_wconf 96' lang='lat' dir='ltr'><strong>illi</strong></span> <span class='ocrx_word' id='word_1_224' title='bbox 493 2486 601 2568; x_wconf 80' lang='lat' dir='ltr'><strong>reliqui</strong></span> <span class='ocrx_word' id='word_1_225' title='bbox 624 2506 719 2549; x_wconf 88' lang='lat' dir='ltr'><strong>casus.</strong></span> <span class='ocrx_word' id='word_1_226' title='bbox 750 2488 931 2568; x_wconf 78' lang='lat' dir='ltr'><strong>quomodo?</strong></span> <span class='ocrx_word' id='word_1_227' title='bbox 954 2487 1053 2551; x_wconf 90' lang='lat' dir='ltr'><strong>nuilus</strong></span> <span class='ocrx_word' id='word_1_228' title='bbox 1074 2492 1230 2569; x_wconf 85' lang='lat' dir='ltr'><strong>genetivus</strong></span> <span class='ocrx_word' id='word_1_229' title='bbox 1251 2488 1399 2549; x_wconf 92' lang='lat' dir='ltr'><strong>iuvenitur</strong></span> <span class='ocrx_word' id='word_1_230' title='bbox 1421 2491 1472 2547; x_wconf 93' lang='lat' dir='ltr'><strong>aut</strong></span> <span class='ocrx_word' id='word_1_231' title='bbox 1492 2504 1510 2547; x_wconf 88' lang='lat' dir='ltr'><strong>a</strong></span> <span class='ocrx_word' id='word_1_232' title='bbox 1530 2494 1588 2546; x_wconf 90' lang='lat' dir='ltr'><strong>aut</strong></span> <span class='ocrx_word' id='word_1_233' title='bbox 1601 2504 1626 2543; x_wconf 81' lang='lat' dir='ltr'><strong>so</strong></span> 
     </span>
     <span class='ocr_line' id='line_1_23' title="bbox 285 2586 1588 2671; baseline -0.003 -20"><span class='ocrx_word' id='word_1_234' title='bbox 285 2608 335 2651; x_wconf 90' lang='lat' dir='ltr'><strong>um</strong></span> <span class='ocrx_word' id='word_1_235' title='bbox 364 2590 539 2651; x_wconf 88' lang='lat' dir='ltr'><strong>terminatus</strong></span> <span class='ocrx_word' id='word_1_236' title='bbox 566 2592 597 2650; x_wconf 95' lang='lat' dir='ltr'><strong>in</strong></span> <span class='ocrx_word' id='word_1_237' title='bbox 625 2608 727 2651; x_wconf 87' lang='lat' dir='ltr'><strong>rerum</strong></span> <span class='ocrx_word' id='word_1_238' title='bbox 756 2597 861 2651; x_wconf 89' lang='lat' dir='ltr'><strong>natura</strong></span> <span class='ocrx_word' id='word_1_239' title='bbox 891 2589 935 2650; x_wconf 91' lang='lat' dir='ltr'><strong>vel</strong></span> <span class='ocrx_word' id='word_1_240' title='bbox 962 2592 993 2651; x_wconf 89' lang='lat' dir='ltr'><strong>in</strong></span> <span class='ocrx_word' id='word_1_241' title='bbox 1022 2593 1198 2671; x_wconf 85' lang='lat' dir='ltr'><strong>pronomine</strong></span> <span class='ocrx_word' id='word_1_242' title='bbox 1220 2591 1267 2652; x_wconf 90' lang='lat' dir='ltr'><strong>vel</strong></span> <span class='ocrx_word' id='word_1_243' title='bbox 1288 2592 1319 2651; x_wconf 92' lang='lat' dir='ltr'><strong>in</strong></span> <span class='ocrx_word' id='word_1_244' title='bbox 1342 2590 1462 2650; x_wconf 89' lang='lat' dir='ltr'><strong>nomine</strong></span> <span class='ocrx_word' id='word_1_245' title='bbox 1483 2586 1528 2648; x_wconf 86' lang='lat' dir='ltr'><strong>rel</strong></span> <span class='ocrx_word' id='word_1_246' title='bbox 1552 2590 1588 2647; x_wconf 90' lang='lat' dir='ltr'><strong>in</strong></span> 
     </span>
     <span class='ocr_line' id='line_1_24' title="bbox 284 2690 1588 2777; baseline -0.002 -25"><span class='ocrx_word' id='word_1_247' title='bbox 284 2693 441 2771; x_wconf 88' lang='lat' dir='ltr'><strong>participio</strong></span> <span class='ocrx_word' id='word_1_248' title='bbox 475 2690 521 2751; x_wconf 93' lang='lat' dir='ltr'><strong>vel</strong></span> <span class='ocrx_word' id='word_1_249' title='bbox 551 2694 581 2752; x_wconf 93' lang='lat' dir='ltr'><strong>in</strong></span> <span class='ocrx_word' id='word_1_250' title='bbox 619 2691 727 2777; x_wconf 23' lang='lat' dir='ltr'><strong>aliqua]</strong></span> <span class='ocrx_word' id='word_1_251' title='bbox 747 2702 831 2772; x_wconf 88' lang='lat' dir='ltr'><strong>parte</strong></span> <span class='ocrx_word' id='word_1_252' title='bbox 862 2694 1006 2754; x_wconf 91' lang='lat' dir='ltr'><strong>orationis</strong></span> <span class='ocrx_word' id='word_1_253' title='bbox 1040 2692 1071 2775; x_wconf 94' lang='lat' dir='ltr'><strong>[a</strong></span> <span class='ocrx_word' id='word_1_254' title='bbox 1104 2696 1295 2756; x_wconf 87' lang='lat' dir='ltr'><strong>terminatum</strong></span> <span class='ocrx_word' id='word_1_255' title='bbox 1327 2692 1497 2771; x_wconf 86' lang='lat' dir='ltr'><strong>genetivum</strong></span> <span class='ocrx_word' id='word_1_256' title='bbox 1530 2698 1588 2751; x_wconf 89' lang='lat' dir='ltr'><strong>aut</strong></span> 
     </span>
     <span class='ocr_line' id='line_1_25' title="bbox 284 2792 1588 2874; baseline 0 -20"><span class='ocrx_word' id='word_1_257' title='bbox 284 2792 361 2874; x_wconf 86' lang='lat' dir='ltr'><strong>um].</strong></span> <span class='ocrx_word' id='word_1_258' title='bbox 408 2812 479 2872; x_wconf 84' lang='lat' dir='ltr'><strong>orgo</strong></span> <span class='ocrx_word' id='word_1_259' title='bbox 502 2812 570 2856; x_wconf 89' lang='lat' dir='ltr'><strong>curn</strong></span> <span class='ocrx_word' id='word_1_260' title='bbox 594 2794 682 2855; x_wconf 87' lang='lat' dir='ltr'><strong>iaciat</strong></span> <span class='ocrx_word' id='word_1_261' title='bbox 704 2796 785 2864; x_wconf 86' lang='lat' dir='ltr'><strong>cuia,</strong></span> <span class='ocrx_word' id='word_1_262' title='bbox 809 2814 885 2855; x_wconf 92' lang='lat' dir='ltr'><strong>novo</strong></span> <span class='ocrx_word' id='word_1_263' title='bbox 908 2814 991 2856; x_wconf 90' lang='lat' dir='ltr'><strong>more</strong></span> <span class='ocrx_word' id='word_1_264' title='bbox 1013 2795 1199 2857; x_wconf 92' lang='lat' dir='ltr'><strong>introductus</strong></span> <span class='ocrx_word' id='word_1_265' title='bbox 1222 2802 1267 2855; x_wconf 90' lang='lat' dir='ltr'><strong>est</strong></span> <span class='ocrx_word' id='word_1_266' title='bbox 1292 2796 1349 2855; x_wconf 91' lang='lat' dir='ltr'><strong>iste</strong></span> <span class='ocrx_word' id='word_1_267' title='bbox 1376 2793 1531 2873; x_wconf 86' lang='lat' dir='ltr'><strong>genetivus</strong></span> <span class='ocrx_word' id='word_1_268' title='bbox 1556 2800 1588 2854; x_wconf 92' lang='lat' dir='ltr'><strong>et</strong></span> 
     </span>
     <span class='ocr_line' id='line_1_26' title="bbox 286 2895 1587 2976; baseline 0.001 -20"><span class='ocrx_word' id='word_1_269' title='bbox 286 2914 343 2956; x_wconf 92' lang='lat' dir='ltr'><strong>non</strong></span> <span class='ocrx_word' id='word_1_270' title='bbox 377 2897 474 2976; x_wconf 90' lang='lat' dir='ltr'><strong>potuit</strong></span> <span class='ocrx_word' id='word_1_271' title='bbox 499 2895 611 2958; x_wconf 86' lang='lat' dir='ltr'><strong>habere</strong></span> <span class='ocrx_word' id='word_1_272' title='bbox 640 2896 713 2958; x_wconf 91' lang='lat' dir='ltr'><strong>alios</strong></span> <span class='ocrx_word' id='word_1_273' title='bbox 747 2916 842 2959; x_wconf 84' lang='lat' dir='ltr'><strong>casus.</strong></span> <span class='ocrx_word' id='word_1_274' title='bbox 888 2900 960 2958; x_wconf 91' lang='lat' dir='ltr'><strong>item</strong></span> <span class='ocrx_word' id='word_1_275' title='bbox 993 2900 1109 2968; x_wconf 91' lang='lat' dir='ltr'><strong>cuium,</strong></span> <span class='ocrx_word' id='word_1_276' title='bbox 1150 2896 1226 2957; x_wconf 76' lang='lat' dir='ltr'><strong>‘dio</strong></span> <span class='ocrx_word' id='word_1_277' title='bbox 1255 2896 1359 2967; x_wconf 89' lang='lat' dir='ltr'><strong>mihi,</strong></span> <span class='ocrx_word' id='word_1_278' title='bbox 1393 2896 1587 2964; x_wconf 80' lang='lat' dir='ltr'><strong>Damoeta,</strong></span> 
     </span>
     <span class='ocr_line' id='line_1_27' title="bbox 285 2999 1625 3079; baseline -0.001 -21"><span class='ocrx_word' id='word_1_279' title='bbox 285 2999 406 3058; x_wconf 89' lang='lat' dir='ltr'><strong>ouium</strong></span> <span class='ocrx_word' id='word_1_280' title='bbox 434 3000 583 3078; x_wconf 79' lang='lat' dir='ltr'><strong>pecusl’</strong></span> <span class='ocrx_word' id='word_1_281' title='bbox 612 3017 688 3059; x_wconf 89' lang='lat' dir='ltr'><strong>novo</strong></span> <span class='ocrx_word' id='word_1_282' title='bbox 717 3018 800 3061; x_wconf 89' lang='lat' dir='ltr'><strong>more</strong></span> <span class='ocrx_word' id='word_1_283' title='bbox 828 2999 1015 3063; x_wconf 86' lang='lat' dir='ltr'><strong>introductus</strong></span> <span class='ocrx_word' id='word_1_284' title='bbox 1042 3008 1089 3062; x_wconf 87' lang='lat' dir='ltr'><strong>est</strong></span> <span class='ocrx_word' id='word_1_285' title='bbox 1119 3002 1175 3061; x_wconf 88' lang='lat' dir='ltr'><strong>iste</strong></span> <span class='ocrx_word' id='word_1_286' title='bbox 1208 3001 1369 3078; x_wconf 89' lang='lat' dir='ltr'><strong>genetivus.</strong></span> <span class='ocrx_word' id='word_1_287' title='bbox 1412 3017 1469 3060; x_wconf 89' lang='lat' dir='ltr'><strong>nee</strong></span> <span class='ocrx_word' id='word_1_288' title='bbox 1496 3008 1625 3079; x_wconf 69' lang='lat' dir='ltr'><strong>putesm</strong></span> 
     </span>
     <span class='ocr_line' id='line_1_28' title="bbox 285 3098 1587 3181; baseline 0.001 -22"><span class='ocrx_word' id='word_1_289' title='bbox 285 3098 372 3160; x_wconf 89' lang='lat' dir='ltr'><strong>aliurn</strong></span> <span class='ocrx_word' id='word_1_290' title='bbox 408 3118 471 3160; x_wconf 89' lang='lat' dir='ltr'><strong>esse</strong></span> <span class='ocrx_word' id='word_1_291' title='bbox 505 3118 619 3171; x_wconf 87' lang='lat' dir='ltr'><strong>casum,</strong></span> <span class='ocrx_word' id='word_1_292' title='bbox 649 3119 709 3161; x_wconf 91' lang='lat' dir='ltr'><strong>non</strong></span> <span class='ocrx_word' id='word_1_293' title='bbox 738 3108 837 3181; x_wconf 92' lang='lat' dir='ltr'><strong>potest</strong></span> <span class='ocrx_word' id='word_1_294' title='bbox 869 3103 951 3173; x_wconf 87' lang='lat' dir='ltr'><strong>fieri,</strong></span> <span class='ocrx_word' id='word_1_295' title='bbox 985 3105 1139 3180; x_wconf 84' lang='lat' dir='ltr'><strong>genetivus</strong></span> <span class='ocrx_word' id='word_1_296' title='bbox 1174 3109 1228 3163; x_wconf 87' lang='lat' dir='ltr'><strong>est.</strong></span> <span class='ocrx_word' id='word_1_297' title='bbox 1273 3120 1340 3163; x_wconf 89' lang='lat' dir='ltr'><strong>nam</strong></span> <span class='ocrx_word' id='word_1_298' title='bbox 1369 3100 1488 3180; x_wconf 87' lang='lat' dir='ltr'><strong>quando</strong></span> <span class='ocrx_word' id='word_1_299' title='bbox 1515 3099 1587 3161; x_wconf 89' lang='lat' dir='ltr'><strong>dico</strong></span> 
     </span>
     <span class='ocr_line' id='line_1_29' title="bbox 284 3202 1588 3283; baseline 0.001 -21"><span class='ocrx_word' id='word_1_300' title='bbox 284 3203 367 3262; x_wconf 72' lang='lat' dir='ltr'><strong>‘cuia</strong></span> <span class='ocrx_word' id='word_1_301' title='bbox 390 3208 435 3262; x_wconf 92' lang='lat' dir='ltr'><strong>est</strong></span> <span class='ocrx_word' id='word_1_302' title='bbox 456 3202 561 3272; x_wconf 82' lang='lat' dir='ltr'><strong>uttat’,</strong></span> <span class='ocrx_word' id='word_1_303' title='bbox 590 3202 648 3263; x_wconf 85' lang='lat' dir='ltr'><strong>tale</strong></span> <span class='ocrx_word' id='word_1_304' title='bbox 671 3213 715 3264; x_wconf 90' lang='lat' dir='ltr'><strong>est</strong></span> <span class='ocrx_word' id='word_1_305' title='bbox 737 3222 772 3264; x_wconf 82' lang='lat' dir='ltr'><strong>ac</strong></span> <span class='ocrx_word' id='word_1_306' title='bbox 796 3204 821 3263; x_wconf 88' lang='lat' dir='ltr'><strong>si</strong></span> <span class='ocrx_word' id='word_1_307' title='bbox 845 3203 941 3264; x_wconf 88' lang='lat' dir='ltr'><strong>dicam</strong></span> <span class='ocrx_word' id='word_1_308' title='bbox 965 3203 1062 3266; x_wconf 79' lang='lat' dir='ltr'><strong>‘illius</strong></span> <span class='ocrx_word' id='word_1_309' title='bbox 1084 3204 1169 3274; x_wconf 88' lang='lat' dir='ltr'><strong>iilia’,</strong></span> <span class='ocrx_word' id='word_1_310' title='bbox 1193 3204 1305 3283; x_wconf 72' lang='lat' dir='ltr'><strong>‘ipsius</strong></span> <span class='ocrx_word' id='word_1_311' title='bbox 1326 3202 1413 3263; x_wconf 89' lang='lat' dir='ltr'><strong>iilia&#39;.</strong></span> <span class='ocrx_word' id='word_1_312' title='bbox 1458 3220 1530 3281; x_wconf 91' lang='lat' dir='ltr'><strong>ergo</strong></span> <span class='ocrx_word' id='word_1_313' title='bbox 1556 3212 1588 3263; x_wconf 91' lang='lat' dir='ltr'><strong>et</strong></span> 
     </span>
     <span class='ocr_line' id='line_1_30' title="bbox 285 3304 1587 3385; baseline 0.002 -22"><span class='ocrx_word' id='word_1_314' title='bbox 285 3304 382 3363; x_wconf 88' lang='lat' dir='ltr'><strong>cuium</strong></span> <span class='ocrx_word' id='word_1_315' title='bbox 405 3306 558 3382; x_wconf 89' lang='lat' dir='ltr'><strong>genetivus</strong></span> <span class='ocrx_word' id='word_1_316' title='bbox 582 3312 627 3365; x_wconf 88' lang='lat' dir='ltr'><strong>est</strong></span> <span class='ocrx_word' id='word_1_317' title='bbox 648 3304 819 3383; x_wconf 89' lang='lat' dir='ltr'><strong>singularis:</strong></span> <span class='ocrx_word' id='word_1_318' title='bbox 846 3305 922 3366; x_wconf 85' lang='lat' dir='ltr'><strong>‘dic</strong></span> <span class='ocrx_word' id='word_1_319' title='bbox 944 3305 1049 3376; x_wconf 83' lang='lat' dir='ltr'><strong>milri,</strong></span> <span class='ocrx_word' id='word_1_320' title='bbox 1072 3306 1262 3375; x_wconf 84' lang='lat' dir='ltr'><strong>Damoeta,</strong></span> <span class='ocrx_word' id='word_1_321' title='bbox 1287 3307 1411 3367; x_wconf 90' lang='lat' dir='ltr'><strong>cuium</strong></span> <span class='ocrx_word' id='word_1_322' title='bbox 1432 3306 1587 3385; x_wconf 84' lang='lat' dir='ltr'><strong>pecusi&#39;</strong></span> 
     </span>
     <span class='ocr_line' id='line_1_31' title="bbox 284 3404 1584 3487; baseline 0.002 -22"><span class='ocrx_word' id='word_1_323' title='bbox 284 3404 341 3465; x_wconf 89' lang='lat' dir='ltr'><strong>tale</strong></span> <span class='ocrx_word' id='word_1_324' title='bbox 374 3412 418 3466; x_wconf 91' lang='lat' dir='ltr'><strong>est</strong></span> <span class='ocrx_word' id='word_1_325' title='bbox 444 3425 478 3467; x_wconf 92' lang='lat' dir='ltr'><strong>ac</strong></span> <span class='ocrx_word' id='word_1_326' title='bbox 507 3407 532 3467; x_wconf 91' lang='lat' dir='ltr'><strong>si</strong></span> <span class='ocrx_word' id='word_1_327' title='bbox 559 3405 655 3467; x_wconf 88' lang='lat' dir='ltr'><strong>dicam</strong></span> <span class='ocrx_word' id='word_1_328' title='bbox 685 3408 787 3467; x_wconf 77' lang='lat' dir='ltr'><strong>‘cuius</strong></span> <span class='ocrx_word' id='word_1_329' title='bbox 816 3414 861 3468; x_wconf 91' lang='lat' dir='ltr'><strong>cst</strong></span> <span class='ocrx_word' id='word_1_330' title='bbox 890 3410 1020 3487; x_wconf 82' lang='lat' dir='ltr'><strong>pecusi&#39;</strong></span> <span class='ocrx_word' id='word_1_331' title='bbox 1050 3407 1146 3469; x_wconf 80' lang='lat' dir='ltr'><strong>‘iliius</strong></span> <span class='ocrx_word' id='word_1_332' title='bbox 1174 3416 1221 3469; x_wconf 94' lang='lat' dir='ltr'><strong>est</strong></span> <span class='ocrx_word' id='word_1_333' title='bbox 1242 3410 1361 3487; x_wconf 89' lang='lat' dir='ltr'><strong>pecus’.</strong></span> <span class='ocrx_word' id='word_1_334' title='bbox 1405 3407 1487 3468; x_wconf 89' lang='lat' dir='ltr'><strong>vides</strong></span> <span class='ocrx_word' id='word_1_335' title='bbox 1509 3424 1584 3485; x_wconf 87' lang='lat' dir='ltr'><strong>ergo</strong></span> 
     </span>
     <span class='ocr_line' id='line_1_32' title="bbox 283 3507 1627 3585; baseline 0 -18"><span class='ocrx_word' id='word_1_336' title='bbox 283 3509 450 3585; x_wconf 89' lang='lat' dir='ltr'><strong>genetivum</strong></span> <span class='ocrx_word' id='word_1_337' title='bbox 480 3526 545 3569; x_wconf 90' lang='lat' dir='ltr'><strong>esse</strong></span> <span class='ocrx_word' id='word_1_338' title='bbox 574 3507 679 3570; x_wconf 89' lang='lat' dir='ltr'><strong>solum.</strong></span> <span class='ocrx_word' id='word_1_339' title='bbox 723 3511 794 3570; x_wconf 90' lang='lat' dir='ltr'><strong>item</strong></span> <span class='ocrx_word' id='word_1_340' title='bbox 823 3511 974 3571; x_wconf 89' lang='lat' dir='ltr'><strong>invenitur</strong></span> <span class='ocrx_word' id='word_1_341' title='bbox 1007 3512 1190 3572; x_wconf 87' lang='lat' dir='ltr'><strong>accusativus</strong></span> <span class='ocrx_word' id='word_1_342' title='bbox 1220 3516 1332 3571; x_wconf 87' lang='lat' dir='ltr'><strong>tantum</strong></span> <span class='ocrx_word' id='word_1_343' title='bbox 1368 3510 1476 3569; x_wconf 88' lang='lat' dir='ltr'><strong>ceteris</strong></span> <span class='ocrx_word' id='word_1_344' title='bbox 1509 3508 1627 3569; x_wconf 82' lang='lat' dir='ltr'><strong>defi-so</strong></span> 
     </span>
     <span class='ocr_line' id='line_1_33' title="bbox 283 3608 1584 3691; baseline 0.002 -22"><span class='ocrx_word' id='word_1_345' title='bbox 283 3608 445 3679; x_wconf 86' lang='lat' dir='ltr'><strong>cientibus,</strong></span> <span class='ocrx_word' id='word_1_346' title='bbox 476 3617 509 3671; x_wconf 91' lang='lat' dir='ltr'><strong>ut</strong></span> <span class='ocrx_word' id='word_1_347' title='bbox 536 3618 581 3671; x_wconf 91' lang='lat' dir='ltr'><strong>est</strong></span> <span class='ocrx_word' id='word_1_348' title='bbox 603 3630 704 3673; x_wconf 86' lang='lat' dir='ltr'><strong>eccum</strong></span> <span class='ocrx_word' id='word_1_349' title='bbox 729 3630 828 3673; x_wconf 89' lang='lat' dir='ltr'><strong>eccam</strong></span> <span class='ocrx_word' id='word_1_350' title='bbox 852 3610 957 3682; x_wconf 87' lang='lat' dir='ltr'><strong>eilum;</strong></span> <span class='ocrx_word' id='word_1_351' title='bbox 987 3613 1145 3674; x_wconf 87' lang='lat' dir='ltr'><strong>accusativi</strong></span> <span class='ocrx_word' id='word_1_352' title='bbox 1173 3622 1243 3674; x_wconf 89' lang='lat' dir='ltr'><strong>sunt</strong></span> <span class='ocrx_word' id='word_1_353' title='bbox 1264 3611 1376 3679; x_wconf 91' lang='lat' dir='ltr'><strong>solum,</strong></span> <span class='ocrx_word' id='word_1_354' title='bbox 1399 3630 1457 3672; x_wconf 92' lang='lat' dir='ltr'><strong>nec</strong></span> <span class='ocrx_word' id='word_1_355' title='bbox 1478 3629 1584 3691; x_wconf 85' lang='lat' dir='ltr'><strong>possu-</strong></span> 
     </span>
     <span class='ocr_line' id='line_1_34' title="bbox 282 3712 1584 3795; baseline -0.001 -22"><span class='ocrx_word' id='word_1_356' title='bbox 282 3730 348 3773; x_wconf 89' lang='lat' dir='ltr'><strong>mus</strong></span> <span class='ocrx_word' id='word_1_357' title='bbox 376 3712 510 3773; x_wconf 88' lang='lat' dir='ltr'><strong>invenire</strong></span> <span class='ocrx_word' id='word_1_358' title='bbox 540 3712 622 3775; x_wconf 89' lang='lat' dir='ltr'><strong>alios.</strong></span> <span class='ocrx_word' id='word_1_359' title='bbox 668 3714 811 3794; x_wconf 88' lang='lat' dir='ltr'><strong>numquid</strong></span> <span class='ocrx_word' id='word_1_360' title='bbox 837 3713 841 3795; x_wconf 80' lang='lat' dir='ltr'><strong>l</strong></span> <span class='ocrx_word' id='word_1_361' title='bbox 865 3733 1023 3795; x_wconf 91' lang='lat' dir='ltr'><strong>possumus</strong></span> <span class='ocrx_word' id='word_1_362' title='bbox 1045 3713 1147 3775; x_wconf 89' lang='lat' dir='ltr'><strong>dicere</strong></span> <span class='ocrx_word' id='word_1_363' title='bbox 1176 3733 1265 3776; x_wconf 86' lang='lat' dir='ltr'><strong>cecus</strong></span> <span class='ocrx_word' id='word_1_364' title='bbox 1293 3714 1356 3775; x_wconf 92' lang='lat' dir='ltr'><strong>ecci</strong></span> <span class='ocrx_word' id='word_1_365' title='bbox 1379 3731 1449 3775; x_wconf 87' lang='lat' dir='ltr'><strong>ecco</strong></span> <span class='ocrx_word' id='word_1_366' title='bbox 1471 3721 1522 3774; x_wconf 93' lang='lat' dir='ltr'><strong>aut</strong></span> <span class='ocrx_word' id='word_1_367' title='bbox 1544 3712 1584 3773; x_wconf 89' lang='lat' dir='ltr'><strong>ab</strong></span> 
     </span>
     <span class='ocr_line' id='line_1_35' title="bbox 283 3814 1584 3895; baseline 0 -20"><span class='ocrx_word' id='word_1_368' title='bbox 283 3832 364 3875; x_wconf 91' lang='lat' dir='ltr'><strong>ecco.</strong></span> <span class='ocrx_word' id='word_1_369' title='bbox 411 3820 525 3876; x_wconf 89' lang='lat' dir='ltr'><strong>tantum</strong></span> <span class='ocrx_word' id='word_1_370' title='bbox 549 3815 637 3876; x_wconf 89' lang='lat' dir='ltr'><strong>modo</strong></span> <span class='ocrx_word' id='word_1_371' title='bbox 659 3819 858 3878; x_wconf 83' lang='lat' dir='ltr'><strong>accusativum</strong></span> <span class='ocrx_word' id='word_1_372' title='bbox 881 3817 1017 3878; x_wconf 86' lang='lat' dir='ltr'><strong>dicimus.</strong></span> <span class='ocrx_word' id='word_1_373' title='bbox 1054 3835 1125 3895; x_wconf 90' lang='lat' dir='ltr'><strong>ergo</strong></span> <span class='ocrx_word' id='word_1_374' title='bbox 1148 3814 1254 3895; x_wconf 92' lang='lat' dir='ltr'><strong>collige</strong></span> <span class='ocrx_word' id='word_1_375' title='bbox 1276 3815 1359 3878; x_wconf 91' lang='lat' dir='ltr'><strong>illud.</strong></span> <span class='ocrx_word' id='word_1_376' title='bbox 1391 3816 1584 3876; x_wconf 91' lang='lat' dir='ltr'><strong>inveniuntur</strong></span> 
     </span>
     <span class='ocr_line' id='line_1_36' title="bbox 281 3914 1586 3998; baseline 0 -20"><span class='ocrx_word' id='word_1_377' title='bbox 281 3918 475 3996; x_wconf 90' lang='lat' dir='ltr'><strong>pronomina,</strong></span> <span class='ocrx_word' id='word_1_378' title='bbox 500 3914 551 3977; x_wconf 89' lang='lat' dir='ltr'><strong>ubi</strong></span> <span class='ocrx_word' id='word_1_379' title='bbox 573 3916 689 3979; x_wconf 83' lang='lat' dir='ltr'><strong>deficiat</strong></span> <span class='ocrx_word' id='word_1_380' title='bbox 712 3920 873 3990; x_wconf 86' lang='lat' dir='ltr'><strong>vocativus,</strong></span> <span class='ocrx_word' id='word_1_381' title='bbox 899 3927 930 3980; x_wconf 90' lang='lat' dir='ltr'><strong>ut</strong></span> <span class='ocrx_word' id='word_1_382' title='bbox 952 3938 1022 3998; x_wconf 92' lang='lat' dir='ltr'><strong>ego;</strong></span> <span class='ocrx_word' id='word_1_383' title='bbox 1052 3920 1235 3988; x_wconf 88' lang='lat' dir='ltr'><strong>invenimus,</strong></span> <span class='ocrx_word' id='word_1_384' title='bbox 1258 3918 1310 3980; x_wconf 86' lang='lat' dir='ltr'><strong>ubi</strong></span> <span class='ocrx_word' id='word_1_385' title='bbox 1332 3918 1530 3980; x_wconf 85' lang='lat' dir='ltr'><strong>nominativus</strong></span> <span class='ocrx_word' id='word_1_386' title='bbox 1553 3926 1586 3979; x_wconf 90' lang='lat' dir='ltr'><strong>et</strong></span> 
     </span>
     <span class='ocr_line' id='line_1_37' title="bbox 282 4018 1624 4099; baseline 0.002 -21"><span class='ocrx_word' id='word_1_387' title='bbox 282 4021 430 4079; x_wconf 90' lang='lat' dir='ltr'><strong>vocativus</strong></span> <span class='ocrx_word' id='word_1_388' title='bbox 458 4018 609 4089; x_wconf 83' lang='lat' dir='ltr'><strong>deficiant,</strong></span> <span class='ocrx_word' id='word_1_389' title='bbox 639 4026 671 4079; x_wconf 91' lang='lat' dir='ltr'><strong>ut</strong></span> <span class='ocrx_word' id='word_1_390' title='bbox 699 4022 745 4082; x_wconf 94' lang='lat' dir='ltr'><strong>sui</strong></span> <span class='ocrx_word' id='word_1_391' title='bbox 776 4021 833 4082; x_wconf 87' lang='lat' dir='ltr'><strong>sibi</strong></span> <span class='ocrx_word' id='word_1_392' title='bbox 860 4040 893 4081; x_wconf 90' lang='lat' dir='ltr'><strong>se</strong></span> <span class='ocrx_word' id='word_1_393' title='bbox 915 4041 932 4083; x_wconf 94' lang='lat' dir='ltr'><strong>a</strong></span> <span class='ocrx_word' id='word_1_394' title='bbox 954 4041 1002 4090; x_wconf 92' lang='lat' dir='ltr'><strong>se;</strong></span> <span class='ocrx_word' id='word_1_395' title='bbox 1031 4022 1192 4090; x_wconf 89' lang='lat' dir='ltr'><strong>invenitur,</strong></span> <span class='ocrx_word' id='word_1_396' title='bbox 1224 4020 1276 4081; x_wconf 92' lang='lat' dir='ltr'><strong>ubi</strong></span> <span class='ocrx_word' id='word_1_397' title='bbox 1305 4019 1386 4082; x_wconf 88' lang='lat' dir='ltr'><strong>solus</strong></span> <span class='ocrx_word' id='word_1_398' title='bbox 1406 4022 1445 4080; x_wconf 92' lang='lat' dir='ltr'><strong>sit</strong></span> <span class='ocrx_word' id='word_1_399' title='bbox 1465 4022 1624 4099; x_wconf 76' lang='lat' dir='ltr'><strong>geneti-ss</strong></span> 
     </span>
     <span class='ocr_line' id='line_1_38' title="bbox 284 4121 1585 4194; baseline 0.005 -15"><span class='ocrx_word' id='word_1_400' title='bbox 284 4140 346 4193; x_wconf 86' lang='lat' dir='ltr'><strong>vus,</strong></span> <span class='ocrx_word' id='word_1_401' title='bbox 371 4126 403 4181; x_wconf 90' lang='lat' dir='ltr'><strong>ut</strong></span> <span class='ocrx_word' id='word_1_402' title='bbox 425 4122 489 4181; x_wconf 90' lang='lat' dir='ltr'><strong>cuia</strong></span> <span class='ocrx_word' id='word_1_403' title='bbox 513 4121 628 4193; x_wconf 87' lang='lat' dir='ltr'><strong>cuium;</strong></span> <span class='ocrx_word' id='word_1_404' title='bbox 652 4123 815 4193; x_wconf 89' lang='lat' dir='ltr'><strong>invenitur,</strong></span> <span class='ocrx_word' id='word_1_405' title='bbox 841 4121 891 4184; x_wconf 89' lang='lat' dir='ltr'><strong>ubi</strong></span> <span class='ocrx_word' id='word_1_406' title='bbox 913 4123 995 4185; x_wconf 92' lang='lat' dir='ltr'><strong>solus</strong></span> <span class='ocrx_word' id='word_1_407' title='bbox 1017 4125 1055 4184; x_wconf 91' lang='lat' dir='ltr'><strong>sit</strong></span> <span class='ocrx_word' id='word_1_408' title='bbox 1078 4122 1275 4194; x_wconf 87' lang='lat' dir='ltr'><strong>accusativus,</strong></span> <span class='ocrx_word' id='word_1_409' title='bbox 1299 4129 1333 4184; x_wconf 92' lang='lat' dir='ltr'><strong>ut</strong></span> <span class='ocrx_word' id='word_1_410' title='bbox 1355 4141 1457 4183; x_wconf 86' lang='lat' dir='ltr'><strong>eccum</strong></span> <span class='ocrx_word' id='word_1_411' title='bbox 1480 4142 1585 4185; x_wconf 88' lang='lat' dir='ltr'><strong>eccam</strong></span> 
     </span>
     <span class='ocr_line' id='line_1_39' title="bbox 289 4220 387 4283; baseline 0.01 -1"><span class='ocrx_word' id='word_1_412' title='bbox 289 4220 387 4283; x_wconf 89' lang='lat' dir='ltr'><strong>ellum.</strong></span> 
     </span>
    </p>

    <p class='ocr_par' dir='ltr' id='par_1_5' title="bbox 131 4324 1585 4510">
     <span class='ocr_line' id='line_1_40' title="bbox 131 4324 1582 4405; baseline 0.002 -18"><span class='ocrx_word' id='word_1_413' title='bbox 131 4344 191 4403; x_wconf 79' lang='lat'><strong>436,</strong></span> <span class='ocrx_word' id='word_1_414' title='bbox 203 4342 286 4397; x_wconf 52' lang='lat'><strong>1633</strong></span> <span class='ocrx_word' id='word_1_415' title='bbox 373 4324 532 4396; x_wconf 83' lang='lat' dir='ltr'><strong>Quaeritur</strong></span> <span class='ocrx_word' id='word_1_416' title='bbox 555 4325 623 4405; x_wconf 93' lang='lat' dir='ltr'><strong>quid</strong></span> <span class='ocrx_word' id='word_1_417' title='bbox 646 4328 771 4387; x_wconf 88' lang='lat' dir='ltr'><strong>interest</strong></span> <span class='ocrx_word' id='word_1_418' title='bbox 792 4328 871 4387; x_wconf 92' lang='lat' dir='ltr'><strong>inter</strong></span> <span class='ocrx_word' id='word_1_419' title='bbox 893 4329 1069 4405; x_wconf 87' lang='lat' dir='ltr'><strong>pronomina</strong></span> <span class='ocrx_word' id='word_1_420' title='bbox 1092 4335 1122 4389; x_wconf 93' lang='lat' dir='ltr'><strong>et</strong></span> <span class='ocrx_word' id='word_1_421' title='bbox 1142 4326 1292 4388; x_wconf 87' lang='lat' dir='ltr'><strong>articulos.</strong></span> <span class='ocrx_word' id='word_1_422' title='bbox 1337 4326 1420 4397; x_wconf 86' lang='lat' dir='ltr'><strong>dicit,</strong></span> <span class='ocrx_word' id='word_1_423' title='bbox 1444 4326 1582 4390; x_wconf 92' lang='lat' dir='ltr'><strong>multum.</strong></span> 
     </span>
     <span class='ocr_line' id='line_1_41' title="bbox 310 4426 1585 4510; baseline 0.003 -23"><span class='ocrx_word' id='word_1_424' title='bbox 310 4430 394 4488; x_wconf 89' lang='lat' dir='ltr'><strong>raeci</strong></span> <span class='ocrx_word' id='word_1_425' title='bbox 416 4426 472 4487; x_wconf 91' lang='lat' dir='ltr'><strong>alia</strong></span> <span class='ocrx_word' id='word_1_426' title='bbox 495 4427 605 4489; x_wconf 88' lang='lat' dir='ltr'><strong>habent</strong></span> <span class='ocrx_word' id='word_1_427' title='bbox 626 4430 818 4508; x_wconf 90' lang='lat' dir='ltr'><strong>pronomina,</strong></span> <span class='ocrx_word' id='word_1_428' title='bbox 842 4428 915 4490; x_wconf 88' lang='lat' dir='ltr'><strong>alios</strong></span> <span class='ocrx_word' id='word_1_429' title='bbox 936 4428 1049 4491; x_wconf 89' lang='lat' dir='ltr'><strong>habent</strong></span> <span class='ocrx_word' id='word_1_430' title='bbox 1070 4429 1220 4492; x_wconf 87' lang='lat' dir='ltr'><strong>articulos.</strong></span> <span class='ocrx_word' id='word_1_431' title='bbox 1265 4428 1360 4491; x_wconf 83' lang='lat' dir='ltr'><strong>Latini</strong></span> <span class='ocrx_word' id='word_1_432' title='bbox 1382 4429 1585 4510; x_wconf 85' lang='lat' dir='ltr'><strong>conpendium</strong></span> 
     </span>
    </p>
   </div>
   <div class='ocr_carea' id='block_1_4' title="bbox 284 4632 1587 4912">
    <p class='ocr_par' dir='ltr' id='par_1_6' title="bbox 284 4632 1587 4912">
     <span class='ocr_line' id='line_1_42' title="bbox 354 4632 1587 4700; baseline 0.002 -18"><span class='ocrx_word' id='word_1_433' title='bbox 354 4634 369 4682; x_wconf 82' lang='lat'>4</span> <span class='ocrx_word' id='word_1_434' title='bbox 385 4633 504 4696; x_wconf 85' lang='lat' dir='ltr'><strong>quonism</strong></span> <span class='ocrx_word' id='word_1_435' title='bbox 519 4632 543 4681; x_wconf 93' lang='lat' dir='ltr'><strong>in</strong></span> <span class='ocrx_word' id='word_1_436' title='bbox 560 4648 663 4683; x_wconf 87' lang='lat' dir='ltr'><strong>numero</strong></span> <span class='ocrx_word' id='word_1_437' title='bbox 677 4632 760 4683; x_wconf 80' lang='lat' dir='ltr'><strong>ABG</strong></span> <span class='ocrx_word' id='word_1_438' title='bbox 811 4632 827 4683; x_wconf 84' lang='lat'>8</span> <span class='ocrx_word' id='word_1_439' title='bbox 842 4634 973 4685; x_wconf 87' lang='lat' dir='ltr'><strong>descendit</strong></span> <span class='ocrx_word' id='word_1_440' title='bbox 988 4634 1176 4685; x_wconf 82' lang='lat' dir='ltr'><strong>Lindemoanns</strong></span> <span class='ocrx_word' id='word_1_441' title='bbox 1187 4634 1309 4700; x_wconf 87' lang='lat' dir='ltr'><strong>dependit</strong></span> <span class='ocrx_word' id='word_1_442' title='bbox 1322 4633 1404 4683; x_wconf 84' lang='lat' dir='ltr'><strong>ABG</strong></span> <span class='ocrx_word' id='word_1_443' title='bbox 1454 4644 1495 4685; x_wconf 80' lang='lat' dir='ltr'><strong>est</strong></span> <span class='ocrx_word' id='word_1_444' title='bbox 1505 4634 1587 4685; x_wconf 83' lang='lat' dir='ltr'><strong>etiam</strong></span> 
     </span>
     <span class='ocr_line' id='line_1_43' title="bbox 284 4698 1587 4769; baseline 0.005 -20"><span class='ocrx_word' id='word_1_445' title='bbox 284 4698 540 4752; x_wconf 83' lang='lat' dir='ltr'><strong>BCaestenirnA</strong></span> <span class='ocrx_word' id='word_1_446' title='bbox 594 4702 704 4753; x_wconf 81' lang='lat' dir='ltr'><strong>ilunum</strong></span> <span class='ocrx_word' id='word_1_447' title='bbox 721 4703 803 4754; x_wconf 81' lang='lat' dir='ltr'><strong>ABG</strong></span> <span class='ocrx_word' id='word_1_448' title='bbox 855 4705 888 4755; x_wconf 87' lang='lat'><strong>10</strong></span> <span class='ocrx_word' id='word_1_449' title='bbox 904 4720 961 4753; x_wconf 88' lang='lat' dir='ltr'><strong>ecoe</strong></span> <span class='ocrx_word' id='word_1_450' title='bbox 978 4720 1025 4757; x_wconf 88' lang='lat' dir='ltr'><strong>om.</strong></span> <span class='ocrx_word' id='word_1_451' title='bbox 1040 4706 1074 4765; x_wconf 91' lang='grc' dir='ltr'><strong>Α,</strong></span> <span class='ocrx_word' id='word_1_452' title='bbox 1091 4704 1185 4758; x_wconf 74' lang='lat' dir='ltr'><strong>oddo</strong></span> <span class='ocrx_word' id='word_1_453' title='bbox 1240 4702 1443 4769; x_wconf 61' lang='lat' dir='ltr'><strong>lipotestAC</strong></span> <span class='ocrx_word' id='word_1_454' title='bbox 1505 4704 1587 4756; x_wconf 76' lang='lat' dir='ltr'><strong>atet</strong></span> 
     </span>
     <span class='ocr_line' id='line_1_44' title="bbox 286 4772 1584 4840; baseline 0.004 -20"><span class='ocrx_word' id='word_1_455' title='bbox 286 4785 336 4820; x_wconf 89' lang='lat' dir='ltr'><strong>non</strong></span> <span class='ocrx_word' id='word_1_456' title='bbox 355 4773 436 4835; x_wconf 90' lang='lat' dir='ltr'><strong>potuit</strong></span> <span class='ocrx_word' id='word_1_457' title='bbox 454 4798 486 4807; x_wconf 90' lang='lat'>-</span> <span class='ocrx_word' id='word_1_458' title='bbox 504 4774 537 4822; x_wconf 77' lang='lat'><strong>25</strong></span> <span class='ocrx_word' id='word_1_459' title='bbox 557 4772 603 4822; x_wconf 87' lang='lat' dir='ltr'><strong>iste</strong></span> <span class='ocrx_word' id='word_1_460' title='bbox 622 4775 757 4839; x_wconf 88' lang='lat' dir='ltr'><strong>genetivus</strong></span> <span class='ocrx_word' id='word_1_461' title='bbox 779 4788 826 4825; x_wconf 89' lang='lat' dir='ltr'><strong>om.</strong></span> <span class='ocrx_word' id='word_1_462' title='bbox 840 4773 876 4837; x_wconf 83' lang='lat' dir='ltr'><strong>A,</strong></span> <span class='ocrx_word' id='word_1_463' title='bbox 889 4775 950 4825; x_wconf 84' lang='lat' dir='ltr'><strong>add.</strong></span> <span class='ocrx_word' id='word_1_464' title='bbox 965 4790 982 4823; x_wconf 86' lang='lat' dir='ltr'><strong>a</strong></span> <span class='ocrx_word' id='word_1_465' title='bbox 1035 4776 1068 4823; x_wconf 76' lang='lat'><strong>24</strong></span> <span class='ocrx_word' id='word_1_466' title='bbox 1087 4772 1137 4839; x_wconf 91' lang='lat' dir='ltr'><strong>dic]</strong></span> <span class='ocrx_word' id='word_1_467' title='bbox 1159 4776 1239 4840; x_wconf 83' lang='lat' dir='ltr'><strong>Verp.</strong></span> <span class='ocrx_word' id='word_1_468' title='bbox 1253 4774 1332 4828; x_wconf 78' lang='lat' dir='ltr'><strong>bucol.</strong></span> <span class='ocrx_word' id='word_1_469' title='bbox 1346 4774 1401 4835; x_wconf 86' lang='lat'><strong>3,1</strong></span> <span class='ocrx_word' id='word_1_470' title='bbox 1455 4774 1489 4825; x_wconf 76' lang='grc'><strong>26</strong></span> <span class='ocrx_word' id='word_1_471' title='bbox 1503 4774 1584 4825; x_wconf 84' lang='lat' dir='ltr'><strong>aliurn</strong></span> 
     </span>
     <span class='ocr_line' id='line_1_45' title="bbox 285 4838 1509 4912; baseline 0.005 -23"><span class='ocrx_word' id='word_1_472' title='bbox 285 4838 627 4893; x_wconf 77' lang='lat' dir='ltr'><strong>liaberecorr.aliumesso</strong></span> <span class='ocrx_word' id='word_1_473' title='bbox 646 4845 671 4892; x_wconf 88' lang='grc' dir='ltr'><em>Α</em></span> <span class='ocrx_word' id='word_1_474' title='bbox 740 4844 774 4895; x_wconf 81' lang='grc'><strong>27</strong></span> <span class='ocrx_word' id='word_1_475' title='bbox 792 4844 876 4910; x_wconf 86' lang='lat' dir='ltr'><strong>ipsius</strong></span> <span class='ocrx_word' id='word_1_476' title='bbox 894 4842 1061 4895; x_wconf 80' lang='lat' dir='ltr'><strong>ssliusABG</strong></span> <span class='ocrx_word' id='word_1_477' title='bbox 1129 4844 1163 4895; x_wconf 79' lang='lat'><strong>32</strong></span> <span class='ocrx_word' id='word_1_478' title='bbox 1183 4842 1269 4911; x_wconf 88' lang='lat' dir='ltr'><strong>eecus]</strong></span> <span class='ocrx_word' id='word_1_479' title='bbox 1289 4845 1372 4895; x_wconf 86' lang='lat' dir='ltr'><strong>coelus</strong></span> <span class='ocrx_word' id='word_1_480' title='bbox 1391 4844 1509 4912; x_wconf 43' lang='grc' dir='ltr'><em>ΑΒΘ,</em></span> 
     </span>
    </p>
   </div>
   <div class='ocr_carea' id='block_1_5' title="bbox 0 0 1680 5442">
    <p class='ocr_par' dir='ltr' id='par_1_7' title="bbox 0 0 1680 5442">
     <span class='ocr_line' id='line_1_46' title="bbox 0 0 1680 5442; baseline 0 3"><span class='ocrx_word' id='word_1_481' title='bbox 0 0 1680 5442; x_wconf 95' lang='lat' dir='ltr'><strong> </strong></span> 
     </span>
    </p>
   </div>
  </div>
 </body>
</html>
