3350 5442
303 346 366 409 ost
457 304 464 315 ’
858 345 1032 407 tonnam

305 538 346 596 51,
360 538 376 585 3
405 532 504 583 inlinita
521 544 548 582 ιιι
564 534 651 583 cuins:
669 534 734 603 inter
752 532 850 581 linitum
863 533 894 581 ad
908 533 1002 596 aliquid
1015 542 1039 581 ct
1051 532 1176 583 infinitum
1189 535 1220 583 acl
1234 534 1330 597 aliquid
1345 534 1395 583 lroo
1407 536 1521 585 interest.
1549 535 1604 583 liui-

406 613 460 650 tum
474 602 556 651 estad
568 602 672 663 aliquid,
686 601 786 664 quando
800 601 908 650 ostendo
921 616 961 649 rne
974 601 1068 663 aliquid
1082 602 1228 667 possidere;
1247 602 1374 651 iullnitum
1395 605 1478 653 estad
1491 604 1602 665 aliquid,

404 669 505 731 qrrartdo
518 683 618 732 quaero,
638 670 706 718 etad
720 683 854 734 personam
867 669 1022 734 possidentis
1034 669 1143 719 refertur

359 741 390 788 10
403 739 465 787 tanti
478 747 502 786 ts
515 738 587 787 duxit

360 809 391 856 16
406 808 474 870 ‘ipse
486 816 511 855 ει
522 805 571 855 lroc
583 806 663 864 lecit',
678 820 735 853 cum
749 806 1012 855 commemorationem
1027 805 1160 855 videantur
1177 805 1269 855 babere
1282 808 1462 872 praecedentis
1474 822 1600 872 personae
1667 828 1668 837 ι

303 878 344 933 62,
358 878 391 924 22
404 888 461 923 eum
473 883 627 939 correptum,
641 883 771 934 neutrum3
788 874 854 922 idern
869 874 890 922 si
904 874 935 922 de
948 874 1100 934 masculino,
1115 876 1276 923 aecrtsativus
1289 876 1380 941 triplus
1396 888 1443 937 est,
1457 876 1478 924 si
1490 876 1524 924 de
1537 890 1601 923 neu-

403 951 450 1001 tro,
464 943 519 1007 ipse
532 951 571 991 εει
583 942 754 991 nominativus
767 943 809 1003 qui
822 952 847 991 et
859 942 1020 991 accusativus

358 1012 390 1059 24
403 1021 430 1059 ιιι
443 1010 567 1074 quispiam
581 1011 683 1071 quinam
695 1010 786 1073 aliquis
800 1010 889 1071 nequis
1253 1062 1255 1067 ,

303 1083 344 1141 63,
360 1080 390 1129 18
403 1079 461 1140 quia
480 1093 529 1128 non
547 1076 608 1126 lacit
624 1077 666 1126 hic
683 1081 771 1127 neuter
787 1077 863 1127 huius
881 1078 973 1141 neutri,
991 1080 1058 1127 sicat
1075 1092 1175 1127 nornen.
1201 1078 1264 1128 istae
1277 1080 1417 1145 particulae
1430 1080 1529 1131 dubiae
1541 1096 1599 1129 sure

404 1148 468 1195 inter
481 1160 572 1195 nomen
585 1156 610 1195 et
623 1161 775 1212 pronomem
793 1147 815 1195 si
828 1147 949 1195 articulos
962 1146 1062 1211 accipit,
1081 1160 1172 1196 nomeu
1187 1159 1234 1211 est,
1247 1146 1286 1195 liic
1299 1159 1402 1208 neuter;
1421 1149 1443 1197 si
1461 1163 1513 1197 non
1533 1150 1598 1196 erri-

404 1215 449 1278 pit,
463 1212 491 1262 lit
502 1228 650 1279 pronomen.
674 1215 710 1262 ita
722 1226 746 1263 et
758 1229 856 1264 omnes.
882 1215 927 1264 sed
941 1217 997 1278 quis
1011 1216 1035 1263 in
1055 1216 1172 1265 omuibus
1189 1226 1266 1281 ponat
1284 1215 1437 1265 articulum?
1460 1232 1511 1266 uon
1533 1217 1599 1264 cuim

404 1282 522 1332 erunibus
535 1283 726 1343 pronominibus
739 1289 787 1332 etc.

303 1354 343 1404 51,
358 1353 389 1401 19
402 1364 508 1400 senesce
521 1365 599 1400 senex
612 1365 669 1399 esse
683 1350 788 1415 incipi03
806 1364 884 1399 senso
898 1363 947 1398 non
962 1349 1052 1399 lectum
1068 1364 1106 1399 εει

303 1422 344 1475 65,
356 1421 371 1467 2
399 1418 534 1480 Donatum,
548 1418 616 1481 quod
628 1433 677 1467 nou
691 1420 776 1483 potius
788 1420 820 1468 ab
833 1434 863 1467 eo

362 1489 393 1536 14
405 1488 487 1535 omnis
500 1486 645 1551 coniugatio
658 1488 682 1534 in
696 1487 831 1551 praeterito
844 1484 983 1549 inperleeto
996 1486 1022 1534 in
1037 1487 1091 1535 bam
1106 1487 1166 1549 exit,
1178 1494 1204 1536 ut
1217 1502 1274 1537 amo
1287 1488 1413 1549 amabam,
1427 1488 1508 1537 doceo
1523 1489 1599 1537 dor-e—

408 1556 478 1616 bam,
497 1554 554 1619 lego
567 1554 695 1619 legebam,
713 1555 789 1604 audio
807 1554 934 1605 audibam.
959 1555 1041 1618 prima
1059 1556 1203 1619 coniugatio
1216 1555 1240 1603 in
1255 1556 1391 1619 praeterito
1404 1556 1522 1620 perlecto
1537 1558 1558 1604 in
1573 1558 1596 1604 ui

406 1623 517 1671 iunctum
537 1623 597 1685 exit,
617 1630 643 1671 ut
659 1637 715 1671 amo
733 1624 828 1679 amavi;
851 1622 965 1671 secunda
977 1622 1001 1670 iu
1020 1621 1130 1671 solutum
1148 1623 1173 1671 ui
1192 1624 1251 1684 exit,
1269 1634 1297 1672 ut
1314 1624 1392 1673 doceo
1409 1624 1501 1683 docui;
1527 1626 1597 1672 tertia

406 1691 550 1754 coniugatio
563 1692 570 1738 i
583 1698 698 1755 correpta
711 1691 774 1754 exit,
789 1701 816 1738 ut
828 1690 885 1754 lego
900 1689 964 1753 legi3
983 1700 1071 1752 quarta
1083 1690 1215 1755 producta,
1233 1699 1261 1739 ut
1272 1693 1348 1740 audio
1361 1692 1439 1740 audii.
1464 1702 1555 1755 quarta
1573 1694 1595 1739 in
1667 1696 1668 1707 ³

406 1760 542 1823 praeterito
559 1758 672 1821 perlecto
690 1768 714 1806 et
730 1759 798 1807 audii
817 1768 842 1806 et
853 1758 938 1807 andivi
953 1758 1084 1808 etinllnito
1099 1759 1173 1807 modo
1188 1768 1211 1805 ει
1224 1760 1330 1809 audisse
1342 1769 1366 1807 et
1377 1760 1521 1811 audivisse.
1548 1773 1596 1809 tres

404 1827 499 1875 litterae
512 1834 561 1876 ete.

357 1899 387 1945 21
402 1892 488 1958 gusto]
501 1897 517 1943 l.
531 1909 621 1944 suesco

300 1966 370 2020 sao
400 1961 475 2025 libro]
488 1965 504 2011 l.
519 1963 590 2011 vibro

304 2035 344 2095 57,
360 2034 391 2082 10
403 2032 451 2081 etsi
463 2030 538 2079 habet

357 2102 389 2149 34
402 2107 475 2148 natus
492 2107 597 2147 naturus
614 2096 677 2160 (noo
698 2098 848 2155 nascituras,
868 2099 926 2159 quia
940 2097 1001 2147 lacit
1012 2099 1043 2147 ab
1057 2098 1168 2161 eoquod
1182 2107 1220 2147 est
1232 2107 1321 2148 natus:
1342 2099 1477 2163 participio
1490 2100 1594 2165 perlecti

402 2166 523 2231 temporis
540 2181 555 2214 a
572 2167 674 2230 passivo
692 2166 766 2215 tolles
783 2181 804 2226 s,
822 2166 901 2215 addes
918 2182 962 2215 ras
981 2176 1006 2215 et
1022 2166 1103 2215 fecisti
1121 2166 1232 2215 laturum
1250 2168 1282 2216 ab
1300 2165 1399 2229 activo)
1413 2177 1437 2215 et
1450 2173 1593 2216 nascendus

402 2250 452 2284 non
469 2234 537 2283 lacit.
564 2234 673 2283 moriens
691 2245 806 2282 mortuus
824 2235 973 2283 morituras:
991 2235 1023 2283 ab
1043 2250 1071 2283 co
1089 2235 1155 2296 quod
1177 2244 1215 2283 est
1233 2235 1344 2295 moriens
1359 2250 1407 2284 non
1422 2236 1484 2283 lacit
1496 2246 1593 2299 tempas
1667 2286 1668 2295 ,

400 2302 512 2352 laturam
530 2316 545 2349 a
561 2303 663 2367 passivo
682 2302 826 2351 moriendus
845 2299 924 2364 (sicut
937 2318 1034 2364 antuus,
1055 2302 1146 2366 tolles,
1165 2303 1231 2351 adde
1244 2303 1300 2364 dus,
1316 2314 1340 2351 et
1352 2302 1439 2352 iecisti
1452 2302 1592 2353 luturuma
1667 2350 1668 2355 ,

401 2371 512 2436 passivo,
526 2380 554 2418 ut
565 2366 713 2433 amandus),
726 2370 792 2418 sient
803 2369 854 2418 alia
866 2369 968 2435 similia,
982 2371 1026 2418 sed
1040 2380 1079 2417 cst
1091 2370 1240 2435 participale
1254 2371 1421 2421 moribundus
1667 2378 1668 2391 ¹

301 2444 341 2501 58,
355 2443 389 2490 35
400 2452 492 2487 vescor
504 2437 609 2486 dubium
624 2450 661 2485 εει
674 2452 718 2486 cur
729 2438 862 2502 insepuale
876 2438 982 2497 dicatur,
996 2446 1038 2485 ant
1051 2438 1114 2487 lorte
1128 2440 1184 2487 ideo
1199 2453 1297 2497 vescor,
1312 2440 1372 2500 quia
1385 2439 1447 2488 lacit
1460 2440 1547 2493 vescui

303 2511 344 2567 60,
358 2511 391 2559 30
403 2508 428 2555 ia
442 2506 577 2571 praeterito
591 2516 652 2554 ante
663 2505 713 2553 iem
727 2504 820 2554 lactum
833 2504 909 2554 luerit

302 2578 343 2636 61,
357 2580 373 2626 6
403 2569 533 2639 ellectum]
552 2576 567 2623 l.
582 2573 749 2622 elocutionem

301 2646 343 2706 62,
357 2647 372 2695 6
402 2642 462 2692 lacit
474 2641 613 2707 inperfecto
626 2642 727 2704 quidem

356 2715 386 2761 21
401 2710 469 2774 quod
481 2719 540 2759 ante
552 2710 606 2758 dixi

301 2782 342 2844 63,
355 2784 388 2831 33
401 2779 467 2829 sicut
480 2793 525 2826 uec
539 2778 640 2825 nomina

301 2851 341 2910 64,
358 2852 388 2899 16
401 2848 459 2909 quia
476 2845 679 2911 conparationem
698 2846 799 2911 recipit,
818 2846 885 2907 quod
904 2846 1022 2895 continuo
1042 2856 1065 2893 ct
1083 2846 1147 2896 laiso
1166 2847 1249 2895 lacere
1269 2863 1316 2897 non
1332 2858 1423 2913 potest.
1452 2864 1500 2897 oon
1516 2860 1592 2913 potest
1667 2846 1668 2857 ³

403 2915 488 2964 lacere
500 2914 700 2979 cooperativum,
714 2916 773 2975 quia
786 2914 899 2978 duplicat
912 2915 1067 2963 adverbium.
1095 2929 1152 2963 num
1167 2916 1216 2964 ista
1228 2923 1275 2965 etc.
1336 2946 1340 2955 ι

357 2988 390 3034 23
404 2982 472 3047 quod
484 2996 535 3031 non
548 2982 638 3030 dicitur
650 2982 681 3030 de
693 2981 769 3031 domo
783 2984 866 3036 venio.
881 2983 925 3031 sed
940 2983 1014 3032 domo
1028 2982 1111 3042 venio,
1131 2994 1158 3032 at
1170 2983 1301 3032 Terentius

302 3054 343 3109 66,
356 3055 389 3101 22
403 3059 427 3099 ει
439 3048 528 3108 veluti,
541 3058 568 3098 ut
582 3048 673 3099 ‘veluti
686 3048 792 3113 magno'
806 3058 855 3099 etc.

302 3122 345 3183 67,
359 3123 372 3170 1
403 3119 425 3168 ai
437 3117 535 3166 tractim
549 3126 642 3165 etcum
656 3117 742 3165 dolore

301 3187 542 3248 dammandum
557 3195 581 3233 et
594 3185 724 3234 nominum
738 3186 930 3234 inminutionem
946 3201 1003 3235 csse

357 3260 390 3307 33
403 3253 555 3319 ut‚'quando
568 3253 718 3302 adverbium
732 3264 776 3313 est,
789 3262 893 3318 propter
906 3262 954 3303 etc.

358 3326 391 3375 35
403 3322 470 3387 apud
488 3322 634 3371 Terentium
651 3320 764 3386 prolecto
783 3318 852 3389 [sine
870 3318 957 3387 dubio]
978 3324 1033 3373 sine
1050 3323 1154 3371 articulo
1177 3323 1324 3372 adverbium
1345 3334 1396 3381 est,
1420 3333 1446 3372 ut
1465 3336 1505 3371 est
1522 3324 1588 3377 laiso.

404 3392 522 3454 quiaetc.

304 3463 344 3522 69,
358 3464 374 3512 9
404 3468 508 3524 propter
520 3457 668 3507 adverbium
682 3467 728 3517 εει,
744 3467 771 3507 ιιι
784 3466 886 3523 propter
900 3460 985 3517 sedeo,
1004 3460 1168 3525 praepositio,
1188 3468 1215 3507 ut
1229 3467 1329 3523 propter
1342 3473 1424 3519 aquae
1437 3460 1531 3517 rivum,
1548 3457 1589 3506 lroc
1667 3492 1668 3495 ,

405 3538 445 3577 est
463 3528 546 3577 iuxta.
571 3536 599 3573 nt
619 3536 722 3591 propter
743 3527 776 3574 ita
797 3535 820 3573 et
841 3535 914 3589 antc;
936 3530 994 3605 riute
1012 3540 1036 3576 te
1055 3528 1111 3576 veui
1129 3528 1282 3592 praepositio
1301 3536 1353 3588 εει,
1372 3537 1430 3575 ante
1447 3527 1533 3575 audiri
1550 3526 1589 3574 ad·

405 3596 518 3644 verbium

359 3662 490 3715 24Α1ιίειι
507 3676 598 3711 nomen
617 3673 663 3722 est,
682 3677 731 3710 non
749 3662 906 3711 adverbium.
931 3662 1057 3726 significat
1076 3664 1142 3711 euim
1161 3677 1210 3711 uon
1228 3662 1258 3711 dc
1271 3662 1372 3712 civitate
1385 3678 1425 3711 me
1439 3664 1535 3719 venire,
1548 3662 1587 3711 sed
1667 3658 1668 3661 ’

405 3731 437 3780 de
449 3732 506 3796 ipsa
518 3730 621 3794 regione

304 3804 373 3864 70,2
403 3800 447 3849 sed
465 3798 513 3847 hoo
531 3798 725 3857 observandam,
745 3798 792 3847 nisi
812 3799 952 3847 seeundum
971 3809 1051 3849 certos
1065 3814 1150 3859 sonos,
1165 3813 1229 3862 qnos
1241 3808 1331 3864 poetae
1344 3810 1509 3863 usurparunt,
1522 3814 1584 3863 prac-

408 3868 546 3933 positiones
559 3866 619 3915 addi
632 3881 682 3915 non
696 3875 810 3931 oportere

305 3941 345 3997 71,
360 3941 372 3988 1
404 3950 454 3999 qua
466 3935 649 3998 intelleguntur

261 4015 264 4024 ¹
357 4010 373 4057 4
403 4004 511 4068 qualitas
528 4018 610 4067 genus
628 4012 675 4065 est,
694 4002 844 4066 significatio
861 4005 968 4069 species.
993 4003 1193 4068 significationes
1212 4003 1399 4068 participiorum
1419 4004 1581 4053 etverborurn

406 4072 502 4122 similes
514 4080 574 4120 sant

358 4146 391 4192 30
404 4141 503 4207 pudens
516 4139 621 4189 taedens
633 4141 766 4204 paenitens
780 4141 909 4204 quaeritur
923 4151 1005 4188 utrum
1019 4141 1095 4188 lateiat
1107 4141 1138 4189 ab
1149 4137 1302 4203 inpersonali
1320 4140 1397 4188 verbo
1410 4154 1442 4187 au
1459 4152 1508 4188 uon

306 4214 346 4267 72,
360 4213 376 4259 4
405 4219 510 4257 cenatus
523 4208 624 4269 quidem
638 4208 729 4256 dicitur

306 4281 346 4337 76,
360 4280 394 4327 25
407 4274 495 4343 lratra]
507 4276 621 4337 sortasse
633 4276 734 4325 sinistra
747 4275 792 4341 [cs.
807 4276 910 4327 Sallust.
923 4276 1016 4341 fraprn.
1031 4278 1069 4325 cd.
1085 4276 1195 4325 Dielaclr.
1209 4292 1236 4339 p.
1251 4270 1277 4340 o]

306 4348 345 4403 77,
359 4348 391 4394 26
405 4360 464 4410 ergo
479 4344 582 4393 mutatio
596 4344 644 4392 loci
658 4344 696 4393 vel
709 4346 854 4409 permansio
869 4345 892 4392 ia
906 4344 960 4392 loco

306 4415 375 4471 tas
405 4420 568 4474 corrumpunt

361 4485 393 4535 33
408 4497 422 4531 o
435 4480 560 4546 particula
573 4481 664 4529 multas
678 4480 875 4545 significationes
889 4479 962 4530 babet
