3350 5442
637 297 875 362 COMMENTVM
1341 297 1407 362 279

1221 407 1381 462 pedi—091..

108 491 249 567 praeteri
272 489 335 548 sine
357 488 421 548 sine
443 485 542 548 dnbio.
587 488 685 558 iussit,
709 489 764 558 ait,
794 487 922 568 populus
944 488 1095 550 Romanus
1116 491 1273 568 ignoscere
1294 487 1353 548 illis
1375 494 1407 549 et

109 588 171 652 illis
193 597 223 651 et
237 589 307 650 'illis
329 595 448 669 praeter
475 587 533 650 illis
557 588 607 669 (sic
630 587 745 652 locutus
769 593 837 669 est),
868 598 986 668 praeter
1009 591 1222 652 condemnatis.
1266 590 1336 672 quid
1360 598 1407 652 est

110 691 201 754 niodo
222 693 361 770 praeteri
384 692 448 753 sine
470 692 534 752 sine
557 691 655 752 dubio.
701 710 771 754 eece
794 692 831 752 de
853 693 909 754 ista
930 693 992 774 ipsa
1015 713 1050 755 re
1076 694 1145 774 qnid
1168 692 1295 754 diximus
1316 691 1405 772 paulo

108 795 199 856 antei
226 795 365 874 quoniam
393 794 489 854 omnis
516 795 694 872 praepositio
723 812 845 856 necesse
872 793 962 877 babet
989 797 1018 856 ei
1039 797 1120 856 casui
1142 796 1239 874 iungi,
1268 797 1298 855 in
1322 797 1406 857 cuius

79 899 178 958 5inra
200 898 364 967 transierit,
388 895 416 956 id
441 903 487 956 est
508 896 538 956 in
561 896 644 956 cuius
666 897 910 974 significationem
927 897 1087 958 transierit.
1116 897 1180 958 sine
1203 896 1297 975 qualis
1318 916 1403 978 prae·

108 1001 217 1078 positio
240 1000 302 1060 esti
327 996 465 1068 ablativa,
487 999 552 1058 sine
574 996 699 1076 templo,
724 999 789 1059 sine
811 997 942 1060 bomine.
988 1016 1060 1077 ergo
1082 999 1219 1078 quoniam
1242 1001 1296 1060 ista
1319 1018 1404 1078 prae·

107 1101 218 1181 positio
240 1101 298 1162 iam
322 1118 381 1161 nou
405 1100 651 1179 significationem
673 1119 758 1162 suam
781 1099 879 1170 babet,
903 1100 956 1162 sed
978 1101 1085 1161 transit
1107 1103 1137 1162 in
1160 1102 1404 1179 significationem

107 1204 232 1266 alterius
254 1203 498 1286 praepositionis,
525 1219 649 1264 neeesse
676 1202 779 1265 babuit
807 1203 835 1264 ei
857 1204 938 1264 casui
966 1204 1063 1280 iungi,
1093 1204 1141 1264 oui
1161 1204 1292 1282 iungitur
1316 1222 1350 1265 ea
1371 1205 1403 1264 in

107 1307 194 1366 ouius
221 1305 464 1384 significationem
493 1305 614 1365 transiit.
660 1312 690 1364 ot
716 1303 773 1364 boo
802 1321 857 1382 per
885 1302 949 1365 illas
975 1323 1087 1366 omnes,
1134 1323 1205 1384 ergo
1229 1305 1309 1366 vides
1332 1325 1403 1386 quo·

61 1423 94 1460 10
109 1409 191 1470 niam
206 1426 266 1470 non
281 1408 385 1469 vitiose
406 1406 496 1468 locuti
520 1415 602 1476 sunt,
626 1407 680 1468 sed
703 1405 868 1469 seeundum
889 1407 1044 1467 rationem.
1077 1425 1132 1469 nos
1147 1416 1245 1468 autem
1268 1415 1405 1487 putamus

106 1510 178 1570 ideo
205 1511 291 1572 istam
319 1528 384 1570 esse
413 1509 562 1579 vitiosam,
591 1511 657 1589 quia
680 1509 806 1586 primam
834 1511 931 1588 ipsam
952 1510 1128 1588 positionem
1152 1507 1286 1571 volumus
1307 1511 1405 1571 inten-

107 1612 197 1684 dere,
226 1631 286 1672 non
314 1611 557 1690 significationem
591 1611 685 1689 ipsius
702 1615 704 1622 ’
719 1607 886 1692 [primam].
932 1619 1063 1672 ceterum
1090 1612 1115 1671 si
1142 1611 1278 1672 eonleras
1307 1620 1336 1672 te
1366 1612 1404 1674 ad

106 1715 369 1794 significationem,
391 1713 525 1774 invenies
546 1713 662 1791 integra
684 1713 799 1774 ratione
821 1731 888 1774 esse
910 1711 1050 1774 locutum.
1076 1708 1080 1794 1

195 1816 272 1878 Dixit
305 1833 392 1878 unam
426 1834 491 1876 rem
520 1833 619 1876 veram
648 1813 780 1894 quidem,
809 1812 862 1874 sed
890 1833 923 1874 ex
954 1823 1038 1893 parte
1067 1816 1095 1874 ei
1122 1832 1183 1875 nou
1211 1815 1505 1886 credendamtaos

63 1918 205 1980 momnis
232 1917 427 1997 praepositio,
454 1919 508 1987 ait,
538 1924 597 1976 tam
626 1915 676 1977 diu
704 1916 884 1993 praepositio
914 1925 973 1986 est,
1003 1934 1092 1997 quam
1119 1917 1170 1978 diu
1192 1896 1504 1997 prareponitur;⁴43’4

105 2021 271 2100 postposita
299 2026 397 2080 autom
426 2027 455 2080 et
483 2036 590 2079 nomen
619 2025 649 2078 et
676 2018 922 2097 significationem
954 2020 1107 2099 propriam
1136 2019 1251 2080 amittit.
1297 2017 1402 2080 lalsum

106 2129 168 2182 est:
191 2129 289 2202 potest
317 2122 394 2182 enim
423 2121 592 2200 praeposita
621 2125 651 2179 et
673 2135 782 2180 nomen
804 2127 909 2180 tenere
933 2129 962 2181 et
983 2121 1227 2198 significationem
1249 2121 1403 2199 propriam

105 2230 226 2292 tenere;
251 2230 364 2292 tamen,
388 2223 443 2284 etsi
466 2222 627 2301 postposita
649 2221 752 2291 luerit,
783 2221 881 2285 adbuc
904 2240 1013 2284 nomen
1036 2240 1123 2283 suum
1147 2229 1237 2284 tenet.
1272 2221 1404 2282 Donatus

105 2343 197 2404 quem
226 2325 262 2385 ad
291 2324 412 2385 modum
440 2323 525 2392 dixit,
555 2341 659 2384 sensus
688 2341 775 2384 verus
797 2331 857 2392 est,
881 2325 1033 2402 expressio
1055 2343 1116 2384 nou
1139 2332 1184 2384 est
1206 2323 1304 2402 plena.
1350 2323 1401 2384 sed

62 2444 91 2484 eo
106 2437 141 2490 tu
162 2427 241 2488 bano
262 2429 408 2488 rationem
432 2434 515 2487 tene:
538 2426 725 2510 praepositiov
735 2433 792 2486 tam
809 2425 859 2485 diu
883 2433 983 2487 estre
1005 2443 1074 2485 vera
1097 2426 1291 2504 praepositio,
1315 2444 1403 2505 quam
1426 2449 1429 2453 ¹

105 2530 156 2590 diu
178 2530 389 2608 praeponitur,
418 2534 450 2588 ut
477 2535 546 2588 ante
576 2526 732 2605 templum,
761 2534 829 2606 post
856 2536 987 2608 tempus:
1015 2533 1083 2606 post
1103 2529 1284 2606 praepositio
1306 2537 1353 2588 est
1374 2536 1404 2588 et

105 2633 316 2711 praeponitur,
346 2638 376 2690 et
401 2630 467 2692 iure
495 2638 593 2692 servat
622 2636 651 2690 et
672 2648 780 2691 nomen
803 2646 890 2690 suum
912 2637 942 2690 et
968 2629 1219 2708 significationem.
1266 2630 1402 2690 etiamsi

103 2742 303 2813 postponatur
329 2735 396 2812 ipso
423 2750 492 2794 casu
519 2739 675 2804 manente,
705 2733 752 2793 eui
780 2731 957 2810 tangebatur
977 2732 1161 2811 praeposita,
1190 2729 1282 2792 nihilo
1303 2733 1402 2792 mious

103 2837 294 2916 praepositio
330 2843 387 2906 est,
421 2841 492 2914 puta
521 2841 588 2914 post
612 2841 746 2914 tempus,
778 2827 896 2911 tempus
921 2842 1003 2912 post,
1026 2835 1165 2913 quoniam
1188 2841 1218 2895 et
1239 2834 1296 2894 hae
1317 2843 1402 2914 parte

61 2953 89 2996 as
102 2940 173 3017 ipse
195 2955 283 2998 casus
305 2944 364 3010 est,
393 2945 422 2996 et
443 2935 492 2996 illa
520 2944 605 3016 parte
626 2937 691 3016 ipse
713 2955 800 2996 casus
823 2944 881 3007 est,
909 2936 1091 3016 praepositio
1114 2943 1167 2996 est.
1213 2937 1402 2998 econtrario

102 3041 131 3101 si
158 3046 256 3100 mutet
282 3057 397 3108 tasum,
427 3040 487 3099 iarn
514 3055 575 3100 non
603 3046 647 3098 est
672 3039 868 3118 praepositio,
903 3044 935 3097 ut
961 3038 987 3098 si
1012 3037 1095 3098 dieas
1121 3039 1131 3067 ³
1139 3046 1208 3118 post
1239 3043 1400 3118 tempore',

103 3141 239 3219 ‘longo
267 3147 351 3221 post
378 3148 546 3220 tempore
575 3142 703 3201 venit’.
748 3142 808 3201 iam
830 3142 971 3219 quoniam
993 3140 1116 3202 mutavit
1137 3158 1254 3210 casum,
1278 3159 1403 3202 necesse

104 3241 199 3304 babet
221 3249 251 3304 et
279 3241 341 3303 illio
368 3261 477 3304 nomeu
501 3249 699 3312 commutare,
724 3249 753 3304 et
774 3241 865 3303 habet
886 3241 1059 3303 adverbium
1080 3244 1154 3304 lieri.
1197 3243 1328 3304 Donatus
1350 3261 1401 3304 au·

104 3354 167 3406 tem
191 3344 266 3406 dixit
288 3346 365 3405 ‘tant
387 3343 437 3405 din
459 3345 641 3424 praepositio
665 3351 727 3414 est,
750 3361 839 3422 qnam
862 3343 912 3406 diu
933 3345 1142 3424 praeponitur;
1166 3346 1328 3425 postposita
1350 3364 1403 3408 au·

65 3465 91 3506 ao
105 3456 167 3510 tem
193 3447 291 3508 statim
314 3445 485 3506 adverbium
508 3451 580 3507 est'.
617 3445 723 3508 laisum
746 3455 804 3506 est:
829 3465 899 3506 nam
921 3456 951 3506 et
972 3446 1134 3526 postposita
1156 3455 1254 3526 potest
1276 3449 1403 3508 inveniri

103 3549 300 3629 praepositio.
328 3550 369 3635 si
391 3549 469 3609 enim
492 3547 573 3609 dicas
595 3553 731 3628 ‘tempus
753 3556 820 3627 post
829 3552 848 3618 ’,
878 3565 938 3625 quo
960 3548 1048 3608 modo
1070 3553 1254 3610 ‘transtra
1281 3568 1345 3630 per
1369 3557 1404 3610 et

105 3657 255 3726 remos’‚
282 3649 284 3731 l
311 3667 381 3710 ecce
404 3652 565 3730 postposita
589 3660 647 3720 est,
673 3659 703 3711 et
724 3649 817 3712 nihilo
840 3651 936 3710 minus
959 3646 1138 3730 praepositio
1161 3658 1215 3712 est.
1247 3668 1318 3728 ergo
1341 3669 1401 3711 non

106 3753 222 3815 videtur
245 3751 321 3814 male
344 3750 538 3821 intellexisse,
568 3752 620 3813 sed
643 3751 719 3813 male
742 3751 866 3821 dixisse,
890 3770 955 3813 rem
976 3753 1072 3830 ipsam
1095 3771 1155 3812 uon
1179 3751 1257 3812 bene
1280 3771 1401 3832 expres-

106 3857 197 3924 sisse;
228 3862 360 3916 ceterum
390 3872 509 3915 sensnm
537 3855 686 3933 integrum
714 3856 825 3933 posuit,
855 3855 1091 3934 praepositiones
1117 3855 1294 3934 plerumque
1316 3873 1401 3932 prae·

70 3957 180 4038 seponi
212 3954 318 4030 solent.
356 3955 426 4033 quid
461 3963 507 4016 est
541 3963 641 4018 autem
677 3957 847 4036 praeposita
885 3954 929 4015 vel
966 3957 1145 4036 postposita,
1183 3957 1310 4017 diximus
1342 3959 1400 4016 iam

108 4059 254 4139 superius.

192 4159 440 4239 Praepositiones,
465 4161 582 4241 quando
606 4159 686 4222 solae
708 4169 785 4230 sunt,
808 4159 984 4240 plerumque
998 4162 1079 4242 ipsae
1100 4169 1260 4230 acuuntur;
1284 4159 1402 4241 quando

178 4366 191 4416 l
211 4365 318 4430 ignosce
334 4365 385 4415 illis
399 4365 473 4416 noa
542 4364 558 4416 3
576 4379 633 4414 eece
653 4363 684 4413 de
698 4365 746 4414 ista
763 4365 821 4428 ipsa
838 4379 865 4413 re
882 4363 928 4413 boe
946 4365 1000 4415 loro
1013 4381 1059 4416 om.
1077 4363 1130 4415 Be
1198 4364 1274 4428 paulo
1292 4373 1350 4414 ante
1367 4365 1402 4414 Cb

112 4434 184 4500 paulo
202 4444 261 4500 post
279 4434 305 4485 B
377 4437 408 4486 12
426 4437 524 4500 primae
542 4443 668 4484 caeterum
687 4435 812 4489 Atcorr.
833 4435 942 4499 primam
961 4445 986 4484 et
1004 4443 1115 4484 ceterum
1133 4450 1150 4483 a
1169 4436 1276 4499 primam
1293 4444 1318 4484 et
1333 4446 1400 4484 cete·
1491 4497 1494 4501 1

114 4519 165 4553 mm
186 4513 312 4568 expuncto
330 4504 393 4555 etB
461 4499 491 4555 l'7
512 4514 594 4570 potest
616 4505 683 4554 enim
706 4505 888 4570 praepositae
911 4513 995 4570 potest
1015 4505 1170 4570 praepositio
1189 4505 1214 4554 A
1232 4513 1315 4568 potest
1334 4506 1401 4554 euim

115 4575 265 4640 praepositio
285 4575 336 4626 BG
389 4577 421 4626 ’22
441 4583 464 4624 et
483 4577 523 4624 ius
541 4574 670 4624 seraatB
722 4571 862 4640 erlongo]
887 4573 1163 4640 Verp.oucot.1‚30
1226 4575 1258 4626 31
1279 4571 1398 4640 transtra]

120 4643 193 4709 Verp.
213 4645 277 4701 Aen.
291 4645 314 4692 V
331 4643 383 4695 ortt
436 4644 469 4696 33
489 4647 649 4708 expressisse
666 4642 703 4694 ab
723 4659 846 4710 expresse
858 4643 931 4694 Ano
982 4643 1016 4695 34
1033 4645 1236 4709 praepositiones
1251 4644 1402 4710 plerumque

116 4711 243 4780 (praeponi
262 4715 324 4768 add.
336 4716 366 4777 α)
386 4715 468 4766 solent
484 4715 545 4779 quid
564 4723 603 4764 est
621 4723 704 4764 autem
723 4715 870 4780 praeposita
888 4715 928 4764 uel
947 4715 1089 4780 postposita
1106 4714 1220 4764 diximus
1237 4714 1310 4766 AB?
1327 4729 1401 4779 prae·

118 4783 248 4847 positiones
266 4785 416 4850 plerumque
431 4786 513 4837 solent
531 4785 633 4848 quidam
648 4785 770 4850 praeponi
789 4784 830 4835 uel
848 4784 967 4850 postponi
985 4793 1012 4834 nt
1030 4785 1142 4834 diximus
1162 4784 1201 4836 Ob
