3350 5442
329 385 393 452 444
881 387 1065 451 uvrrcurs

329 572 363 636 in
390 571 548 658 exemplis
575 581 724 636 veterum
754 571 948 658 scriptorum
978 594 998 636 a
1024 571 1236 656 grammatico
1264 571 1374 635 citatis
1393 570 1453 661 ⁹ita
1485 569 1611 634 adhibiti

330 682 420 756 sunt,
443 683 481 738 ut
503 681 633 760 praeter
654 681 784 759 apertos
806 673 1014 738 librariorum
1030 696 1156 738 errores
1172 672 1253 739 nihil
1274 674 1360 759 quod
1383 671 1482 736 aliter
1502 673 1537 736 in
1558 670 1610 734 illis

329 785 427 861 atque
449 776 483 838 in
505 774 648 861 antiquis
673 774 799 840 duobus
823 777 981 862 scriptum
1011 786 1060 841 444
1081 778 1296 841 omitteretur.
1341 783 1517 860 praeterea
1537 775 1610 859 prin·

329 877 411 963 cipis
435 876 587 942 editionis
612 877 776 963 scriptura
798 877 844 964 (ς)
867 879 980 965 paucis
1002 878 1084 944 locis
1105 878 1250 943 indicata
1271 886 1331 941 est.

414 978 469 1044 Ex
498 979 632 1067 reliquis
661 979 820 1066 Eutychis
849 978 958 1062 llbris,
986 1002 1066 1067 quos
1095 979 1228 1066 quidem
1256 977 1326 1042 vidi
1358 987 1391 1042 et
1422 977 1610 1054 examinari,

329 1080 471 1144 maxime
501 1080 729 1146 memorabiles
745 1091 835 1147 ‘sunt
861 1080 906 1146 hi.
950 1081 1057 1147 codex
1084 1081 1252 1146 Parisinus
1282 1079 1365 1144 7499
1392 1078 1472 1144 olim
1494 1078 1612 1144 Claudii
1656 1138 1657 1143 ,

330 1182 467 1246 Puteani
490 1205 572 1248 saec.
590 1182 653 1264 XI,
676 1183 700 1246 f.
717 1183 758 1247 72
772 1221 814 1230 -
829 1185 853 1247 f.
869 1183 908 1247 91
932 1190 1080 1264 incipiunt
1100 1189 1237 1263 capitula
1257 1186 1332 1246 libri
1349 1188 1457 1246 euticis
1472 1187 1513 1244 de
1534 1186 1613 1244 uerbo

330 1284 414 1347 Ille
439 1289 704 1364 coniupationibus
728 1305 891 1368 precatum
919 1295 980 1350 etc.
1028 1290 1100 1350 Cum
1127 1305 1244 1366 semper
1264 1321 1306 1332 -
1327 1290 1454 1363 explicit
1475 1289 1613 1364 metopas

325 1387 471 1461 feliciter.
509 1394 618 1467 incipit
638 1391 714 1450 liber
735 1391 755 1450 I
774 1394 878 1453 euticii
898 1393 936 1452 de
957 1392 1050 1452 uerbo
1071 1398 1100 1450 et
1121 1393 1159 1450 de
1179 1390 1443 1464 coniurationibus
1461 1406 1612 1464 precarem

329 1499 359 1551 et
381 1493 419 1552 de
441 1494 633 1553 dissimilibus
655 1510 693 1553 ac
707 1495 851 1554 similibus
864 1496 978 1568 reculis
992 1511 1095 1555 cortun
1110 1510 1148 1553 ac
1161 1494 1323 1553 latinorum
1343 1499 1374 1552 et
1394 1493 1433 1551 de
1454 1486 1614 1566 capnitioie
1656 1488 1657 1501 ¹

330 1597 575 1669 coniurationum
596 1612 637 1656 en
652 1597 755 1671 primu
772 1612 908 1673 persona
929 1604 959 1656 et
980 1598 1018 1656 de
1039 1597 1188 1656 44444444
1209 1595 1318 1654 444444.
1352 1593 1426 1652 Tres
1446 1595 1569 1669 quidem
1583 1625 1610 1633 -

331 1696 477 1756 uindicat.
522 1692 556 1756 in
583 1692 691 1779 priore
718 1691 803 1759 libro
831 1691 934 1758 multa
963 1691 1085 1758 scholia
1112 1693 1146 1756 in
1173 1690 1319 1777 margine
1346 1690 1518 1776 adscripta
1539 1699 1613 1752 sunt.
1656 1706 1657 1729 ³

331 1815 374 1858 ex
395 1783 457 1859 lioc
479 1793 591 1858 codice
613 1794 770 1880 capitula,
794 1817 879 1883 quae
901 1796 935 1860 in
957 1794 1070 1863 codice
1085 1794 1235 1858 Parisino
1256 1793 1339 1858 7498
1362 1814 1491 1879 quoque
1516 1813 1614 1855 nume

331 1895 376 1959 ris
398 1896 433 1959 in
460 1895 662 1981 marginibus
685 1894 859 1982 adscriptis
874 1895 1019 1962 indicata
1034 1905 1127 1979 sunt,
1149 1896 1184 1959 in
1205 1895 1269 1959 fine
1291 1893 1367 1959 libri
1388 1892 1489 1959 edidi.
1521 1892 1615 1958 codex

331 1997 499 2062 Parisinus
523 1996 629 2085 suppl.
654 1998 696 2062 69
718 2019 802 2062 saec.
826 1997 878 2062 XI
901 1999 924 2063 f.
946 1999 1007 2064 39*
1023 2035 1058 2046 —
1078 1999 1103 2064 f.
1126 1997 1166 2063 72
1193 2003 1301 2077 incipit
1322 2018 1375 2061 ars
1395 1997 1504 2060 atticii
1522 2016 1614 2075 44444

332 2105 445 2164 malici.
494 2104 566 2164 Cum
587 2120 704 2182 semper
724 2137 767 2147 —
788 2106 926 2166 uindicat
945 2105 1011 2166 sibi.
1049 2099 1154 2166 codex
1175 2097 1427 2184 Bambergensis
1449 2097 1497 2162 111.
1520 2097 1563 2160 V.
1584 2097 1615 2160 18

333 2223 419 2267 4444.
443 2201 476 2265 X
499 2201 523 2266 f.
540 2202 665 2267 71-85
687 2208 795 2282 incipit
816 2223 870 2267 urs
890 2208 996 2268 euticii
1015 2209 1053 2268 de
1073 2208 1175 2268 uerbo.
1201 2205 1615 2281 Oum'semper—uindieat.

332 2309 459 2384 euplicit
482 2325 535 2368 crs
556 2310 660 2369 euticii
679 2310 718 2368 de
738 2310 842 2369 uerbo.
886 2303 992 2370 codex
1012 2303 1218 2369 Monacensis
1240 2303 1321 2367 6411
1345 2302 1431 2368 Pris.
1452 2300 1517 2364 211
1540 2321 1615 2364 saec.

335 2406 387 2470 XI
409 2405 462 2471 vel
485 2405 518 2469 X
540 2403 564 2470 f.
596 2405 711 2469 1-28
733 2412 784 2485 epi
805 2405 850 2492 (7)
871 2427 1037 2484 prnmma.
1054 2455 1089 2472 ..
1112 2411 1221 2471 euticii.
1257 2409 1329 2469 Cum
1350 2425 1468 2485 semper
1486 2441 1534 2450 -
1554 2423 1616 2466 444-

263 2510 272 2523 “
334 2513 426 2574 dicat.
472 2507 576 2572 codex
604 2507 809 2573 Monacensis
838 2507 921 2573 6417
948 2508 1033 2573 Fris.
1056 2508 1118 2572 217
1146 2529 1231 2573 saec.
1259 2506 1331 2571 XII
1357 2507 1382 2570 f.
1408 2505 1528 2570 1-30
1553 2509 1615 2568 aun

332 2630 449 2692 semper
467 2647 500 2656 -
519 2630 582 2674 4444
602 2622 806 2675 monstratum.
836 2617 907 2688 finit
927 2616 1033 2676 criticis
1053 2614 1161 2674 1in
1178 2615 1216 2674 de
1235 2612 1496 2686 coniupationibus
1519 2612 1615 2670 disier

335 2718 451 2777 4444444.
498 2711 601 2776 codex
622 2712 792 2797 Leidensis
814 2709 913 2778 Voss.
935 2713 989 2776 41.
1012 2710 1032 2775 8
1060 2732 1143 2777 saec.
1168 2711 1201 2775 X
1228 2709 1253 2774 f.
1279 2713 1295 2774 1
1319 2732 1390 2797 sqq.
1420 2713 1531 2788 incipit
1549 2711 1616 2770 liber

334 2821 410 2880 eattc
427 2863 459 2876 ..
481 2819 678 2892 prammatici
697 2818 735 2877 de
756 2819 859 2878 uerbo.
888 2817 960 2879 Cum
981 2833 1099 2894 semper
1120 2851 1162 2860 -
1183 2832 1247 2878 esse
1266 2821 1474 2877 monstratura.
1496 2813 1616 2890 44414444
1656 2876 1657 2891 7

333 2921 411 2981 tiber
438 2922 550 2981 euticis.
595 2925 765 3001 praeterea
791 2915 979 3000 fragmenta
1006 2938 1071 2980 non
1096 2913 1186 2979 nulle
1212 2915 1382 3000 utriusque
1404 2912 1480 2978 libri
1501 2912 1616 2996 scripta

245 3011 248 3018 ’
335 3027 413 3082 sunt
433 3018 469 3081 in
489 3017 540 3081 his
563 3016 744 3099 codicibus,
767 3017 802 3081 in
817 3015 1090 3103 Sangermanensi
1113 3017 1193 3081 1188
1216 3039 1301 3081 saec.
1317 3016 1371 3080 IX
1392 3014 1454 3079 hac
1475 3015 1616 3078 subiecta
1656 3012 1657 3021 ’

335 3119 591 3205 subscriptione,
619 3126 746 3199 explicit
773 3140 826 3184 ars
852 3124 956 3185 euticii
981 3117 1021 3184 de
1044 3119 1161 3200 verbo,
1189 3118 1224 3182 in
1251 3117 1542 3204 Montepessulano
1561 3113 1615 3179 358
1656 3118 1657 3205 7

210 3312 212 3318 Ι
336 3241 419 3285 4444.
442 3219 492 3302 X,
522 3227 629 3302 incipit
655 3242 708 3285 ars
729 3228 832 3286 euticii
852 3226 890 3285 de
910 3225 1015 3298 uerbo,
1036 3221 1071 3285 in
1093 3217 1298 3306 sangallensi
1319 3218 1383 3284 822
1405 3240 1488 3283 saec.
1512 3217 1563 3298 X,
1587 3217 1614 3278 in

334 3345 398 3409 quo
420 3322 523 3409 priori
543 3321 627 3388 libro
651 3323 839 3410 subscripta
860 3333 936 3387 sunt
956 3322 1054 3406 haec,
1074 3328 1200 3403 explicit
1217 3327 1336 3400 primus
1355 3325 1433 3386 liber
1453 3325 1562 3399 irrepit
1578 3338 1615 3380 sc-

335 3431 452 3490 cundus
473 3431 579 3490 euticis
598 3432 796 3504 arammatici
815 3431 854 3490 de
875 3430 1082 3489 discernendis
1102 3428 1372 3503 coniuputiombus.
1656 3436 1657 3439 ’

419 3525 547 3591 Nomen
562 3527 766 3612 grammatici
781 3537 814 3592 44
835 3527 869 3590 in
891 3525 1076 3607 codicibus,
1093 3547 1230 3612 quorum
1244 3524 1472 3611 inscriptiones
1494 3534 1528 3589 et
1549 3520 1613 3586 sub

335 3628 527 3715 scriptiones
551 3629 798 3716 suprapositae
819 3639 908 3711 sunt,
938 3639 971 3693 44
991 3650 1012 3692 4
1037 3628 1274 3694 recentioribus
1300 3624 1539 3712 grammaticis,
1566 3623 1614 3708 qui
1656 3662 1657 3695 ,

335 3730 404 3794 eius
425 3728 520 3795 libris
542 3730 595 3796 usi
616 3740 709 3814 sunt,
738 3731 868 3796 diverso
897 3729 994 3795 modo
1023 3729 1178 3817 scriptum
1208 3739 1269 3794 est.
1312 3729 1347 3793 in
1368 3727 1516 3815 plurimis
1537 3726 1612 3789 enim

335 3831 427 3898 libris
449 3830 571 3917 legitur
593 3836 714 3915 Euticii,
736 3836 771 3897 in
793 3832 867 3897 aliis
889 3835 1014 3897 Euticis.
1057 3829 1144 3895 unde
1170 3829 1318 3918 plerique
1343 3828 1511 3895 Eutieium
1533 3826 1613 3892 dire·
1656 3832 1657 3883 ἒ

334 3942 433 4019 runt,
454 3955 520 4020 qua
540 3933 647 4000 forma
668 3935 719 3998 usi
741 3943 818 3999 sunt
838 3932 998 3999 Alcuinus
1020 3934 1055 3996 iu
1083 3932 1233 3998 versibus
1256 3931 1297 3996 de
1318 3930 1517 3998 bibliotheca
1536 3929 1613 3993 Ebo-
1656 3888 1657 3959 l

334 4035 463 4100 racensi
485 4035 566 4121 (vol.
590 4036 607 4100 Ι
628 4034 732 4122 praef.
755 4058 788 4122 p.
811 4034 953 4118 XXIII,
976 4032 1042 4100 vol.
1066 4033 1283 4128 11444444).
1305 4032 1391 4118 IX),
1419 4037 1542 4134 Sergius
1560 4035 1611 4094 Eu·

334 4144 423 4203 ticius
437 4143 596 4218 Pompeius
610 4143 845 4218 comminianus,
869 4147 903 4203 et
917 4135 1069 4202 Clemens
1084 4136 1118 4200 in
1133 4137 1296 4221 excerptis
1318 4134 1441 4202 codicis
1455 4130 1610 4200 Leidensis
1656 4152 1657 4229 j

218 4295 228 4318 ,
334 4239 430 4304 Voss.
445 4239 534 4304 33.4
555 4239 580 4304 f.
598 4239 687 4342 161*,
709 4244 765 4304 sed
785 4244 896 4305 uticius
917 4239 1014 4325 (corr.
1037 4239 1178 4325 44444444)
1201 4243 1276 4302 dicit
1297 4244 1379 4317 quod
1394 4241 1488 4314 seruo
1509 4243 1541 4300 in
1560 4245 1609 4297 ter·
1656 4272 1657 4325 3

334 4348 378 4406 tia
405 4348 619 4421 coniupatione
645 4353 674 4405 et
695 4345 806 4418 ferueo
832 4348 864 4406 in
891 4346 1040 4423 secunda,
1068 4346 1113 4405 ita
1140 4346 1292 4419 inquiens,
1322 4361 1339 4402 e
1364 4351 1465 4404 autam
1484 4341 1610 4404 44444444

334 4451 442 4508 tertiae
462 4453 533 4509 sunt
551 4449 783 4523 coniurationis,
807 4453 842 4509 ut
857 4447 969 4520 ferueo
986 4446 1095 4519 ferues
1115 4451 1145 4507 et
1162 4445 1254 4518 seruo
1272 4445 1388 4523 femin,
1411 4446 1490 4506 unde
1509 4450 1538 4504 et
1557 4444 1608 4502 uir·
1656 4474 1657 4531 7

332 4552 478 4624 44144444
505 4555 614 4611 octauo
640 4548 718 4610 libro
741 4547 869 4621 fauere
895 4550 1034 4610 14444444
1061 4551 1145 4610 dicit.
1189 4543 1246 4609 alii
1272 4565 1315 4608 ex
1335 4543 1487 4628 genetivo
1509 4545 1608 4606 Eutici¹
1656 4550 1657 4555 ’

334 4647 573 4714 nominativum
600 4645 766 4712 finxerunt
794 4645 914 4729 Buten,
941 4669 1038 4734 quem
1063 4668 1130 4711 una
1156 4667 1231 4711 cum
1257 4646 1425 4731 superiore
1445 4648 1607 4732 posueruut

308 4749 539 4833 -grammatici
571 4746 627 4836 qui
659 4747 778 4834 ineptis
812 4749 1017 4835 etymologiis
1051 4771 1169 4814 nomen
1195 4748 1403 4834 interpretari
1429 4746 1607 4811 studuerunt
1656 4736 1657 4811 l

335 4849 370 4913 in
392 4850 504 4914 codice
525 4849 676 4914 Parisino
700 4849 783 4914 7499
804 4860 837 4916 44
857 4852 892 4915 in
913 4850 1026 4917 codice
1041 4850 1289 4936 Bambergensi.
1318 4871 1396 4914 nam
1416 4848 1451 4912 in
1471 4845 1605 4911 Parisino
1656 4816 1657 4911 l
