3350 5442
672 357 743 420 ARS
907 388 910 393 ·
1293 350 1355 413 353

1162 474 1183 515 p.
1197 460 1254 502 acea
1269 462 1294 503 aa
1307 459 1330 501 n.

69 572 175 613 omnes
202 570 287 613 casus
313 548 564 611 declinationibus
590 532 779 626 enpleantur,
808 544 861 607 sed
889 545 947 606 alio
975 552 1062 627 atque
1085 545 1143 607 alio
1166 545 1300 611 nomine,
1325 548 1357 603 ut
1391 536 1395 547 ’

69 656 120 717 bio
143 655 277 734 luppiter
299 652 388 713 buius
410 651 488 711 lovis
509 658 539 710 et
561 650 689 730 reliqua.

155 756 315 817 Praeterea
345 753 419 814 illud
453 754 542 813 etiam
577 752 736 829 diligenter
768 750 959 811 considerare
993 757 1023 811 et
1055 768 1172 810 servare
1205 748 1356 816 debemus,
1370 752 1429 814 377,
1441 754 1474 803 31

70 858 149 939 quod
172 866 241 918 sunt
262 858 381 918 nomina
408 873 484 934 quae
512 862 611 915 certos
639 872 724 913 casus
751 872 853 913 secum
875 854 1100 912 coniuncturum
1123 852 1276 911 nominum
1297 857 1356 911 tra·

47 962 157 1021 tbunt.
201 958 322 1019 trahunt
351 965 454 1022 autem
488 956 533 1017 vel
559 958 725 1034 genitivvnn
752 955 798 1015 vel
827 954 958 1015 dativum
985 954 1031 1013 vel
1061 956 1275 1022 accusativum,
1306 952 1357 1013 sed

71 1066 212 1140 figurate,
240 1060 286 1121 vel
313 1059 490 1128 ablativum,
520 1058 566 1118 vel
593 1059 683 1119 etiam
706 1058 866 1136 septimum
888 1074 997 1117 casnm.
1041 1058 1205 1133 genitivum
1234 1056 1277 1116 sic
1298 1061 1358 1114 tra-

70 1165 160 1234 bunt,
190 1163 293 1224 avidus
316 1163 396 1232 auri,
425 1161 580 1223 abstinens
602 1159 677 1230 cibi,
706 1162 828 1237 ignarus
851 1158 937 1227 belli,
961 1176 1085 1219 securus
1106 1177 1255 1227 amorum:
1284 1157 1358 1216 dati-

71 1285 140 1326 vum
169 1266 226 1334 sic,
258 1264 385 1325 iniestns
417 1264 511 1331 hosti,
545 1269 648 1339 gratus
680 1263 799 1330 amicis;
832 1261 1031 1321 accusativum
1061 1262 1119 1330 sic,
1143 1260 1195 1321 sed
1224 1262 1357 1337 figurate,

74 1370 179 1430 doctus
201 1385 382 1435 sermonem,
406 1367 505 1426 sciens
527 1364 719 1444 palaestram,
743 1382 850 1423 exosus
872 1361 965 1431 bella,
989 1364 1141 1442 praescius
1163 1363 1278 1431 lutura;
1307 1359 1358 1421 ab·

40 1471 195 1533 illativum
228 1470 286 1538 sic,
321 1468 470 1529 secundus
503 1486 518 1528 a
546 1467 685 1536 Romulo,
715 1465 790 1527 alter
818 1483 835 1525 a
864 1464 958 1544 Syllam
991 1466 1150 1543 septimum
1178 1482 1278 1525 casum
1306 1465 1359 1533 sic,

76 1572 185 1650 dignus
206 1589 345 1640 munere,
367 1579 482 1631 mactus
504 1572 622 1630 virtute.

158 1672 234 1733 Sunt
266 1671 411 1753 quaedam
444 1673 578 1741 nomina,
611 1690 686 1750 quae
719 1690 787 1731 cum
814 1670 949 1731 similem
978 1670 1190 1730 nominativum
1223 1666 1359 1753 babeant,

75 1774 237 1837 dissimiles
260 1774 475 1835 declinationes
497 1792 551 1853 per
573 1773 709 1854 obliquos
730 1772 873 1833 exhibent
895 1790 995 1839 casus,
1018 1778 1051 1831 nt
1072 1770 1146 1831 baec
1168 1772 1251 1830 irons
1272 1771 1361 1830 buius

76 1879 184 1939 frontis
206 1885 237 1937 et
258 1876 347 1936 buius
368 1875 484 1936 frondis
506 1883 536 1935 et
558 1876 710 1955 deinceps.
741 1877 813 1936 item
835 1881 937 1934 contra
960 1891 995 1932 ex
1019 1873 1158 1933 dissimili
1182 1874 1361 1965 nominativo

43 1994 65 2033 15
77 1980 190 2041 similes
217 1986 328 2038 exeunt
355 1976 469 2057 obliqui
497 1996 598 2047 casus,
627 1986 659 2038 ut
687 1977 761 2038 haec
788 1977 850 2036 lors
878 1984 908 2035 et
934 1975 983 2035 bic
1005 1982 1035 2034 et
1056 1975 1130 2035 baec
1150 1975 1250 2044 sortia,
1274 1975 1361 2035 buius

77 2083 177 2152 iortis,
200 2080 272 2141 buic
293 2079 365 2140 lorti
387 2086 418 2139 et
440 2079 590 2159 deinceps.

161 2182 246 2243 Nunc
269 2181 306 2242 de
328 2181 462 2259 analogia
485 2182 573 2243 etde
596 2181 724 2259 regulis,
754 2180 790 2240 de
818 2178 928 2260 quibus
955 2181 1051 2258 prima
1074 2186 1158 2256 parte
1181 2178 1252 2239 libri
1274 2179 1362 2239 buius

80 2284 174 2366 {iura
196 2284 342 2365 quaedam
365 2283 536 2353 libavimus,
560 2302 635 2362 quae
658 2289 728 2343 sunt
749 2290 816 2361 apta
840 2282 986 2350 dicemus,
1010 2282 1035 2340 si
1057 2282 1142 2359 prius
1164 2280 1200 2340 de
1224 2280 1361 2340 dilieren·

81 2389 119 2448 tia
140 2387 245 2448 barum
269 2385 444 2446 dixerImus.
474 2385 609 2463 analogia
632 2391 677 2445 est
698 2403 786 2463 qnam
808 2403 862 2444 nos
885 2384 1107 2463 proportionem
1129 2382 1266 2443 dicimus
1290 2382 1363 2443 haec

46 2505 153 2567 requae
187 2486 224 2549 ad
255 2488 477 2565 grammaticam
506 2490 637 2566 pertinet
666 2486 753 2563 longe
781 2488 934 2563 angustior
964 2492 993 2545 et
1020 2487 1201 2545 contractior
1232 2503 1280 2544 res
1308 2492 1362 2554 est,

82 2608 166 2670 quam
188 2588 302 2667 regula.
345 2588 418 2649 baec
440 2590 521 2649 enim
548 2589 637 2649 latius
664 2588 891 2667 generaliusque
914 2586 1063 2646 definitur.
1108 2587 1242 2664 analogia
1265 2592 1363 2646 autem

82 2695 113 2752 in
138 2694 241 2771 paucis
269 2690 414 2770 exemplis
440 2692 584 2751 similium
611 2692 726 2751 ratione
755 2696 905 2758 versatur,
934 2689 964 2749 in
992 2694 1105 2749 tantum
1134 2695 1167 2748 ut
1189 2688 1363 2769 plerumque

84 2795 168 2854 otiam
189 2796 222 2853 in
243 2793 291 2853 bis
313 2793 510 2863 dictionibus,
539 2811 614 2873 quae
640 2794 761 2870 regulae
783 2811 843 2852 non
866 2792 1012 2859 serviunt,
1041 2808 1176 2870 quaeque
1198 2790 1253 2852 sub
1276 2808 1363 2869 regu-

85 2896 139 2984 lam
160 2915 218 2956 non
240 2896 363 2963 cadunt,
393 2897 521 2957 inveniri
549 2896 685 2971 analogia
712 2897 822 2973 possit,
852 2896 929 2954 sicut
951 2911 1004 2953 suu
1025 2892 1093 2954 loco
1115 2892 1202 2971 paulo
1224 2900 1291 2972 post
1313 2892 1363 2953 de-

49 2996 322 3061 amonstrabimus.
360 3016 431 3075 ergo
454 2997 586 3074 analogia
609 2998 761 3057 nominum
784 2998 814 3056 in
837 2995 1005 3056 conlatione
1028 2996 1154 3055 manime
1177 2997 1308 3074 parium,
1332 3002 1364 3054 nt

86 3099 167 3159 bomo
197 3118 370 3178 sermoque,
405 3106 435 3158 et
466 3097 661 3159 similitudine
694 3098 952 3167 diminutivorum,
987 3114 1062 3176 quae
1091 3095 1130 3157 ab
1156 3097 1203 3157 bis
1234 3078 1363 3167 veniudt,

87 3203 217 3262 consistit
244 3209 333 3280 atque
359 3202 550 3280 perspicitur.
595 3200 697 3277 regula
724 3208 824 3261 autem
851 3199 1046 3277 generalitate
1074 3198 1201 3277 quadam
1229 3218 1365 3277 magnam

87 3302 302 3363 multitudinem
325 3304 476 3363 nominum
498 3302 728 3381 conprehendit,
753 3321 828 3382 quae
852 3302 907 3362 sub
930 3301 1054 3362 eandem
1077 3303 1223 3361 rationem
1246 3300 1365 3361 cadunt.

89 3412 169 3483 atque
197 3406 329 3483 ipsarum
357 3423 475 3484 quoque
504 3405 675 3482 regularum
702 3404 777 3465 aliae
800 3411 869 3465 sunt
892 3405 986 3481 magis
1008 3403 1177 3480 generales,
1200 3404 1277 3462 sieut
1299 3423 1366 3463 mox

53 3506 248 3584 aoapparebit.
293 3524 372 3566 nunc
399 3508 491 3584 igitur
513 3507 548 3567 de
572 3507 699 3584 regulis,
721 3525 794 3585 quas
817 3505 923 3566 Graeci
945 3514 1073 3565 canones
1095 3504 1262 3583 appellant,
1286 3505 1365 3565 dice·

89 3626 162 3677 mus,
190 3626 224 3667 ac
251 3609 338 3687 prius
365 3608 401 3668 de
430 3608 477 3669 bis
504 3628 576 3688 quas
604 3607 748 3668 ablativus
775 3626 861 3667 casus
888 3608 1005 3666 numeri
1037 3606 1198 3684 singularis
1227 3606 1366 3675 ostendit,

90 3710 221 3787 quoniam
248 3708 306 3771 bae
335 3710 471 3770 breviore
498 3710 624 3790 quadam
654 3711 698 3770 via
727 3709 762 3770 ad
796 3708 1032 3770 emendationem
1061 3708 1202 3787 loquendi
1230 3710 1366 3769 sulficere

91 3829 171 3888 posse
193 3812 366 3872 creduntur.
1130 3811 1141 3838 ⁸

167 3910 271 3973 Omnia
294 3916 413 3989 nomina
435 3913 564 3974 ablativo
586 3933 656 3975 casu
679 3914 823 3992 singulari
847 3916 977 3994 quinque
1000 3913 1109 3973 litteris
1131 3911 1284 3973 vocalibus
1306 3919 1367 3971 ter·
1381 3923 1468 3982 378,³

58 4015 242 4074 ominamur.
271 4017 364 4093 igitur
386 4035 440 4095 per
462 4016 601 4102 singulas
616 4016 740 4085 litteras,
764 4035 852 4095 quem
874 4016 1050 4076 admodum
1072 4015 1211 4076 similiter
1233 4013 1291 4074 sibi
1314 4032 1368 4092 per

95 4131 186 4175 omnes
206 4134 294 4177 casus
316 4119 436 4178 nomIna
458 4136 534 4197 quae
556 4118 697 4179 similiter
719 4118 848 4180 ablativo
871 4136 941 4178 casu
963 4117 1107 4196 singulari
1130 4118 1243 4177 inerint
1266 4117 1367 4176 termi-

155 4371 403 4421 ldeclinationiaB
470 4369 618 4439 deerrare]
639 4387 790 4423 conseruare
807 4374 838 4423 M
906 4372 987 4423 daed
1004 4388 1051 4425 om,
1071 4374 1105 4423 M
1171 4374 1310 4421 'lsecnrus
1327 4385 1368 4417 ar-

97 4452 184 4489 nomm
201 4441 233 4490 M
301 4438 433 4508 lignatus]
448 4442 573 4508 gracidus
587 4442 613 4491 B
681 4439 877 4508 tlpalaestram]
899 4442 1050 4507 palestinam
1069 4442 1101 4491 M
1169 4438 1202 4492 10
1219 4440 1250 4489 ab
1264 4436 1321 4489 silla
1339 4440 1371 4489 M

157 4510 188 4559 12
204 4510 265 4559 dum
284 4513 395 4562 similem
415 4513 597 4561 nominatiuum
616 4510 708 4561 babent
727 4512 760 4561 M
847 4510 877 4563 13
897 4520 923 4561 ut
939 4521 999 4563 sunt
1016 4510 1078 4560 baec
1098 4509 1167 4559 lrons
1185 4508 1262 4559 buius
1280 4508 1368 4558 incutis

99 4576 204 4630 etbuiua
218 4580 319 4630 lroodia
334 4582 365 4631 M
380 4589 408 4630 ut
426 4580 497 4631 iruna
517 4579 609 4631 tronus
627 4581 697 4631 irons
711 4580 809 4632 lrondia
827 4582 852 4631 B
923 4583 955 4633 17
973 4583 1005 4632 de
1020 4579 1109 4646 regula
1127 4580 1158 4629 M
1226 4578 1369 4642 dequibus

99 4670 126 4683 -
141 4657 195 4714 apta
211 4666 258 4701 on.
279 4650 319 4714 M,
335 4651 361 4701 a‘n
375 4668 455 4717 marg.
474 4650 536 4704 add.
555 4667 577 4700 m
646 4649 704 4700 libri
722 4652 846 4713 quaedam
865 4652 999 4702 libauimus
1015 4649 1098 4716 (corr.
1117 4648 1265 4710 libabimus)
1281 4665 1304 4697 m

101 4715 128 4763 lll
143 4732 203 4779 quae
219 4728 279 4785 apta
298 4722 379 4771 uerba
397 4722 509 4771 dicemus
526 4720 552 4770 B
622 4719 655 4771 19
672 4720 736 4769 haee
758 4737 823 4785 quae
841 4719 898 4788 eta]
923 4724 949 4771 ta
964 4736 1043 4785 marg.
1060 4720 1212 4780 adscriptum
1228 4725 1266 4768 eat
1285 4716 1370 4767 rbetor

102 4784 126 4832 Μ
185 4789 407 4855 mergamur
476 4791 595 4858 analogia
612 4791 742 4840 nominum
762 4792 873 4841 maxime
891 4794 917 4840 in
935 4791 1076 4843 conlatione
1091 4789 1189 4855 parium
1210 4796 1235 4839 et
1253 4787 1369 4839 similitu-

102 4851 151 4904 dine
166 4856 196 4909 Μ
260 4858 296 4912 30
312 4858 400 4927 igitur]
419 4869 503 4913 autem
519 4861 549 4910 M
618 4859 651 4913 31
670 4857 743 4927 quaa]
764 4876 829 4927 qnae
847 4860 908 4911 ML
979 4860 1013 4913 32
1029 4856 1088 4929 bae]
1109 4857 1222 4911 baecM
