3350 5442
685 371 758 435 ΑΒΕ
1348 369 1370 434 5

98 553 207 618 tionum
233 551 368 618 relictae
401 563 493 638 sunt;
524 555 663 643 denique
691 556 840 624 collectio
867 556 1028 643 quaedam
1056 555 1253 622 scholiorum
1279 557 1371 621 lacta
1434 617 1439 633 ,

97 663 149 735 cst,
169 653 204 718 in
227 677 293 742 qua
314 653 401 723 nullo
425 665 514 722 certo
536 657 651 724 ordine
665 682 705 724 ea
719 682 802 746 quae
823 659 1030 744 grammatici
1045 657 1088 724 ad
1102 658 1228 724 Donati
1249 656 1369 722 librum

96 754 326 842 adscripserant
352 768 385 823 et
412 759 498 824 inter
527 781 562 824 se
591 772 624 827 et
651 784 725 827 cum
750 762 877 828 Donati
904 761 1015 827 verbis
1043 761 1148 826 mixta
1175 771 1209 826 et
1230 760 1369 826 confusa

96 866 166 922 sunt.
209 857 288 923 hinc
309 859 407 926 facile
434 861 615 927 existimari
637 872 754 950 potest,
778 884 877 950 quam
898 861 1071 928 molestum
1093 860 1239 929 laborem
1261 884 1369 927 susce·
1425 874 1430 882 '

94 970 194 1048 pturus
217 959 262 1025 sit
283 962 338 1048 qui
360 983 401 1026 ex
422 961 474 1026 his
496 963 602 1030 turbis
624 967 660 1029 in
682 987 777 1031 suum
793 964 936 1052 quidque
956 963 1064 1030 locum
1086 965 1258 1030 restituere
1279 963 1370 1028 velit.

95 1071 220 1147 augetur
239 1084 318 1128 vero
340 1063 490 1129 molestia
511 1087 550 1130 ac
571 1067 717 1132 taedium
739 1065 977 1132 emendationis
999 1065 1098 1131 etiam
1113 1065 1241 1131 vilitate
1262 1087 1371 1130 rerum

94 1185 164 1250 quae
185 1163 221 1228 in
242 1162 306 1228 hoc
325 1163 411 1232 libro
434 1176 627 1234 tractantur.
656 1167 798 1255 plurima
819 1167 907 1232 enim
928 1166 963 1230 in
977 1165 1170 1252 vulgaribus
1191 1165 1255 1232 illis
1278 1189 1370 1254 prae-

93 1267 183 1352 reptis
211 1274 245 1330 et
272 1265 533 1351 definitionibus,
563 1291 647 1356 quae
674 1270 709 1334 in
736 1269 830 1337 libris
853 1267 1143 1354 grammaticorum
1164 1269 1298 1334 tractari
1320 1291 1370 1334 so-

93 1366 163 1448 lent,
184 1377 359 1434 veraantur
380 1393 485 1457 neque
508 1371 606 1437 aliam
628 1372 697 1437 fere
718 1372 893 1438 utilitatem
914 1371 1051 1453 habent,
1068 1393 1165 1457 quam
1186 1380 1224 1435 ut
1244 1370 1369 1435 intelle-

93 1480 193 1554 gatur,
226 1493 290 1556 quo
323 1472 420 1538 modo
448 1472 528 1538 haec
558 1473 634 1538 olim
661 1475 696 1538 in
722 1471 842 1538 scholis
869 1473 1156 1558 grammaticorum
1188 1472 1232 1538 ad
1265 1483 1370 1538 artem

92 1572 202 1638 Donati
230 1571 395 1659 adplicata
422 1574 498 1642 sint.
542 1585 619 1640 sunt
647 1585 757 1642 tamen
785 1573 897 1662 aliqda
918 1597 961 1639 ex
982 1573 1198 1640 reconditiora
1221 1575 1373 1642 doctrina

92 1673 219 1760 repetita
241 1672 295 1738 vel
316 1676 422 1740 minus
445 1677 611 1764 vulgaria,
635 1700 719 1765 quae
742 1678 776 1741 in
804 1676 944 1742 aliorum
966 1677 1255 1760 grammaticorum
1276 1676 1370 1742 libris

91 1798 146 1840 non
165 1773 338 1860 leguntur,
361 1790 496 1865 propter
517 1803 600 1866 quae
623 1791 656 1845 et
677 1779 755 1844 olim
777 1777 934 1844 Putschio
956 1778 1074 1864 dignus
1096 1778 1187 1844 risus
1210 1788 1261 1844 est
1287 1777 1372 1844 liber

91 1877 138 1964 qui
157 1877 325 1961 ederetur,
347 1903 451 1967 neque
466 1905 552 1947 nunc
566 1884 600 1947 in
616 1903 703 1948 nova
723 1880 1009 1968 grammaticorum
1031 1879 1186 1946 editione
1198 1880 1373 1946 videbatur

91 1979 183 2044 omitti
203 2001 310 2066 posse.
341 1982 567 2068 sedquoniam
589 2006 629 2049 ea
650 2007 733 2070 quae
754 1985 788 2047 in
803 1982 917 2048 codice
939 1982 1063 2068 scripta
1076 1989 1154 2046 sunt
1174 1983 1239 2048 nisi
1259 1981 1372 2048 multis

91 2093 118 2148 et
141 2083 268 2168 magnis
298 2084 534 2150 mutationibus
562 2086 719 2152 adhibitis
749 2087 783 2150 in
810 2086 933 2150 iustum
960 2083 1109 2150 ordinem
1136 2086 1285 2150 revocari
1317 2107 1371 2149 ne·

90 2194 213 2272 queunt,
236 2205 356 2271 operae
377 2187 520 2272 pretium
541 2211 607 2254 non
621 2188 686 2254 fuit
700 2197 825 2254 tantam
841 2209 953 2252 curam
974 2185 1051 2250 huic
1072 2185 1155 2252 libro
1177 2186 1369 2273 inpendere,

91 2286 140 2350 sed
160 2287 240 2352 satis
263 2285 448 2353 consultum
469 2288 511 2353 iri
532 2291 702 2357 commodo
725 2290 904 2376 legentium
925 2288 1034 2355 visum
1056 2297 1122 2369 est,
1146 2289 1174 2354 si
1196 2287 1310 2354 relicto
1332 2310 1370 2353 eo

90 2387 195 2454 ordine
222 2389 279 2476 qui
306 2389 341 2454 in
368 2389 453 2456 libro
481 2414 580 2456 manu
607 2394 729 2480 scripto
753 2403 803 2458 est
830 2389 914 2454 illud
936 2389 1137 2469 efficeretur,
1161 2400 1199 2455 ut
1221 2389 1371 2474 singulae

89 2489 308 2556 adnotationes
331 2494 480 2579 quamvis
504 2489 673 2580 dispersae
696 2505 729 2560 et
750 2514 908 2580 perverso
931 2491 1002 2558 loco
1025 2493 1153 2578 positae
1174 2501 1284 2556 mmen
1306 2489 1372 2576 legi

90 2603 117 2656 et
140 2591 285 2679 intellegi
313 2595 385 2660 sine
410 2594 562 2661 molestia
582 2607 727 2683 possent.
770 2597 881 2681 itaque
903 2594 1028 2660 Donati
1048 2592 1151 2660 verba
1173 2594 1371 2676 accuratius,

89 2717 176 2780 quarn
204 2720 225 2762 a
246 2696 402 2763 Putschio
430 2697 553 2762 factum
581 2708 667 2781 erat,
696 2697 801 2764 abiis
830 2719 914 2784 quae
936 2697 979 2762 ab
1000 2699 1178 2783 interprete
1204 2695 1373 2780 adscripta

90 2806 156 2862 sunt
177 2798 347 2885 separavi,
370 2807 468 2885 atque
491 2820 555 2886 quo
577 2798 706 2864 facilius
729 2798 991 2884 intellegeretur,
1014 2821 1079 2885 quo
1102 2798 1250 2883 singulae
1272 2796 1372 2862 adno-

89 2898 221 2966 tationes
244 2901 461 2988 pertinerent,
484 2902 626 2966 numcris
650 2902 845 2989 paginarum
859 2910 894 2967 et
908 2923 1064 2966 versuum
1083 2923 1126 2964 ex
1140 2922 1214 2964 mea
1228 2899 1372 2964 editione

90 3001 204 3066 Donati
226 3003 262 3065 in
284 3003 432 3088 margine
454 3004 628 3090 adscriptis
651 3002 805 3092 lemmata
825 3001 880 3095 vel
907 3002 1109 3089 praescripta
1129 3001 1172 3068 ab
1194 3000 1372 3086 interprete

88 3101 134 3166 vel
154 3102 276 3168 omissa
296 3102 453 3168 indicavi.
483 3104 601 3170 deinde
623 3105 772 3172 diversas
795 3104 1024 3170 adnotationes
1049 3103 1203 3184 distinxi,
1227 3124 1371 3188 eaquae

88 3203 328 3270 continuitatem
344 3205 519 3272 verborum
534 3207 669 3284 hubent
683 3207 776 3274 uncis
792 3206 954 3293 adpositis
969 3206 1099 3288 notavi,
1116 3204 1254 3292 denique
1269 3204 1372 3271 verba

88 3305 116 3368 in
142 3305 255 3372 codice
287 3306 573 3393 neglegentissime
600 3310 738 3395 scripta,
768 3319 927 3395 quantum
954 3305 1026 3372 fieri
1054 3315 1198 3393 poterat,
1231 3306 1370 3372 correxi.

88 3429 145 3493 qua
169 3409 203 3472 in
231 3430 267 3473 re
295 3411 376 3497 quid
396 3410 552 3476 Putschio
582 3411 760 3492 debeatur,
789 3409 869 3474 satis
897 3409 996 3474 habui
1018 3418 1088 3472 tum
1110 3430 1184 3472 cum
1207 3431 1228 3474 a
1249 3409 1370 3474 codicis

88 3512 241 3598 scriptura
268 3510 398 3598 longius
425 3512 600 3579 recedebat
627 3511 811 3580 emendatio
839 3511 1000 3592 indicare,
1035 3510 1070 3574 in
1103 3509 1253 3598 reliquis,
1288 3533 1371 3596 quae

87 3613 176 3678 facile
207 3636 229 3678 a
260 3615 378 3701 quovis
411 3615 552 3680 inveniri
584 3623 732 3700 possent,
766 3611 849 3677 nihil
880 3613 1039 3678 interesse
1070 3622 1162 3678 ratus
1190 3624 1228 3678 ut
1254 3635 1371 3678 nomen

87 3717 222 3782 arauris
250 3715 502 3782 adscriberetur.
546 3717 581 3780 in
609 3715 826 3782 describenda
853 3714 975 3779 codicis
1005 3712 1243 3800 discrepantia,
1273 3737 1370 3801 quam

87 3829 265 3905 separatam
288 3841 308 3882 a
328 3840 403 3884 mea
423 3817 635 3886 adnotatione
658 3816 797 3898 subieci,
814 3817 974 3882 vetustati
995 3817 1117 3882 codicis
1140 3815 1202 3880 hoc
1224 3815 1312 3897 dedi,
1334 3826 1371 3881 ut

87 3943 121 3985 ne
140 3919 463 4007 levissimajquidem
485 3921 568 3986 vitia
589 3920 812 4006 praeterirem.
855 3928 952 4004 atque
975 3941 1014 3983 ea
1034 3919 1133 3986 etiam
1154 3941 1238 4005 quae
1260 3918 1303 3984 ad
1324 3918 1370 3983 di-

87 4043 207 4088 uersam
230 4021 397 4087 scribendi
412 4019 466 4086 vel
485 4021 718 4107 pronuntiandi
732 4021 892 4086 rationem
912 4021 1092 4107 pertinent,
1116 4019 1269 4106 quoniam
1290 4018 1371 4085 haec

86 4125 115 4186 in
134 4124 316 4210 marginem
336 4124 458 4189 reicere
481 4145 579 4211 quarn
592 4125 627 4187 in
642 4123 893 4189 continuitatem
906 4121 1082 4188 verborum
1096 4121 1241 4206 recipere
1255 4118 1369 4202 malui,

87 4225 222 4294 indicata
250 4235 342 4306 sunt,
371 4225 436 4290 nisi
462 4225 551 4312 quod
578 4247 615 4290 ac
637 4236 670 4290 et
696 4247 712 4290 c
739 4224 892 4291 veltet
919 4223 1223 4311 altequentissime
1244 4231 1371 4287 mutata

88 4351 151 4395 raro
177 4317 348 4395 adnotavi.
393 4349 505 4394 eorum
533 4350 615 4415 quae
643 4328 765 4394 recenti
794 4349 893 4392 manu
918 4326 1086 4413 adscripta
1112 4336 1204 4406 sunt,
1232 4347 1370 4411 quorum

88 4429 167 4496 nulla
188 4430 370 4497 auctoritas
392 4439 453 4512 est,
476 4429 666 4517 plerumque
689 4429 850 4495 rationem
865 4451 931 4494 non
950 4427 1065 4510 habui3
1089 4427 1202 4514 siquae
1224 4448 1245 4490 a
1259 4435 1370 4498 vetere

89 4531 214 4600 librario
243 4533 389 4600 conebta
415 4540 508 4614 sunt,
536 4541 691 4618 corrupta
719 4532 883 4618 scriptura
907 4530 956 4598 ibi
977 4538 1120 4610 tantum,
1153 4528 1211 4595 ubi
1232 4526 1370 4594 alicuius
1400 4535 1414 4564 ⁸

89 4636 235 4702 momenti
262 4657 334 4701 esse
362 4634 556 4716 videbatur,
585 4634 733 4699 exhibita
754 4641 815 4698 est.
860 4632 980 4698 librum
1000 4654 1099 4696 manu
1120 4631 1278 4717 scriptum
1299 4631 1370 4716 ipse

90 4758 153 4800 rum
179 4735 329 4802 Putschii
356 4735 500 4802 editione
528 4733 668 4818 contuli,
694 4745 811 4822 postea
838 4734 927 4800 haud
953 4735 1116 4819 ingratum
1138 4754 1231 4797 meae
1253 4753 1370 4818 operae

91 4838 342 4925 supplementum
364 4838 447 4904 mihi
467 4837 621 4926 praebuit
633 4836 815 4902 Hermanni
834 4835 966 4922 Hageni
979 4834 1157 4901 Beruensis
1177 4831 1369 4901 liberalitas.
