3350 5442
575 365 810 428 COblhlENTVbl
1280 361 1340 425 125

1169 484 1190 524 p.
1204 472 1279 513 aa-cn
1293 470 1315 511 L-

82 572 172 615 amum
194 553 269 613 enim
297 551 407 613 dicitur
428 550 596 613 dimidium:
609 537 651 612 'et
673 560 717 614 est
732 555 762 613 in
777 555 842 613 istis
858 551 991 631 pedihus
1018 550 1158 611 bacchius
1174 550 1340 631 sescuplam

82 656 148 718 habct
166 654 353 723 divisionem,
377 653 591 724 antibacchius,
615 656 836 733 amphimacrus
860 662 888 715 ct
909 672 1047 734 paeones

142 757 191 817 llis
212 756 343 835 exceptis
364 765 521 817 remanent
542 756 631 833 aliqui
653 756 758 836 pedes,
783 758 834 838 qui
856 774 915 817 non
938 757 1071 815 serviunt
1092 755 1179 815 alicui
1194 754 1338 825 divisioni,
1351 766 1411 827 425,
1425 767 1457 815 aa

81 858 281 939 amphibrachus
309 864 340 918 ct
367 859 488 938 epitriti.
539 858 768 938 amphibrachus
795 876 856 919 non
883 864 981 937 potest
1008 875 1126 918 servare
1156 856 1337 917 divisionem.
1378 870 1385 877 ·

66 963 166 1039 aquare?
185 961 251 1039 qnia
273 958 365 1020 hahet
386 960 508 1021 brevem
530 968 560 1020 et
581 960 699 1039 longam
723 967 753 1020 et
768 960 901 1021 brevem.
936 961 1019 1019 istam
1035 958 1153 1037 longam
1177 976 1234 1036 quo
1249 958 1340 1021 habes
1364 1016 1366 1019 .

80 1062 180 1123 addere?
206 1060 242 1122 ad
264 1062 398 1123 initium?
427 1062 511 1123 sind
539 1064 673 1131 initium,
702 1064 757 1123 tria
785 1069 814 1122 et
837 1080 929 1123 unum
952 1063 1022 1130 erit,
1052 1060 1131 1121 nulla
1155 1060 1258 1121 divisio
1281 1068 1338 1129 est;

79 1168 96 1223 si
111 1163 140 1221 ad
161 1163 259 1232 linem,
285 1182 375 1224 unum
398 1173 428 1224 et
450 1166 506 1224 tria
528 1172 625 1225 erunt.
672 1182 742 1225 ecce
765 1182 824 1224 nou
847 1162 937 1223 habet
959 1162 1140 1223 diuisionem.
1184 1164 1254 1223 item
1277 1165 1339 1241 epi-

79 1267 123 1325 triti
146 1272 263 1344 septena
291 1265 402 1327 hahent
431 1274 574 1345 tempora.
620 1266 765 1346 numquid
793 1264 905 1325 habeut
927 1263 1118 1324 divisionem?
1155 1264 1179 1323 si
1203 1271 1339 1341 quattuor

80 1368 161 1427 atria
182 1365 325 1437 volueris,
349 1386 409 1429 non
433 1375 491 1429 stat
512 1368 630 1438 divisim
659 1370 684 1429 si
712 1370 768 1429 tria
798 1374 827 1428 et
855 1373 1007 1447 quattuor,
1039 1364 1181 1425 similiter.
1228 1365 1340 1425 idcirco

56 1471 113 1528 aisti
134 1467 219 1546 pedes
245 1469 433 1547 proiciuntur
461 1488 477 1529 a
499 1472 613 1531 metria.
657 1486 750 1547 quare
778 1470 835 1530 hoc
864 1469 943 1529 diri?
980 1469 1098 1528 invenio
1127 1468 1256 1527 enimin
1280 1486 1340 1527 non

79 1568 146 1631 nullis
165 1571 294 1631 metricis
317 1589 353 1631 ex
375 1570 588 1650 amphibracho
611 1577 640 1631 et
663 1573 782 1652 epitrito
805 1579 945 1632 metrum.
981 1588 1041 1631 non
1064 1569 1142 1631 licet.
1176 1570 1226 1629 isti
1249 1568 1340 1648 pedes

79 1680 150 1732 metra
171 1672 314 1733 naturalia
337 1691 397 1733 non
419 1673 542 1734 iaciunt.
568 1672 700 1735 incidere
722 1685 848 1753 possunt
869 1675 900 1733 in
924 1672 1055 1733 secundo
1076 1671 1142 1731 loco
1165 1678 1213 1731 aut
1238 1672 1339 1739 tertio;

77 1783 101 1834 ut
115 1781 118 1845 Ι
133 1781 223 1835 autern
245 1775 294 1834 isti
316 1775 424 1836 iaciant
452 1785 546 1835 metra
569 1794 629 1835 non
652 1776 731 1836 licet.
775 1774 849 1835 nulli
878 1776 957 1836 enim
984 1774 1076 1852 pedes
1104 1774 1214 1834 iaciunt
1237 1780 1339 1843 metra,

78 1878 120 1935 uisi
137 1878 180 1956 qui
202 1876 335 1936 serviunt
356 1875 549 1937 divisionibus
570 1877 764 1938 naturalibus.
808 1876 878 1936 hinc
901 1875 1072 1945 turbantur,
1095 1874 1165 1935 hinc
1187 1872 1339 1934 dubitant:

53 1980 115 2057 myui
131 1976 202 2038 bene
222 1975 336 2038 babent
357 1986 451 2039 metra
474 1979 620 2049 scribere,
644 1978 711 2039 illos
733 1977 843 2039 dehent
864 1978 955 2057 pedes
977 1995 1105 2058 ponere,
1136 1978 1187 2056 qui
1209 1978 1341 2037 serviunt

78 2078 252 2139 divisionibus.
298 2088 370 2158 puta
391 2080 553 2161 sapphicus
576 2089 689 2142 constat
712 2100 749 2141 ex
771 2081 890 2160 epitrito
912 2080 1042 2141 secundo
1065 2086 1095 2139 et
1109 2078 1259 2139 trochaeo.
1283 2077 1340 2137 hoc

77 2184 136 2259 siqui
156 2181 248 2251 iaciat,
279 2180 402 2241 stultum
425 2190 470 2242 est
492 2191 522 2243 et
543 2201 659 2244 vanum.
691 2201 760 2243 narn
783 2184 921 2262 epitritus
944 2200 1104 2261 numquam
1128 2181 1198 2241 lacit
1213 2186 1339 2239 metrum

76 2302 155 2352 suum,
182 2301 242 2343 nan
270 2281 354 2353 licet;
377 2301 437 2344 non
461 2287 541 2345 enim
563 2288 653 2347 servit
680 2285 823 2345 divisioni.
870 2286 927 2345 nisi
950 2284 1074 2345 credere
1096 2282 1238 2344 debemus
1261 2280 1339 2361 quod
1352 2292 1411 2353 481,
1425 2292 1457 2340 ‘at

77 2404 137 2446 unus
155 2386 278 2464 quisque
303 2403 404 2445 sersus
425 2384 514 2447 hahet
536 2386 627 2467 pedes
648 2386 808 2465 legitimos,
832 2385 923 2447 hahet
945 2388 1061 2448 nothos.
1097 2383 1245 2463 legitimus
1268 2384 1340 2443 dici-

51 2497 114 2547 atur
131 2506 189 2565 pes,
212 2486 354 2549 naturalis
376 2490 425 2567 apri
449 2498 507 2553 est:
531 2488 656 2560 nothus,
682 2491 732 2566 oui
755 2488 928 2549 admittitur.
974 2508 1043 2549 ecce
1065 2490 1095 2549 in
1118 2506 1204 2548 versu
1220 2487 1341 2547 heroico

76 2608 134 2649 unus
152 2608 200 2668 pes
221 2600 267 2650 est
288 2589 439 2668 legitimus
460 2591 625 2670 spondeum
654 2592 705 2653 sed
735 2591 876 2669 quoniam
906 2594 984 2651 visus
1013 2597 1057 2651 est
1085 2590 1176 2649 durus
1204 2597 1234 2648 et
1255 2606 1340 2667 prae·

75 2692 178 2760 hactus,
198 2690 294 2751 solnta
318 2698 363 2752 est
384 2695 532 2771 posterior
554 2694 680 2772 syllaba,
705 2702 734 2753 et
755 2693 825 2754 lacit
847 2692 1003 2773 dactylum.
1034 2694 1059 2753 si
1081 2691 1175 2753 solvas
1198 2692 1339 2771 priorem,

75 2795 129 2854 iacit
148 2801 331 2873 anapaestum
354 2822 372 2857 a
397 2802 427 2854 et
449 2796 621 2857 trochaeum
642 2798 674 2857 in
696 2799 764 2857 line.
794 2797 843 2855 isti
865 2794 948 2855 nothi
970 2800 1045 2854 sunt.

141 2895 244 2956 Omnes
271 2903 428 2974 praeterea
457 2895 607 2976 simplices
638 2898 732 2977 pedes
764 2916 859 2977 usque
886 2896 923 2957 ad
951 2904 1011 2957 tres
1039 2896 1163 2977 syllabas
1192 2903 1384 2967 crescunt,31

50 3015 66 3051 :2
76 2993 185 3073 duplices
205 3013 298 3075 usque
322 2995 357 3057 ad
381 3014 448 3065 sex:
473 3006 502 3058 ct
523 2998 581 3059 hoc
603 3006 684 3059 recta
707 3001 831 3060 ratione.
863 3018 931 3059 nam
954 3001 979 3059 si
1000 2996 1148 3079 simplices
1164 3007 1232 3059 suut
1246 3017 1340 3077 ‘usque

74 3096 100 3155 ad
119 3106 224 3167 ternas,
253 3100 402 3177 geminata
431 3100 486 3161 ista
512 3102 589 3161 ratio
617 3101 793 3181 simplicium
816 3100 905 3162 debet
932 3100 1064 3181 duplices
1089 3103 1094 3175 Ι
1118 3100 1209 3181 pedes
1231 3101 1339 3162 iacere.

74 3217 143 3276 quem
169 3200 202 3260 ad
229 3201 353 3261 modum
379 3201 488 3280 probat
520 3202 591 3273 hoc,
622 3204 771 3283 simplices
798 3204 890 3283 pedes
913 3222 1004 3283 usque
1033 3204 1070 3264 ad
1093 3210 1193 3264 ternas
1215 3203 1341 3283 syllabas

73 3304 205 3362 arescere?
226 3305 367 3384 quoniam
391 3306 480 3365 istum
503 3303 668 3385 simplicem
689 3306 796 3385 pedem
819 3306 960 3373 diximus,
991 3308 1042 3385 qui
1065 3305 1177 3367 solutus
1200 3305 1258 3367 duo
1281 3324 1340 3367 aron

73 3402 134 3462 lacit
176 3406 198 3463 si
220 3404 403 3486 trisyllabum
426 3406 531 3477 solvas,
557 3407 615 3467 duo
639 3426 698 3469 non
720 3410 799 3470 lacit,
847 3427 915 3469 ecce
938 3414 1011 3487 puta·
1031 3407 1212 3469 tribrachum
1235 3410 1259 3468 si
1282 3408 1339 3469 sol·

50 3518 122 3571 rus,
143 3508 281 3587 numquid
305 3507 363 3569 duo
386 3509 474 3569 lacit?
497 3527 568 3588 ergo
591 3512 730 3589 quoniam
754 3510 868 3571 solutus
890 3510 963 3570 duos
985 3528 1043 3571 nun
1067 3519 1166 3589 potest
1185 3510 1293 3580 lacere,
1317 3513 1359 3570 si-

74 3604 160 3667 lemus
192 3608 234 3669 illi
271 3630 361 3671 unam
397 3609 553 3690 syllabam,
595 3614 697 3692 incipit
745 3632 809 3674 esse
849 3612 1121 3691 proceleumaticus.
1145 3631 1239 3697 xergo
1274 3611 1341 3672 ideo

73 3709 201 3787 implices
228 3712 320 3793 pedes
349 3732 441 3792 usque
469 3713 506 3773 ad
534 3723 634 3775 ternas
662 3714 789 3795 syllabas
816 3714 998 3795 procedunt,
1029 3726 1058 3775 ct
1085 3714 1218 3794 duplices
1246 3735 1341 3795 usque

72 3810 98 3868 ad
117 3830 175 3873 sex.

544 3971 593 4031 DE
615 3971 847 4032 necabimus
901 4026 906 4031 .

137 4087 239 4149 Graeci
259 4088 418 4167 prosodias
442 4088 544 4150 dicunt
565 4060 703 4152 ncccnlus
726 4090 781 4152 hac
803 4093 933 4153 ratione:
957 4110 1028 4171 pros
1045 4092 1146 4154 dicunt
1160 4092 1206 4163 ad,
1223 4099 1340 4151 cantum
1353 4097 1440 4162 aad?

126 4311 136 4358 l
153 4308 188 4376 et]
202 4320 231 4361 ut
243 4312 317 4362 ABG
366 4312 382 4362 5
398 4320 423 4361 et
435 4313 537 4361 breuem
550 4327 596 4362 om.
612 4312 666 4376 Bc,
679 4316 855 4381 superscripta
865 4331 908 4379 pr.
920 4331 950 4367 m.
962 4314 1038 4366 babet
1049 4316 1073 4365 A
1126 4332 1175 4380 quo
1190 4318 1231 4366 Ba
1244 4322 1304 4379 quot
1318 4315 1342 4364 Α

76 4376 138 4427 tliO
185 4380 303 4447 ihnbet]
325 4381 513 4432 habentABG
582 4384 612 4434 ll
633 4385 943 4448 rranlicctAquaaeuorr
962 4386 1068 4435 liceto*
1088 4390 1156 4449 qnod
1180 4402 1227 4437 rrou
1248 4386 1343 4435 licetB

81 4449 116 4505 ‚ia
133 4464 178 4499 nou
194 4451 289 4500 licetO
343 4450 375 4502 18
389 4453 490 4501 credere
508 4453 579 4503 ABc
597 4454 700 4504 scireO
756 4456 929 4506 adunaturam
946 4457 994 4511 ΑΟ
1045 4454 1078 4505 ²3
1097 4458 1209 4508 lacrimam
1227 4458 1344 4507 indicauit

76 4516 237 4571 landramnus
260 4521 308 4571 hoc
332 4525 464 4584 proposito
484 4526 667 4588 supplemento,
685 4540 732 4591 pro
756 4527 870 4590 spondeo
894 4526 970 4591 igitur
988 4525 1097 4575 admittit
1117 4544 1205 4579 versus
1225 4526 1343 4576 heroicus

77 4590 186 4651 nauum,
205 4600 371 4657 anapaestum
389 4600 413 4641 ct
430 4593 575 4643 trochaeum
595 4596 619 4642 iu
640 4596 689 4643 sure
743 4597 778 4645 ¹20
796 4597 860 4645 ratio
874 4596 994 4660 simplicis
1014 4592 1070 4645 Ca*
1092 4599 1155 4646 ratio
1175 4598 1304 4662 simplices
1318 4596 1342 4645 A

77 4660 150 4709 ¹stiriae
160 4661 283 4727 simplicis
297 4662 325 4711 B
376 4664 409 4712 27
422 4664 517 4727 probas
529 4666 713 4715 Lindemanuus
765 4666 797 4714 nd
811 4674 897 4715 ternus
910 4666 1021 4729 syllabas
1035 4666 1091 4715 Cn:
1106 4668 1217 4733 syllabas
1231 4684 1276 4719 om.
1292 4668 1343 4716 AB

124 4732 155 4779 aa
172 4734 194 4780 si
211 4731 371 4796 trisyllabum
387 4733 473 4782 saluas
493 4736 542 4783 dara
562 4750 611 4783 non
632 4735 692 4783 iacit
709 4750 755 4786 nm.
771 4736 834 4798 AB,
851 4736 909 4785 odd.
927 4753 943 4785 a
960 4738 981 4783 si
995 4736 1150 4797 trisyllabum
1170 4740 1255 4788 soloas
1270 4752 1341 4787 uum-

77 4798 118 4854 udd
133 4801 180 4850 duo
197 4816 246 4849 non
265 4802 327 4851 lacit
347 4804 368 4853 C
447 4803 583 4853 tribrachin
605 4805 662 4853 AB
685 4804 830 4869 tribrachyn
851 4807 871 4855 Ο
953 4806 986 4857 30
1007 4806 1122 4868 fortasse
1140 4824 1202 4876 ergo
1221 4809 1340 4873 quoniam

76 4868 150 4917 alatus
166 4874 230 4921 dnos
244 4872 382 4939 noussen,
402 4874 512 4937 simplex
529 4876 635 4937 ‹licitur3
654 4876 674 4923 si
695 4876 784 4925 demus
803 4884 849 4926 etc.
