3350 5442
295 358 358 425 cst
852 318 1032 418 ulctroou

321 482 343 523 p.
357 468 401 511 itt.
416 469 440 509 te
454 466 482 509 V.

295 570 371 632 quae
398 567 458 609 non
488 549 547 608 nisi
576 562 671 624 usque
702 543 737 605 ad
766 544 962 623 praeteritum
990 544 1191 623 inperfectum
1220 543 1297 623 apud
1321 543 1389 604 illos
1412 544 1590 613 flectuntur:

296 653 348 713 illa
371 653 476 720 ctiam,
504 666 580 729 quae
604 650 634 708 in
656 657 743 722 σκω,
769 652 801 706 ut
821 639 981 725 γηράσκω
1003 642 1144 705 celicam
1167 643 1318 725 yaptcxoa
1340 642 1535 725 nerpoicum,
1565 658 1591 707 et

296 771 371 836 quae
395 756 425 815 in
449 770 499 812 voa
521 757 630 810 exeunt
656 750 769 809 maiora
797 745 965 827 disyllabis,
989 738 1104 826 ὀμνύω
1127 742 1286 828 anystis),
1314 758 1344 809 et
1366 768 1441 830 quae
1465 754 1497 810 in
1521 770 1591 823 ειω,

297 866 330 919 ut
352 851 465 936 ὁιγείω
488 846 608 914 ὀκνείω
630 847 783 929 βρωσείω
805 847 987 928 pannonica,
1010 857 1041 910 et
1062 868 1137 929 quae
1160 868 1197 910 ex
1219 850 1431 931 monosyllabis
1452 870 1511 933 per
1535 856 1593 913 iota

296 962 502 1039 geminantur,
526 961 560 1015 ut
585 948 794 1031 coniectori,
823 950 893 1030 χρῶ
921 949 1043 1030 κιχριιῐ,
1072 950 1122 1031 dci
1149 950 1246 1031 βιβῶ.
1291 954 1364 1013 baec
1386 956 1468 1014 enim
1493 958 1614 1018 omnies

298 1080 392 1143 usque
423 1059 459 1121 ad
489 1057 584 1119 solum
613 1047 842 1131 παρατᾱτικόν
869 1053 994 1130 illorum,
1015 1072 1070 1114 nec
1099 1055 1176 1118 ultra
1205 1064 1330 1135 possunt
1352 1057 1486 1117 extendi.
1512 1054 1516 1134 l
1543 1059 1594 1118 sed

299 1163 376 1245 apud
392 1162 514 1224 Latium
537 1159 636 1219 omnia
658 1175 715 1218 usu
736 1163 852 1217 tantum
874 1155 1054 1217 destituente
1071 1157 1221 1218 deliciunt.
1252 1176 1320 1219 nam
1336 1150 1594 1238 dvopseottottnt

299 1284 417 1335 eorum,
448 1271 480 1324 ut
502 1261 611 1323 stridet
633 1269 663 1321 et
685 1259 810 1327 similia,
834 1258 870 1318 ad
894 1257 1103 1320 declinationis
1124 1258 1268 1321 ulteriora
1290 1260 1475 1339 procedunt:
1500 1280 1594 1341 paura

298 1386 368 1428 vero
391 1372 442 1428 aut
463 1364 543 1425 nulla
566 1371 634 1424 sunt
656 1364 688 1421 in
717 1360 826 1441 quibus
854 1358 973 1420 litterae
994 1361 1070 1423 male
1094 1359 1153 1421 sibi
1177 1360 1338 1421 cohaerere
1362 1362 1523 1435 dicuntur;
1548 1384 1594 1424 re·

298 1470 377 1549 liqua
406 1470 518 1537 omnia,
547 1465 594 1525 vel
621 1466 691 1544 quia
720 1481 779 1523 non
809 1462 885 1522 lecta
913 1470 994 1531 stent,
1018 1461 1062 1522 vel
1087 1480 1142 1522 usu
1165 1471 1326 1542 respuente
1348 1472 1501 1525 vetantur.
1548 1470 1626 1529 ιιι-ιι,

297 1590 385 1651 quam
409 1577 439 1630 et
460 1587 525 1630 sum
548 1568 733 1629 deiecerunt.
779 1583 845 1625 nam
870 1572 1029 1644 sequentes
1056 1582 1203 1643 personae
1232 1554 1354 1627 minime
1378 1571 1595 1645 convenientes

298 1676 412 1753 primae
435 1669 616 1750 syllabarum
639 1671 722 1727 exitu
750 1669 964 1728 terminantur:
1001 1666 1126 1726 alterurn
1150 1670 1230 1728 enim
1253 1668 1324 1728 lacit
1345 1671 1470 1748 inquam
1493 1674 1595 1752 inquis

298 1776 409 1854 inquit,
440 1772 565 1833 alterum
592 1789 658 1831 sum
688 1788 720 1831 es
752 1777 813 1839 est,
846 1771 876 1829 in
899 1767 1008 1848 quibus
1030 1761 1196 1847 ἀναλογία
1218 1769 1319 1831 verbis
1340 1774 1436 1832 amica
1458 1791 1521 1834 non
1545 1792 1594 1834 ex·

299 1884 367 1939 stat.
404 1882 434 1935 et
461 1873 533 1934 illud
561 1873 682 1952 quidem
710 1871 834 1951 reliquis
863 1868 1001 1932 omnibus
1023 1870 1210 1951 temporibus
1232 1871 1347 1943 dedcit;
1379 1891 1444 1934 sum
1469 1880 1594 1936 veroin

299 1978 377 2041 aliud
406 1978 527 2045 transit,
556 1982 590 2035 ut
617 1991 672 2054 per
701 1982 834 2054 tempora
865 1972 1045 2044 declinetur,
1077 1991 1158 2035 eram
1186 1975 1230 2035 lui
1258 1974 1373 2035 lucram
1406 1993 1469 2036 ero.
1515 1980 1627 2039 terion

298 2087 432 2160 tempore
454 2078 589 2158 perlecto
611 2076 711 2137 deicit
734 2083 764 2136 et
785 2094 887 2137 vocem
916 2074 975 2137 sibi
1005 2075 1123 2135 aliunde
1147 2083 1312 2136 mutuatur:
1347 2081 1485 2155 percussi
1514 2084 1594 2140 enim

299 2183 441 2251 dicimus,
466 2198 525 2241 non
548 2179 646 2240 ieriri.
682 2178 747 2239 volo
769 2196 829 2238 non
853 2180 894 2239 ita
917 2176 1099 2247 declinatur,
1128 2185 1160 2237 ut
1183 2178 1275 2238 molo:
1304 2177 1382 2239 molo
1405 2183 1487 2241 enim
1509 2182 1596 2243 molis

298 2284 398 2353 molit,
421 2282 487 2343 volo
509 2284 554 2343 vis
576 2281 652 2352 vult,
677 2288 804 2360 atquae
826 2298 863 2340 ex
886 2297 922 2340 eo
944 2285 1151 2359 conponuntur
1178 2279 1246 2341 nolo
1267 2280 1353 2351 malo,
1379 2283 1446 2342 nolo
1468 2303 1528 2344 non
1554 2289 1596 2345 ris

298 2406 356 2448 non
382 2384 455 2455 vult,
478 2383 555 2445 malo
577 2383 669 2445 mavis
691 2382 812 2445 mavult.
856 2384 921 2443 iero
943 2381 1052 2443 nullius
1075 2384 1294 2461 coniugationis
1316 2386 1348 2443 in
1371 2386 1502 2446 secunda
1526 2404 1594 2466 per·

299 2507 371 2550 sona
393 2486 526 2565 regulam
549 2494 662 2555 servat,
686 2487 752 2546 iero
774 2485 845 2545 lers.
875 2484 925 2544 odi
947 2485 1015 2544 novi
1038 2486 1161 2544 memini
1184 2485 1215 2544 in
1238 2470 1320 2545 omni
1342 2504 1437 2564 paene
1461 2488 1628 2551 declina-a.

299 2592 379 2652 tione
412 2588 564 2650 deliciunt.
610 2586 667 2649 alia
700 2594 770 2649 sunt
801 2604 893 2667 quae,
922 2604 990 2647 cum
1018 2604 1177 2665 personam
1204 2588 1331 2665 primam
1358 2606 1419 2649 non
1451 2589 1593 2661 habeant,

298 2691 411 2754 habent
433 2698 562 2760 ceteras,
586 2698 618 2752 ut
641 2708 709 2751 oras
732 2698 812 2752 orat:
836 2708 890 2749 oro
914 2689 994 2749 enim
1015 2686 1125 2748 lectum
1148 2706 1206 2749 non
1230 2696 1284 2749 est.
1315 2691 1387 2750 item
1410 2691 1494 2784 iurisx
1511 2693 1594 2763 iurit,

299 2814 367 2856 cum
388 2795 468 2855 furio
492 2811 563 2854 usus
586 2795 711 2871 ignoret.
757 2793 832 2852 iaris
855 2792 947 2859 latur,
972 2808 1056 2850 roras
1079 2799 1176 2860 rorat,
1205 2791 1287 2851 daris
1309 2791 1412 2863 datum
1446 2812 1503 2855 nec
1525 2814 1595 2856 roro

299 2904 398 2957 tamen
421 2912 477 2956 nec
499 2894 554 2955 dor
576 2912 631 2955 nec
653 2895 699 2954 ior
722 2893 853 2954 admittit
876 2893 1048 2953 auctoritas.
1078 2892 1168 2953 bebet
1189 2902 1307 2971 aegret,
1332 2912 1400 2955 cum
1419 2914 1475 2956 nec
1499 2898 1595 2959 bebeo

299 3016 355 3058 nec
377 3014 486 3075 aegreo
508 2999 548 3057 sit
570 2996 705 3057 relatum.
750 2992 830 3056 soleo
859 2996 956 3054 nescit
984 2994 1127 3055 iuturum.
1173 3012 1258 3055 verro
1280 2997 1449 3075 perlectum
1472 3002 1593 3077 negarit
1607 3020 1629 3060 e

300 3100 438 3161 activum.
482 3099 585 3175 genuit
614 3115 649 3157 ex
679 3114 737 3177 quo
771 3097 902 3157 themate
931 3097 1044 3165 veniat,
1078 3096 1176 3157 nullus
1204 3100 1365 3176 expressit,
1400 3098 1472 3159 licet
1501 3101 1594 3162 Varro

300 3200 411 3281 aliique
434 3208 568 3260 veterum
591 3199 722 3259 dixerint
744 3205 865 3276 genunt.
911 3216 966 3257 nec
989 3199 1116 3257 mirum:
1140 3216 1208 3259 nam
1231 3205 1262 3259 et
1284 3198 1364 3285 apud,
1379 3198 1511 3262 Graecos
1533 3212 1594 3265 tam

301 3302 461 3383 praeterita
485 3302 617 3362 invenies
640 3308 772 3380 tempora
794 3318 884 3380 quam
906 3300 1004 3360 lutura
1027 3318 1102 3380 quae
1125 3299 1334 3379 praesentibus
1357 3312 1489 3374 careant,
1517 3297 1595 3387 ἦνε-

193 3403 198 3410 ”
300 3423 367 3483 γκα
389 3399 537 3483 ἔδραμον
559 3402 652 3463 οἴσω.

369 3624 385 3671 2
397 3616 537 3688 γηράσκω]
550 3636 677 3687 σερασιιω
687 3621 713 3671 Β
765 3620 904 3688 pupieno]
916 3636 1045 3686 perpessos
1056 3619 1082 3669 B
1134 3624 1151 3671 4
1163 3613 1269 3688 ᾆιγείω]
1283 3636 1383 3688 tttyetm
1396 3618 1421 3667 B
1474 3624 1490 3670 b
1503 3622 1595 3688 eripui]

301 3706 387 3811 ‘titt
403 3687 583 3821 initii}
597 3690 822 3809 iiilidatii
831 3700 891 3806 ’ἕω
907 3688 1086 3809 &isicii
1099 3688 1187 3811 itt.
1198 3690 1292 3809 titt
1303 3687 1595 3809 iiiiiifflffi

302 3827 484 3891 defectivam
501 3842 558 3877 snm
571 3841 675 3892 prosum
688 3841 794 3893 possum
807 3825 861 3875 iero
875 3826 932 3875 volo
946 3826 1004 3875 nolo
1017 3826 1059 3875 odi
1073 3828 1132 3875 nori
1144 3826 1256 3887 memini,
1269 3842 1304 3876 ea
1316 3844 1365 3892 qua
1378 3828 1441 3877 baec
1459 3831 1595 3891 excerpat.-

303 3894 366 3945 Sum
383 3894 489 3945 verbum
507 3893 668 3953 defectivum,
686 3896 806 3959 quonism
824 3894 918 3943 deiecit
931 3894 1155 3959 coniugationibus
1168 3895 1324 3959 temporibus
1338 3894 1481 3962 participiis
1492 3909 1593 3958 genere.

303 3963 490 4028 coniugationis
507 3963 574 4012 enim
594 3962 687 4012 nullius
705 3974 753 4015 est.
777 3971 892 4027 tempora
911 3961 1013 4012 aliunde
1025 3962 1128 4029 accipit.
1153 3962 1293 4026 quidenim
1307 3978 1360 4013 erat
1373 3962 1408 4012 ini
1420 3962 1454 4012 sd
1467 3976 1525 4012 sunt
1538 3966 1595 4013 atti-

304 4032 382 4081 nent?
399 4031 559 4097 participium
577 4032 720 4097 praesentis
733 4032 855 4096 temporis
870 4030 1015 4081 nonhabet.
1040 4032 1143 4094 generis
1158 4032 1245 4081 itidem
1259 4031 1409 4081 molliusest.
1434 4030 1560 4095 gerundia
1571 4042 1594 4079 et

303 4099 477 4165 inpersonslie
490 4113 540 4148 non
554 4099 637 4152 habet,
663 4100 799 4148 indicativo
817 4099 892 4149 modo
912 4098 1033 4164 temporis
1050 4099 1191 4162 praesentis
1210 4100 1306 4149 numeri
1323 4098 1462 4164 singularis
1475 4112 1534 4147 snm
1546 4107 1592 4150 etr.

304 4169 397 4219 oadeec
414 4168 583 4219 declinatione
599 4168 683 4230 saturi
699 4169 829 4219 indicativi
846 4194 878 4203 -
897 4167 928 4215 nd
944 4166 1135 4216 similitudinem
1152 4168 1245 4231 prioris
1259 4178 1283 4216 et
1295 4183 1360 4231 ques
1373 4182 1405 4216 ex
1419 4180 1449 4215 eo
1461 4168 1593 4233 conposite

303 4244 364 4287 sunt
376 4235 583 4295 declinabantur,
597 4246 676 4286 otest
689 4250 792 4301 prosum
804 4262 836 4272 -
851 4234 936 4285 loturo
950 4234 1057 4300 prodero
1077 4235 1191 4299 proderis
1203 4234 1316 4302 proderit
1328 4234 1490 4303 proderimns
1503 4236 1592 4301 prode-

305 4304 361 4355 ritis
373 4303 503 4367 proderint
518 4330 552 4339 -
567 4318 673 4369 possum
692 4318 794 4367 quoque
811 4305 915 4354 verbum
935 4314 959 4353 et
970 4302 1036 4353 idem
1056 4302 1208 4353 deiectivum
1222 4304 1304 4353 simile
1316 4303 1451 4369 superiori,
1464 4304 1515 4354 nisi
1526 4304 1592 4367 qnod

305 4372 438 4437 participio
460 4370 554 4431 deficit,
576 4385 626 4421 non
649 4373 791 4438 praesentis
807 4372 937 4438 temporis,
956 4371 1001 4420 sed
1019 4370 1098 4421 icturi
1109 4394 1144 4405 -
1161 4383 1267 4434 potuero
1284 4372 1366 4435 (corr.
1380 4370 1483 4437 potero)
1501 4374 1591 4437 poteris

307 4440 399 4505 poterit
409 4440 549 4505 poterimus
561 4440 676 4505 poteritis
689 4441 807 4505 poterint.
830 4440 983 4506 imperativo
1001 4438 1075 4489 modo
1092 4440 1124 4488 ed
1143 4441 1281 4489 secundem
1300 4452 1324 4489 et
1336 4440 1373 4502 (et
1384 4454 1431 4490 ota.
1444 4438 1484 4503 B)
1497 4442 1590 4489 tertiam

308 4522 444 4571 personent
462 4516 576 4573 temporo
593 4509 720 4573 praesenti
733 4517 806 4573 potes
819 4510 901 4573 possit
913 4509 1042 4574 possimus
1055 4508 1159 4573 possitis
1171 4508 1281 4571 possint,
1298 4508 1383 4558 laturo
1395 4517 1498 4574 potesto
1511 4518 1538 4557 tu
1550 4524 1590 4575 po·

308 4586 373 4626 testo
384 4576 428 4625 ille
438 4575 479 4624 vel
491 4577 574 4642 possit
585 4586 711 4641 potestate
719 4578 820 4642 possint
829 4576 869 4627 vel
879 4586 1011 4641 possuntt.
1023 4600 1058 4611 -
1069 4574 1122 4626 iero
1134 4574 1220 4625 itidem
1233 4577 1337 4627 verbnm
1351 4574 1516 4635 defectivum,
1527 4578 1590 4640 quod

309 4654 335 4693 et
345 4644 413 4694 idem
424 4642 518 4693 deiecit
534 4658 616 4706 ecque
631 4646 765 4709 generibus
782 4656 806 4694 et
818 4645 958 4711 participiis
976 4654 1000 4693 et
1010 4644 1215 4710 inperaonelibus
1230 4668 1256 4679 -
1271 4644 1422 4709 imperativo
1435 4645 1512 4695 modo
1530 4644 1591 4693 lene

309 4711 404 4761 feratur
420 4710 532 4761 iemmnr
553 4712 669 4762 torentini
688 4712 800 4763 ierantur
816 4714 896 4763 iertor
914 4720 940 4761 tu
957 4710 1037 4761 iertor
1053 4710 1095 4761 ille
1111 4711 1188 4775 (ierto
1204 4720 1233 4762 tn
1250 4711 1313 4764 terto
1331 4713 1375 4762 ille
1386 4710 1426 4777 B)
1443 4713 1484 4761 vel
1503 4714 1590 4762 leretur

309 4778 440 4829 leriminor
456 4778 570 4830 terantur
585 4780 626 4829 vel
643 4780 756 4831 ieruntor
767 4807 799 4817 —
812 4796 869 4829 cnm
889 4780 956 4831 letus
969 4795 1011 4829 ero
1025 4778 1096 4830 inere
1109 4782 1159 4830 eris
1172 4780 1252 4831 luetis
1264 4782 1312 4832 erit
1324 4780 1398 4831 inerit
1410 4781 1509 4831 erimm
1518 4782 1590 4829 literi-

309 4862 366 4898 mns
378 4846 448 4897 eritis
458 4846 557 4898 fueritis
570 4848 634 4897 erint
645 4847 748 4901 inerint.
760 4876 789 4885 -
802 4848 861 4899 volo
875 4850 978 4899 verbum
992 4848 1144 4899 defectivum
1156 4850 1376 4914 coniugationibus
1387 4850 1524 4914 genetibus
1536 4862 1589 4914 ptr·
