3350 5442
803 1275 1135 1431 avrrcms
1169 1277 1247 1357 ..a
1282 1268 1521 1400 aaa:

696 1479 829 1568 ARS
876 1481 965 1563 DE
1012 1481 1254 1568 VERBO

1536 1579 1556 1646 i

410 1867 570 1956 ‘Eutychi
592 1867 798 1953 grammatici
821 1866 863 1932 de
885 1866 1108 1932 discernendis
1131 1870 1416 1955 coniugationibus
1439 1869 1521 1935 libri
1541 1869 1605 1933 duo’

326 1970 405 2036 editi
428 1979 503 2034 sunt
525 1969 732 2035 a·Ioachimo
756 1969 942 2034 Camerario
964 1991 1126 2034 unacum
1139 1969 1246 2036 Mario
1261 1971 1433 2037 Victorino
1458 1983 1493 2038 et
1515 1971 1607 2037 Servii

325 2072 520 2158 quibusdam
542 2070 663 2138 libellis
685 2070 1061 2156 Tubingaea.1537*)
1084 2082 1159 2159 post
1179 2072 1265 2137 hunc
1286 2073 1464 2138 Putsehius
1488 2071 1606 2139 eosdem
1649 2136 1650 2163 ,

290 2263 292 2269 Ι
325 2174 425 2240 libros
449 2172 629 2239 exhibuit
638 2195 681 2238 ex
702 2172 814 2259 scripti
837 2171 990 2252 codicis',
1014 2183 1052 2238 ut
1066 2175 1132 2255 ait,
1155 2172 1386 2257 ‘lectionibus,
1408 2198 1494 2263 quas
1510 2176 1607 2239 huma·
1649 2174 1650 2239 l

324 2275 458 2340 nissime
491 2274 716 2362 suppeditavit
753 2272 887 2339 Clarias.
927 2275 1019 2341 Ioan.
1052 2275 1225 2359 Weuwer,
1269 2275 1394 2342 utiliter
1431 2285 1548 2343 auctos
1580 2286 1607 2339 et

324 2375 542 2442 emendatos’.
587 2376 725 2463 denique
756 2375 1003 2442 Lindemannus
1034 2399 1089 2441 eos
1121 2399 1163 2442 ex
1195 2377 1309 2444 codice
1340 2378 1501 2444 Bobicnsi
1532 2399 1607 2442 nunc
1649 2356 1650 2419 l

325 2478 573 2545 vindobonensi
590 2478 629 2542 16
650 2477 828 2544 recensitos
845 2477 979 2543 edidit
969 2501 1004 2542 ιιι
1023 2478 1128 2566 primo
1143 2478 1308 2545 volamine
1329 2482 1607 2566 grammaticomm
1649 2546 1650 2551 ,

324 2578 509 2646 latinorum.
553 2603 574 2645 a
605 2601 657 2644 me
688 2588 796 2644 autem
824 2577 868 2644 ad
894 2602 1014 2646 novam
1042 2579 1216 2646 editionem
1248 2582 1428 2669 parandam
1462 2592 1608 2678 quattuor

325 2682 465 2749 adhibiti
493 2692 569 2747 sunt
596 2680 672 2746 libri
701 2703 800 2746 manu
830 2683 960 2769 scripti,
987 2682 1161 2748 Bobrens1s
1168 2731 1177 2765 ,
1213 2682 1242 2748 is
1275 2705 1338 2771 quo
1370 2667 1605 2750 Lindemannus

324 2807 401 2850 usus
425 2793 497 2849 erat
513 2783 587 2870 (B),
609 2781 777 2848 Parisinus
801 2783 959 2858 7498)
904 2785 976 2867 (P)
1005 2783 1212 2851 Monacensis
1242 2786 1346 2850 19454
1372 2784 1449 2849 οΙίιιι
1473 2787 1606 2871 Tegem-

325 2887 449 2952 seensis
472 2885 557 2950 1454
579 2885 637 2970 (t),
671 2884 877 2950 Monacensis
900 2886 984 2951 6416
1011 2885 1089 2952 olim
1109 2886 1331 2973 Frisingensis
1353 2887 1417 2952 216
1438 2889 1496 2972 (l).
1538 2909 1605 2973 quo

324 3011 397 3054 rum
429 2986 679 3075 antiquissimus
712 2997 763 3052 est
793 2986 967 3052 Bobiensis
999 2998 1116 3054 octavo
1148 2987 1201 3054 vel
1230 2989 1386 3077 septimo,
1409 2999 1447 3054 ut
1474 2987 1606 3067 videtur,

325 3089 455 3156 saeculo
479 3087 635 3176 scriptus:
660 3089 702 3153 cf.
724 3085 789 3154 vol.
813 3087 863 3153 IV
885 3091 989 3175 praef.
1012 3113 1045 3177 p.
1067 3089 1145 3173 VIl,
1168 3089 1345 3156 Endlioher
1366 3092 1437 3160 cod.
1460 3088 1605 3178 philolog.

325 3192 431 3257 Latin.
453 3191 534 3256 bibl.
558 3187 663 3254 Palat.
686 3188 829 3256 Vindob.
854 3212 886 3277 p.
910 3190 973 3256 215
995 3213 1065 3278 sqq.
1108 3190 1268 3278 Eutychis
1296 3215 1349 3256 ars
1372 3194 1497 3279 scripta
1518 3204 1567 3257 est
1584 3191 1604 3254 f.

324 3292 459 3358 57—68
487 3293 610 3356 omissa
635 3290 864 3377 inscriptione,
894 3314 954 3379 pro
981 3316 1046 3380 qua
1073 3294 1250 3359 recentiore
1271 3316 1372 3359 manu
1393 3295 1519 3381 scripta
1539 3306 1606 3358 sunt

325 3396 422 3476 haec,
450 3401 556 3475 incipit
581 3397 657 3458 liber
685 3399 804 3473 primus
834 3400 1061 3460 contentionum
1087 3403 1153 3461 siue
1180 3402 1415 3462 declinationum
1439 3402 1604 3475 promam·-

323 3505 452 3580 caliam,
484 3501 556 3562 Cum
583 3516 700 3576 semper
726 3515 825 3560 nouas
850 3534 894 3546 —
919 3517 983 3561 esse
1008 3509 1215 3562 monstratam.
1260 3505 1317 3562 deo
1341 3505 1463 3576 pralias
1488 3504 1604 3578 explicit

321 3601 457 3676 feliciter
477 3619 531 3662 ars
552 3604 665 3680 eutycii
682 3605 885 3677 prommetici.
916 3607 1096 3685 sequuntur
1116 3621 1222 3686 pauca
1244 3599 1285 3664 de
1306 3598 1545 3686 deponentibus
1559 3597 1603 3662 vel

324 3699 549 3766 communibus
573 3699 700 3782 verbis,
729 3720 812 3786 quae
839 3700 873 3762 in
896 3698 1058 3787 plerisque
1080 3701 1249 3768 codicibus
1271 3722 1345 3764 cum
1366 3699 1518 3788 Eutyche
1538 3722 1602 3765 con·

392 3904 418 3973 *l
437 3905 575 3973 Principis
594 3905 724 3958 editionis
736 3905 781 3955 hic
800 3917 842 3956 eat
859 3906 973 3958 titulus:
992 3905 1188 3958 ‘Continentur
1205 3907 1258 3958 hoe
1275 3907 1347 3958 libro
1365 3910 1471 3973 optima
1488 3914 1517 3958 et
1533 3923 1601 3972 prac-

325 3991 480 4044 clarissima
503 3992 623 4058 scripta,
646 3989 716 4056 quod
734 3990 796 4056 ipsa
814 3991 925 4042 scilicet
943 3992 1100 4046 ostendent.
1134 3992 1214 4043 Marii
1233 3993 1371 4043 Victorini
1389 3994 1563 4044 Grammatiri
1578 3998 1601 4040 et

323 4075 460 4140 Rhetoris,
479 4078 520 4126 De
540 4075 738 4141 orthographia
755 4079 785 4126 ct
802 4077 911 4127 ratione
931 4078 1080 4127 carminum
1098 4077 1162 4127 libri
1179 4079 1243 4130 1111.
1263 4078 1353 4128 Servii
1371 4078 1506 4129 Honorati
1517 4077 1600 4128 Gram-

324 4162 420 4212 matici
436 4159 470 4211 de
490 4159 606 4226 pedibus
624 4175 751 4211 uersuum
770 4159 893 4212 libellus.
917 4162 1038 4227 Eutychi
1056 4162 1190 4213 auditoris
1207 4162 1354 4225 Prisciani,
1373 4161 1407 4212 de
1426 4161 1600 4214 discernendis

323 4245 468 4296 uerborum
498 4245 752 4312 coniugationibus.
790 4246 881 4297 Servii
906 4246 990 4297 Marii
1015 4247 1165 4309 Honorati,
1187 4247 1229 4297 De
1257 4245 1426 4312 syllabarum
1448 4247 1597 4312 quantitate.

324 4329 467 4392 Quaedam
484 4345 557 4381 nunc
575 4331 699 4397 primurn,
718 4331 856 4396 quaedam
874 4346 955 4384 secus
972 4347 1054 4397 quam
1071 4332 1147 4398 prius
1164 4332 1193 4381 iu
1210 4331 1300 4383 lucem
1319 4331 1404 4394 edita,
1423 4347 1484 4382 cum
1500 4331 1599 4382 assidua

325 4430 390 4466 cura
408 4419 438 4466 et
454 4415 545 4467 studio
563 4415 700 4482 diligenti.
736 4416 841 4480 Quodsi
863 4431 919 4466 non
940 4416 1012 4468 male
1036 4417 1156 4483 positum
1173 4417 1260 4468 fuisse
1279 4416 1510 4484 intellexerimus,
1532 4414 1597 4465 dabi-

323 4516 383 4551 mus
401 4516 514 4567 operam
536 4505 567 4550 ut
589 4503 674 4552 etiam
698 4501 815 4568 posthac
834 4500 949 4552 officina
966 4505 1062 4552 nostra
1079 4502 1159 4566 quasi
1176 4501 1339 4553 robustioris
1358 4501 1533 4559 eruditionis,
1553 4513 1597 4548 non

323 4583 454 4651 uulgares
477 4586 569 4654 foetus
592 4586 726 4652 producat
749 4592 832 4651 atque
857 4585 929 4637 edat.
964 4587 1006 4637 Ab
1030 4585 1144 4637 Vlriclro
1162 4585 1309 4637 Morhardo
1328 4587 1486 4652 Tubingae,
1503 4587 1552 4637 lln.
1568 4583 1598 4631 ll.

323 4669 358 4718 D.
377 4669 513 4720 XXXVII.
532 4669 606 4721 Prid.
626 4669 741 4724 Caleud.
762 4671 910 4737 Septemb'
933 4671 961 4721 in
984 4671 1160 4736 praelatione
1182 4671 1317 4722 Ioachimi
1337 4671 1489 4722 camerarii
1505 4669 1596 4721 Marias

324 4752 480 4804 Victorinus
498 4770 512 4804 s
532 4754 628 4805 codice
645 4755 759 4806 Ioannis
777 4757 904 4807 Sicbardi
922 4755 1012 4806 editus
1031 4771 1092 4806 esse
1110 4757 1219 4807 dicitur.
1255 4756 1289 4806 dc
1306 4757 1441 4821 Eutychis
1458 4755 1548 4807 codice
1564 4753 1596 4802 ni·

323 4834 365 4886 hil
381 4837 532 4887 indicatum
551 4844 593 4889 est
612 4841 646 4892 ab
666 4837 781 4893 editore.
