3350 5442
323 369 366 436 42
402 363 405 368 ¹
885 371 1060 434 ennoean

349 495 370 535 p.
384 483 441 524 rsti-
452 485 478 524 98
491 481 514 522 Ρ.

323 569 374 623 ton
398 561 476 640 quod
497 581 590 624 unum
613 580 712 623 casum
734 570 848 623 tantum
871 560 962 622 babet
984 567 1014 620 et
1034 561 1066 622 in
1089 558 1161 620 alios
1184 577 1269 620 casus
1291 578 1352 621 non
1368 567 1508 620 mutator.
1546 579 1608 622 nam

324 665 390 726 dico
412 665 461 726 lric
485 672 514 726 et
537 664 610 726 baec
632 673 662 726 et
683 663 739 725 boc
761 666 855 743 frugi,
885 663 972 724 huius
994 663 1085 741 lrngi,
1114 663 1182 723 lruic
1210 663 1303 740 frugi,
1332 661 1412 723 bunc
1435 669 1465 722 et
1486 661 1563 722 bane
1584 671 1609 722 et

322 766 379 828 boc
401 767 497 846 lrugi,
521 787 539 830 0
561 767 653 845 frugi,
678 765 794 828 abhoc
817 775 848 827 et
869 764 906 826 ab
929 765 984 826 bac
1001 775 1030 826 et
1051 766 1089 826 ab
1110 767 1166 828 boe
1188 765 1280 844 frugi,
1304 766 1383 826 sicut
1403 763 1501 825 nihili.
1538 766 1610 825 inter

322 876 441 950 aptoton
466 878 496 931 et
517 876 712 950 monoptoton
734 869 790 930 boc
811 871 950 929 interest:
972 863 976 950 Ι
1004 892 1023 928 a
1045 876 1239 949 monoptoton
1262 874 1306 928 est
1328 867 1379 928 ubi
1402 885 1506 928 omnes
1529 886 1610 927 casus

204 973 434 1044 3⁷6,18similes
457 979 538 1034 sunt.
571 1007 613 1016 -
641 972 853 1042 Commune,
882 978 922 1032 ut
949 969 1119 1051 pumilio:
1149 970 1196 1031 vel
1223 972 1317 1051 pusio.
1356 969 1479 1051 pumilio
1507 970 1631 1032 dicituro

320 1074 419 1136 brevis
441 1083 579 1137 staturae.
608 1075 687 1135 inter
709 1091 832 1154 parvum
858 1081 887 1134 et
908 1073 1101 1154 pumilionem
1123 1073 1181 1134 boc
1202 1075 1343 1134 interest:
1367 1091 1476 1152 parvus
1500 1075 1611 1152 estqui

276 1183 420 1258 topotest
435 1185 464 1238 et
486 1197 505 1234 a
521 1212 562 1222 —
584 1177 739 1238 Tantum
763 1183 936 1236 neutrum
959 1183 1028 1236 est:
1053 1183 1083 1237 et
1104 1175 1178 1237 haec
1194 1181 1291 1255 aptota
1307 1183 1390 1245 sunt,
1406 1193 1501 1236 unum
1517 1193 1611 1235 casum

322 1279 434 1341 babent
455 1282 487 1341 in
509 1278 652 1358 singulari
673 1296 800 1341 numero
821 1283 953 1353 tantum,
976 1279 1007 1338 in
1029 1276 1139 1358 plurali
1160 1297 1214 1358 per
1237 1297 1340 1339 omnes
1362 1296 1447 1340 casus
1463 1276 1610 1338 declinan-
1662 1292 1663 1299 ¹

323 1389 381 1444 tur.
408 1417 440 1428 -
468 1385 511 1444 Vt
543 1401 660 1443 cornu
696 1398 790 1460 genu
823 1379 923 1458 gelu:
959 1381 1028 1460 quia
1056 1379 1277 1441 indeclinabilia
1305 1383 1431 1442 suntin
1461 1378 1609 1458 singulari.

319 1503 400 1560 penu
421 1485 491 1546 lacit
513 1503 623 1564 genua,
647 1485 724 1545 sicut
745 1501 818 1544 veru
840 1500 930 1543 verua
947 1489 976 1542 et
991 1501 1082 1562 specu
1098 1502 1234 1564 specua.¹
1255 1481 1322 1562 gelu
1338 1481 1423 1561 gelua
1438 1483 1541 1542 lacere
1556 1502 1610 1543 non
1622 1504 1643 1542 ro

322 1596 431 1668 potest,
461 1589 529 1668 quia
551 1586 659 1668 plurali
680 1603 805 1646 numero
835 1593 925 1646 caret.
963 1605 1032 1647 nam
1059 1587 1171 1647 tonitru
1199 1586 1269 1646 lacit
1290 1589 1422 1646 tonitrua
1451 1587 1612 1646 tonitruum

321 1689 496 1762 tonitribus,
520 1691 597 1752 sicut
618 1705 735 1750 cornua
759 1705 905 1749 cornuum
928 1687 1078 1750 cornibus

407 1793 483 1853 Sunt
505 1795 624 1854 nomina
654 1809 729 1871 quae
756 1792 787 1851 in
810 1808 935 1851 numero
959 1789 1110 1859 deficiant,
1140 1809 1216 1870 quae
1238 1789 1383 1870 pluralem
1407 1789 1533 1860 babent,
1556 1792 1612 1851 sin·

259 1883 262 1888 ’
321 1895 453 1974 gularem
477 1913 537 1956 non
560 1894 686 1966 babent,
715 1911 791 1972 quae
815 1891 997 1972 singularem
1025 1892 1150 1963 habent,
1180 1892 1323 1973 pluralem
1347 1911 1407 1954 non
1429 1892 1551 1954 habent.
1573 1928 1613 1936 —

276 2004 308 2052 nt
321 1998 413 2058 Sunt
436 1999 546 2059 etiarn
569 2015 722 2059 numero
739 1996 960 2056 communia:
984 1996 1015 2055 in
1030 1997 1116 2056 tertia
1134 2003 1235 2076 quarta
1252 2003 1281 2056 et
1299 1998 1402 2073 quinta
1417 1994 1644 2056 declinationem

321 2101 486 2162 communis
514 2117 658 2161 numerus
679 2099 836 2160 invenitur.
859 2117 901 2142 -·-
924 2098 1174 2174 Communia}
1204 2105 1242 2159 at
1272 2116 1333 2158 res
1366 2097 1485 2159 nubes
1519 2097 1611 2158 dies:

321 2201 394 2264 baec
422 2221 471 2264 res
497 2202 554 2262 hae
580 2220 637 2262 res
683 2203 818 2279 quotiens
846 2196 1060 2282 nomillnativus
1087 2202 1203 2261 numeri
1237 2199 1395 2279 singularis
1429 2208 1459 2260 et
1492 2199 1613 2281 pluralis

276 2313 308 2360 25
321 2322 408 2385 pares
429 2310 512 2375 sunt,
540 2305 777 2365 communis·est
804 2321 955 2364 numerus.
984 2335 1026 2345 —
1053 2303 1206 2382 Semper
1228 2300 1438 2381 singularia
1463 2304 1612 2381 generis

322 2405 536 2477 masculini,
559 2415 597 2467 ut
619 2406 755 2486 pulvis:
779 2404 916 2486 pulveres
938 2403 1016 2483 apud
1038 2404 1221 2475 Horatium·

473 2508 716 2570 novendiales
739 2508 926 2588 dissipare
948 2507 1129 2587 pulveres.
1624 2521 1646 2561 ao

276 2619 363 2668 26-
394 2613 545 2693 Semper
573 2609 753 2692 pluralia,
782 2619 820 2671 ut
847 2627 971 2670 manes
998 2608 1177 2680 Quirites:
1206 2608 1275 2671 licet
1301 2610 1442 2671 lloratius
1470 2608 1615 2688 singulari

321 2733 446 2774 numero
470 2714 613 2786 Quiritem
633 2699 744 2777 ¹diuerit
768 2711 916 2792 [quamvis
938 2711 1082 2774 luvenalis
1105 2711 1273 2774 ‘donavit
1294 2712 1535 2794 Quiritem'],
1564 2711 1614 2772 sed

322 2818 493 2897 usurpative
515 2835 586 2877 usus
609 2824 666 2886 est,
691 2818 783 2877 etsie
805 2813 984 2885 declinatur,
1013 2813 1063 2874 lric
1085 2814 1183 2887 Quiris
1205 2815 1291 2876 buius
1313 2815 1443 2887 Quiritis,
1483 2822 1513 2875 et
1536 2833 1614 2875 cona-

321 2917 427 2998 pedem
451 2917 748 2996 singularis‘numcri
771 2917 858 2986 dixit,
883 2935 951 2977 cum
974 2917 1011 2977 sit
1025 2916 1155 2996 pluralis.
1175 2951 1211 2962 -
1230 2918 1382 2997 Semper
1404 2917 1614 2997 singularia

322 3022 473 3099 generis
495 3020 682 3089 feminini,
706 3025 838 3096 utpax:
864 3021 1014 3099 usurpavit
1029 3018 1193 3100 Sallustius,
1210 3021 1261 3102 qui
1276 3019 1349 3080 dixit
1365 3018 1481 3081 ‘bella
1505 3029 1649 3100 atqueaa

320 3141 431 3203 paces
457 3121 711 3182 exercebant’.
748 3121 788 3181 ita
811 3128 840 3181 et
861 3141 968 3201 scopae
991 3120 1050 3181 dici
1065 3121 1167 3191 debet,
1192 3124 1260 3199 quia
1273 3141 1323 3183 res
1338 3139 1412 3200 quae
1427 3121 1465 3182 de
1479 3121 1618 3202 pluribus

277 3229 309 3279 28
323 3231 439 3286 constat
460 3222 618 3302 singularis
642 3241 706 3284 esse
728 3241 788 3283 non
810 3232 918 3304 potest.
956 3225 1000 3284 sic
1022 3222 1119 3286 scalae
1134 3243 1258 3305 mappae
1274 3225 1444 3304 quadrigae.
1468 3259 1512 3269 —
1534 3225 1616 3286 Sin-

321 3324 465 3405 gularis
488 3327 639 3405 generis
661 3327 799 3395 neutri,
823 3334 861 3386 ut
882 3343 948 3404 pus
969 3327 1084 3388 virus:
1107 3328 1290 3406 superfluum
1314 3335 1358 3389 est
1378 3329 1410 3388 in
1431 3327 1488 3390 bac
1510 3346 1547 3389 re
1563 3348 1617 3389 no·

323 3446 437 3489 merum
460 3445 620 3507 quaerere,
644 3430 712 3508 quia
734 3426 944 3489 indeclinabile
960 3437 1021 3497 eat;
1043 3428 1120 3504 lsed
1142 3435 1242 3490 tamen
1264 3427 1389 3508 legimus
1410 3430 1488 3511 apud
1505 3429 1618 3492 lucre-

276 3533 394 3591 30tium
433 3531 541 3592 ‘tetri
572 3529 779 3610 primordia
811 3531 909 3591 riri’.
933 3565 974 3575 —
1002 3531 1280 3593 Consuetudiue
1307 3540 1485 3612 usurpata
1514 3544 1650 3603 sunto

321 3633 482 3694 utrina:
518 3633 583 3692 vina
611 3631 689 3712 apud
717 3631 845 3694 Tullium
872 3633 904 3693 in
927 3635 1074 3707 Verrinis,
1110 3635 1209 3692 ‘vina
1238 3633 1377 3694 Graeca
1412 3642 1617 3716 ceteraque

75 1164 88 1198 l

1190 3795 1195 3824 1
1648 3812 1656 3832 s

391 3833 452 3886 Ood.
474 3835 554 3885 Bern.
574 3835 620 3885 vll
640 3833 761 3889 2*-3*.
851 3838 975 3890 llrabeat
1061 3835 1118 3887 3et
1136 3838 1168 3887 ab
1185 3836 1292 3889 lrocora.
1381 3837 1443 3888 nihil
1519 3841 1619 3890 interea

321 3912 423 3971 aptoton
495 3907 553 3956 but
568 3907 687 3972 pumilios
707 3907 746 3956 uel
804 3909 894 3960 ileum
908 3909 933 3957 in
952 3911 977 3958 in
994 3907 1120 3974 singulari
1138 3905 1199 3956 iacit
1211 3923 1295 3974 genua
1312 3909 1378 3958 sicut
1396 3908 1476 3959 uerba
1493 3919 1519 3958 et
1536 3927 1619 3976 specu

392 3974 423 4024 ll
440 3989 498 4024 nam
514 3985 612 4026 tonetrn
630 3979 708 4038 (corr.
727 3981 761 4032 al.
775 3995 841 4028 oran.
865 3979 971 4040 tonitm)
991 3978 1052 4028 lacit
1065 3977 1144 4028 uerba
1164 3983 1244 4040 (cerr.
1263 3983 1298 4030 al.
1317 3995 1384 4030 man.
1401 3976 1493 4042 nerva)
1511 3989 1537 4029 et
1559 3982 1620 4030 lacit

320 4045 459 4095 tonitruum
520 4047 551 4097 12
570 4061 664 4097 cornua
681 4063 726 4098 om.
796 4047 828 4100 13
848 4048 967 4098 deficiant
984 4051 1065 4112 (corr.
1085 4049 1120 4100 αἱ.
1140 4064 1205 4103 man,
1225 4049 1296 4112 -untl
1316 4064 1381 4113 qnae
1398 4050 1509 4115 plurales
1587 4053 1619 4102 15

320 4113 404 4182 tertia]
428 4117 462 4165 lll
527 4117 559 4168 16
578 4125 605 4165 ut
621 4132 662 4167 res
681 4134 727 4169 om.
787 4118 819 4168 19
835 4129 879 4169 ant
896 4117 978 4181 (corr.
997 4120 1176 4169 recentimana
1193 4118 1269 4186 aput)
1286 4121 1392 4169 aretium
1456 4111 1492 4170 21)
1510 4121 1621 4185 puluere

320 4201 389 4238 cerr.
407 4187 441 4236 nl.
460 4201 526 4236 man.
545 4201 597 4238 -res
667 4189 699 4238 21
719 4189 814 4238 oratius
885 4187 919 4238 23
938 4189 1102 4254 usurpatione
1170 4191 1204 4240 25
1219 4189 1303 4252 adque
1361 4189 1395 4241 26
1411 4203 1505 4254 scopae
1523 4189 1621 4242 debent

390 4255 422 4306 de
440 4256 581 4321 pluralibus
652 4259 684 4308 27
700 4265 774 4323 potes
827 4259 980 4324 quadrigrse
1049 4257 1084 4309 29
1102 4270 1164 4325 aput
1233 4259 1346 4325 disput
1402 4267 1558 4325 caeteraque

390 4446 407 4494 4
427 4447 520 4496 laeana
537 4462 610 4512 quam
631 4447 742 4498 indicaui
757 4447 808 4500 atre
825 4449 937 4512 definitio
958 4449 1063 4498 nomime
1085 4450 1165 4511 aptati
1180 4449 1307 4498 excidisse
1324 4447 1423 4499 videtur
1494 4448 1528 4500 te
1551 4452 1640 4518 apud.

322 4513 464 4584 Horatium]
487 4517 559 4580 epod.
581 4519 629 4580 17,
642 4517 676 4568 48
747 4519 777 4568 21
799 4516 930 4584 Horatius]
947 4534 1025 4568 earm.
1045 4519 1067 4566 ll
1086 4519 1111 4580 7,
1130 4516 1146 4568 3
1164 4519 1221 4579 quis
1240 4527 1264 4566 te
1280 4518 1412 4568 redonavit
1430 4519 1559 4580 Quiritem

322 4585 512 4654 221uvenalis]
533 4594 583 4638 rat.
603 4584 629 4648 8,
647 4591 680 4639 47
699 4593 781 4636 temen
798 4589 850 4638 ima
861 4590 934 4653 plebe
949 4588 1071 4648 Quiritem
1090 4587 1226 4639 facundum
1242 4589 1366 4639 invenies.
1384 4589 1514 4640 Iuvenalis
1532 4607 1622 4642 exeru—

317 4656 387 4717 plum
407 4672 458 4707 aua
478 4673 530 4707 emo
553 4673 627 4708 amru
650 4657 758 4710 Horatii
780 4668 870 4720 postea
888 4660 1042 4722 adscriptum
1059 4673 1116 4709 esse
1131 4661 1230 4708 cideurr
1315 4658 1349 4710 23
1367 4658 1530 4729 compedem]
1551 4662 1621 4712 Hor.

321 4740 398 4774 earm.
421 4728 465 4776 llll
484 4728 530 4790 ll,
547 4729 579 4776 24
600 4729 721 4794 compede
741 4729 854 4778 vinctum
872 4729 945 4794 epod.
964 4733 989 4792 4,
1009 4729 1104 4779 ddura
1123 4729 1245 4795 compede
1333 4730 1366 4780 25
1385 4729 1536 4797 Sallustius]
1558 4732 1620 4797 Iup.

321 4793 364 4858 31,
387 4792 421 4844 20
489 4795 523 4847 26
544 4812 636 4862 scopos
661 4812 717 4846 essa
744 4798 837 4848 debent
856 4798 988 4850 latomiae
1057 4799 1091 4850 29
1113 4797 1351 4868 apudLucretium]
1373 4801 1394 4850 ll
1412 4799 1465 4853 476
1536 4801 1572 4857 31
1596 4805 1622 4855 in

322 4863 447 4933 Verriois]
466 4875 516 4920 aot.
536 4882 586 4922 sec.
605 4866 724 4933 136,91
