<?xml version="1.0" encoding="UTF-8"?>
<!DOCTYPE html PUBLIC "-//W3C//DTD XHTML 1.0 Transitional//EN"
    "http://www.w3.org/TR/xhtml1/DTD/xhtml1-transitional.dtd">
<html xmlns="http://www.w3.org/1999/xhtml" xml:lang="en" lang="en">
 <head>
  <title>
</title>
<meta http-equiv="Content-Type" content="text/html;charset=utf-8" />
  <meta name='ocr-system' content='tesseract 3.04.00' />
  <meta name='ocr-capabilities' content='ocr_page ocr_carea ocr_par ocr_line ocrx_word'/>
</head>
<body>
  <div class='ocr_page' id='page_1' title='image "./grammaticilatin02hagagoog_0437.png"; bbox 0 0 3350 5442; ppageno 0'>
   <div class='ocr_carea' id='block_1_1' title="bbox 311 396 1030 468">
    <p class='ocr_par' dir='ltr' id='par_1_1' title="bbox 311 396 1030 468">
     <span class='ocr_line' id='line_1_1' title="bbox 311 396 1030 468; baseline -0.004 0"><span class='ocrx_word' id='word_1_1' title='bbox 311 396 374 468; x_wconf 79' lang='grc'><strong>428</strong></span> <span class='ocrx_word' id='word_1_2' title='bbox 882 396 1030 466; x_wconf 73' lang='lat' dir='ltr'>PHOCAE</span> 
     </span>
    </p>
   </div>
   <div class='ocr_carea' id='block_1_2' title="bbox 309 504 1600 672">
    <p class='ocr_par' dir='ltr' id='par_1_2' title="bbox 309 504 1600 672">
     <span class='ocr_line' id='line_1_2' title="bbox 335 504 1579 566; baseline -0.001 -12"><span class='ocrx_word' id='word_1_3' title='bbox 335 510 491 566; x_wconf 65' lang='lat' dir='ltr'><strong>paconi.</strong></span> <span class='ocrx_word' id='word_1_4' title='bbox 1405 504 1579 565; x_wconf 74' lang='lat' dir='ltr'><strong>patoeoet.</strong></span> 
     </span>
     <span class='ocr_line' id='line_1_3' title="bbox 309 590 1600 672; baseline -0.003 -19"><span class='ocrx_word' id='word_1_5' title='bbox 309 593 434 653; x_wconf 88' lang='lat' dir='ltr'><strong>mineris</strong></span> <span class='ocrx_word' id='word_1_6' title='bbox 455 599 554 652; x_wconf 91' lang='lat' dir='ltr'><strong>autem</strong></span> <span class='ocrx_word' id='word_1_7' title='bbox 576 594 674 653; x_wconf 92' lang='lat' dir='ltr'><strong>omnia</strong></span> <span class='ocrx_word' id='word_1_8' title='bbox 696 592 816 653; x_wconf 90' lang='lat' dir='ltr'><strong>nomina</strong></span> <span class='ocrx_word' id='word_1_9' title='bbox 838 609 1030 653; x_wconf 89' lang='lat' dir='ltr'><strong>numerorum</strong></span> <span class='ocrx_word' id='word_1_10' title='bbox 1053 590 1091 653; x_wconf 91' lang='lat' dir='ltr'><strong>ab</strong></span> <span class='ocrx_word' id='word_1_11' title='bbox 1106 609 1165 652; x_wconf 93' lang='lat' dir='ltr'><strong>uno</strong></span> <span class='ocrx_word' id='word_1_12' title='bbox 1188 609 1281 672; x_wconf 92' lang='lat' dir='ltr'><strong>usque</strong></span> <span class='ocrx_word' id='word_1_13' title='bbox 1303 591 1340 652; x_wconf 91' lang='lat' dir='ltr'><strong>ad</strong></span> <span class='ocrx_word' id='word_1_14' title='bbox 1361 598 1424 651; x_wconf 88' lang='lat' dir='ltr'><strong>tres</strong></span> <span class='ocrx_word' id='word_1_15' title='bbox 1446 590 1600 659; x_wconf 89' lang='lat' dir='ltr'><strong>declinari,</strong></span> 
     </span>
    </p>
   </div>
   <div class='ocr_carea' id='block_1_3' title="bbox 308 693 1664 3931">
    <p class='ocr_par' dir='ltr' id='par_1_3' title="bbox 308 693 1630 1997">
     <span class='ocr_line' id='line_1_4' title="bbox 309 693 1601 774; baseline -0.002 -19"><span class='ocrx_word' id='word_1_16' title='bbox 309 713 326 755; x_wconf 95' lang='lat' dir='ltr'><strong>a</strong></span> <span class='ocrx_word' id='word_1_17' title='bbox 355 700 496 774; x_wconf 93' lang='lat' dir='ltr'><strong>quattuor</strong></span> <span class='ocrx_word' id='word_1_18' title='bbox 522 712 616 774; x_wconf 89' lang='lat' dir='ltr'><strong>usque</strong></span> <span class='ocrx_word' id='word_1_19' title='bbox 644 694 681 755; x_wconf 93' lang='lat' dir='ltr'><strong>ad</strong></span> <span class='ocrx_word' id='word_1_20' title='bbox 708 702 827 755; x_wconf 89' lang='lat' dir='ltr'><strong>centum</strong></span> <span class='ocrx_word' id='word_1_21' title='bbox 854 695 991 765; x_wconf 83' lang='lat' dir='ltr'><strong>minime,</strong></span> <span class='ocrx_word' id='word_1_22' title='bbox 1020 712 1037 755; x_wconf 90' lang='lat' dir='ltr'><strong>a</strong></span> <span class='ocrx_word' id='word_1_23' title='bbox 1064 693 1200 755; x_wconf 90' lang='lat' dir='ltr'><strong>ducentis</strong></span> <span class='ocrx_word' id='word_1_24' title='bbox 1226 711 1321 773; x_wconf 90' lang='lat' dir='ltr'><strong>usque</strong></span> <span class='ocrx_word' id='word_1_25' title='bbox 1344 693 1380 754; x_wconf 92' lang='lat' dir='ltr'><strong>ad</strong></span> <span class='ocrx_word' id='word_1_26' title='bbox 1402 695 1601 771; x_wconf 88' lang='lat' dir='ltr'><strong>noningentos</strong></span> 
     </span>
     <span class='ocr_line' id='line_1_5' title="bbox 309 794 1600 876; baseline -0.002 -19"><span class='ocrx_word' id='word_1_27' title='bbox 309 814 364 876; x_wconf 91' lang='lat' dir='ltr'><strong>per</strong></span> <span class='ocrx_word' id='word_1_28' title='bbox 392 795 490 856; x_wconf 91' lang='lat' dir='ltr'><strong>omnia</strong></span> <span class='ocrx_word' id='word_1_29' title='bbox 518 813 628 873; x_wconf 92' lang='lat' dir='ltr'><strong>genera</strong></span> <span class='ocrx_word' id='word_1_30' title='bbox 655 796 812 875; x_wconf 77' lang='lat' dir='ltr'>pluraliter</span> <span class='ocrx_word' id='word_1_31' title='bbox 838 802 954 857; x_wconf 85' lang='lat' dir='ltr'><strong>tantum</strong></span> <span class='ocrx_word' id='word_1_32' title='bbox 976 794 1130 857; x_wconf 90' lang='lat' dir='ltr'><strong>declinari.</strong></span> <span class='ocrx_word' id='word_1_33' title='bbox 1174 801 1219 856; x_wconf 89' lang='lat' dir='ltr'><strong>est</strong></span> <span class='ocrx_word' id='word_1_34' title='bbox 1240 796 1329 857; x_wconf 89' lang='lat' dir='ltr'><strong>etiam</strong></span> <span class='ocrx_word' id='word_1_35' title='bbox 1352 813 1444 857; x_wconf 91' lang='lat' dir='ltr'><strong>uuum</strong></span> <span class='ocrx_word' id='word_1_36' title='bbox 1467 802 1600 875; x_wconf 88' lang='lat' dir='ltr'><strong>aptotum</strong></span> 
     </span>
     <span class='ocr_line' id='line_1_6' title="bbox 309 895 1599 978; baseline -0.002 -21"><span class='ocrx_word' id='word_1_37' title='bbox 309 898 410 959; x_wconf 77' lang='lat' dir='ltr'><strong>neutri</strong></span> <span class='ocrx_word' id='word_1_38' title='bbox 436 898 556 975; x_wconf 88' lang='lat' dir='ltr'><strong>generis</strong></span> <span class='ocrx_word' id='word_1_39' title='bbox 582 916 703 978; x_wconf 81' lang='lat' dir='ltr'><strong>semper</strong></span> <span class='ocrx_word' id='word_1_40' title='bbox 730 896 864 959; x_wconf 91' lang='lat' dir='ltr'><strong>eiusdem</strong></span> <span class='ocrx_word' id='word_1_41' title='bbox 892 898 1025 968; x_wconf 86' lang='lat' dir='ltr'><strong>numeri,</strong></span> <span class='ocrx_word' id='word_1_42' title='bbox 1053 895 1127 957; x_wconf 91' lang='lat' dir='ltr'><strong>baec</strong></span> <span class='ocrx_word' id='word_1_43' title='bbox 1154 897 1262 977; x_wconf 93' lang='lat' dir='ltr'><strong>pondo.</strong></span> <span class='ocrx_word' id='word_1_44' title='bbox 1306 904 1428 977; x_wconf 88' lang='lat' dir='ltr'><strong>praeter</strong></span> <span class='ocrx_word' id='word_1_45' title='bbox 1448 897 1524 958; x_wconf 90' lang='lat' dir='ltr'><strong>haec</strong></span> <span class='ocrx_word' id='word_1_46' title='bbox 1549 896 1599 955; x_wconf 92' lang='lat' dir='ltr'><strong>alia</strong></span> 
     </span>
     <span class='ocr_line' id='line_1_7' title="bbox 308 997 1622 1080; baseline -0.003 -19"><span class='ocrx_word' id='word_1_47' title='bbox 308 1008 379 1061; x_wconf 90' lang='lat' dir='ltr'><strong>sunt</strong></span> <span class='ocrx_word' id='word_1_48' title='bbox 400 1018 476 1080; x_wconf 90' lang='lat' dir='ltr'><strong>quae</strong></span> <span class='ocrx_word' id='word_1_49' title='bbox 499 1000 531 1060; x_wconf 91' lang='lat' dir='ltr'><strong>iu</strong></span> <span class='ocrx_word' id='word_1_50' title='bbox 553 999 696 1078; x_wconf 84' lang='lat' dir='ltr'>singulari</span> <span class='ocrx_word' id='word_1_51' title='bbox 718 1017 844 1061; x_wconf 90' lang='lat' dir='ltr'><strong>numero</strong></span> <span class='ocrx_word' id='word_1_52' title='bbox 865 1017 924 1059; x_wconf 90' lang='lat' dir='ltr'><strong>nou</strong></span> <span class='ocrx_word' id='word_1_53' title='bbox 946 998 1148 1067; x_wconf 89' lang='lat' dir='ltr'><strong>declinantur,</strong></span> <span class='ocrx_word' id='word_1_54' title='bbox 1172 1000 1291 1077; x_wconf 88' lang='lat' dir='ltr'><strong>generis</strong></span> <span class='ocrx_word' id='word_1_55' title='bbox 1305 997 1425 1079; x_wconf 89' lang='lat' dir='ltr'><strong>quidem</strong></span> <span class='ocrx_word' id='word_1_56' title='bbox 1446 998 1622 1059; x_wconf 69' lang='lat' dir='ltr'><strong>masculinia</strong></span> 
     </span>
     <span class='ocr_line' id='line_1_8' title="bbox 309 1100 1601 1180; baseline -0.003 -18"><span class='ocrx_word' id='word_1_57' title='bbox 309 1100 341 1162; x_wconf 92' lang='lat' dir='ltr'><strong>bi</strong></span> <span class='ocrx_word' id='word_1_58' title='bbox 368 1108 466 1172; x_wconf 80' lang='lat' dir='ltr'><strong>autea,</strong></span> <span class='ocrx_word' id='word_1_59' title='bbox 494 1102 526 1162; x_wconf 93' lang='lat' dir='ltr'><strong>hi</strong></span> <span class='ocrx_word' id='word_1_60' title='bbox 553 1102 692 1163; x_wconf 82' lang='lat' dir='ltr'><strong>carceres</strong></span> <span class='ocrx_word' id='word_1_61' title='bbox 718 1102 785 1163; x_wconf 91' lang='lat' dir='ltr'><strong>caui</strong></span> <span class='ocrx_word' id='word_1_62' title='bbox 813 1119 913 1163; x_wconf 88' lang='lat' dir='ltr'><strong>casses</strong></span> <span class='ocrx_word' id='word_1_63' title='bbox 941 1102 1074 1163; x_wconf 88' lang='lat' dir='ltr'><strong>lurlures</strong></span> <span class='ocrx_word' id='word_1_64' title='bbox 1101 1102 1162 1161; x_wconf 88' lang='lat' dir='ltr'><strong>lori</strong></span> <span class='ocrx_word' id='word_1_65' title='bbox 1188 1101 1277 1162; x_wconf 90' lang='lat' dir='ltr'><strong>liberi</strong></span> <span class='ocrx_word' id='word_1_66' title='bbox 1309 1119 1412 1161; x_wconf 90' lang='lat' dir='ltr'><strong>manes</strong></span> <span class='ocrx_word' id='word_1_67' title='bbox 1446 1101 1601 1180; x_wconf 75' lang='lat' dir='ltr'><strong>optimates</strong></span> 
     </span>
     <span class='ocr_line' id='line_1_9' title="bbox 310 1202 1599 1283; baseline -0.002 -21"><span class='ocrx_word' id='word_1_68' title='bbox 310 1205 458 1281; x_wconf 91' lang='lat' dir='ltr'><strong>primores</strong></span> <span class='ocrx_word' id='word_1_69' title='bbox 478 1221 622 1283; x_wconf 83' lang='lat' dir='ltr'><strong>proceres</strong></span> <span class='ocrx_word' id='word_1_70' title='bbox 643 1203 805 1283; x_wconf 80' lang='lat' dir='ltr'><strong>pugillares</strong></span> <span class='ocrx_word' id='word_1_71' title='bbox 827 1202 959 1273; x_wconf 83' lang='lat' dir='ltr'><strong>Quirites</strong></span> <span class='ocrx_word' id='word_1_72' title='bbox 981 1211 1082 1264; x_wconf 90' lang='lat' dir='ltr'><strong>sentes</strong></span> <span class='ocrx_word' id='word_1_73' title='bbox 1103 1220 1223 1282; x_wconf 89' lang='lat' dir='ltr'><strong>vepres;</strong></span> <span class='ocrx_word' id='word_1_74' title='bbox 1252 1205 1380 1281; x_wconf 86' lang='lat' dir='ltr'><strong>generis¹</strong></span> <span class='ocrx_word' id='word_1_75' title='bbox 1393 1202 1532 1263; x_wconf 82' lang='lat' dir='ltr'><strong>seminini</strong></span> <span class='ocrx_word' id='word_1_76' title='bbox 1555 1218 1599 1260; x_wconf 91' lang='lat' dir='ltr'><strong>ar·</strong></span> 
     </span>
     <span class='ocr_line' id='line_1_10' title="bbox 310 1304 1599 1385; baseline -0.002 -20"><span class='ocrx_word' id='word_1_77' title='bbox 310 1306 409 1382; x_wconf 89' lang='lat' dir='ltr'><strong>gutiae</strong></span> <span class='ocrx_word' id='word_1_78' title='bbox 433 1304 591 1367; x_wconf 79' lang='lat' dir='ltr'><strong>blanditiae</strong></span> <span class='ocrx_word' id='word_1_79' title='bbox 614 1324 707 1366; x_wconf 91' lang='lat' dir='ltr'><strong>cunae</strong></span> <span class='ocrx_word' id='word_1_80' title='bbox 731 1306 874 1385; x_wconf 83' lang='lat' dir='ltr'><strong>exequiae</strong></span> <span class='ocrx_word' id='word_1_81' title='bbox 897 1306 1022 1367; x_wconf 86' lang='lat' dir='ltr'><strong>inferiae</strong></span> <span class='ocrx_word' id='word_1_82' title='bbox 1050 1305 1174 1367; x_wconf 86' lang='lat' dir='ltr'><strong>insidiae</strong></span> <span class='ocrx_word' id='word_1_83' title='bbox 1196 1305 1369 1365; x_wconf 82' lang='lat' dir='ltr'><strong>inimicitiae</strong></span> <span class='ocrx_word' id='word_1_84' title='bbox 1393 1305 1519 1365; x_wconf 85' lang='lat' dir='ltr'><strong>exuviae</strong></span> <span class='ocrx_word' id='word_1_85' title='bbox 1541 1322 1599 1364; x_wconf 92' lang='lat' dir='ltr'><strong>ma-</strong></span> 
     </span>
     <span class='ocr_line' id='line_1_11' title="bbox 310 1405 1598 1487; baseline -0.004 -20"><span class='ocrx_word' id='word_1_86' title='bbox 310 1407 420 1468; x_wconf 91' lang='lat' dir='ltr'><strong>nubiae</strong></span> <span class='ocrx_word' id='word_1_87' title='bbox 436 1406 578 1469; x_wconf 79' lang='lat' dir='ltr'><strong>excubiae</strong></span> <span class='ocrx_word' id='word_1_88' title='bbox 593 1408 744 1487; x_wconf 89' lang='lat' dir='ltr'><strong>primitiae</strong></span> <span class='ocrx_word' id='word_1_89' title='bbox 760 1407 846 1486; x_wconf 91' lang='lat' dir='ltr'><strong>bigae</strong></span> <span class='ocrx_word' id='word_1_90' title='bbox 863 1409 957 1485; x_wconf 84' lang='lat' dir='ltr'><strong>trigae</strong></span> <span class='ocrx_word' id='word_1_91' title='bbox 973 1408 1136 1487; x_wconf 81' lang='lat' dir='ltr'><strong>quadrigae</strong></span> <span class='ocrx_word' id='word_1_92' title='bbox 1159 1406 1318 1486; x_wconf 88' lang='lat' dir='ltr'><strong>compedes</strong></span> <span class='ocrx_word' id='word_1_93' title='bbox 1340 1406 1466 1467; x_wconf 88' lang='lat' dir='ltr'><strong>deliciae</strong></span> <span class='ocrx_word' id='word_1_94' title='bbox 1482 1405 1598 1466; x_wconf 81' lang='lat' dir='ltr'><strong>divitiae</strong></span> 
     </span>
     <span class='ocr_line' id='line_1_12' title="bbox 310 1506 1630 1587; baseline -0.002 -19"><span class='ocrx_word' id='word_1_95' title='bbox 310 1508 402 1587; x_wconf 90' lang='lat' dir='ltr'><strong>dapes</strong></span> <span class='ocrx_word' id='word_1_96' title='bbox 422 1508 514 1569; x_wconf 87' lang='lat' dir='ltr'><strong>leriae</strong></span> <span class='ocrx_word' id='word_1_97' title='bbox 536 1508 646 1573; x_wconf 87' lang='lat' dir='ltr'><strong>lalerae</strong></span> <span class='ocrx_word' id='word_1_98' title='bbox 667 1526 762 1587; x_wconf 90' lang='lat' dir='ltr'><strong>genae</strong></span> <span class='ocrx_word' id='word_1_99' title='bbox 784 1509 910 1570; x_wconf 81' lang='lat' dir='ltr'><strong>facetiae</strong></span> <span class='ocrx_word' id='word_1_100' title='bbox 932 1509 1064 1573; x_wconf 87' lang='lat' dir='ltr'><strong>indutiae</strong></span> <span class='ocrx_word' id='word_1_101' title='bbox 1093 1509 1237 1571; x_wconf 85' lang='lat' dir='ltr'><strong>kalendae</strong></span> <span class='ocrx_word' id='word_1_102' title='bbox 1260 1509 1328 1570; x_wconf 91' lang='lat' dir='ltr'><strong>idus</strong></span> <span class='ocrx_word' id='word_1_103' title='bbox 1349 1527 1445 1569; x_wconf 90' lang='lat' dir='ltr'><strong>nonae</strong></span> <span class='ocrx_word' id='word_1_104' title='bbox 1468 1506 1597 1568; x_wconf 88' lang='lat' dir='ltr'><strong>latebrae</strong></span> <span class='ocrx_word' id='word_1_105' title='bbox 1611 1520 1630 1557; x_wconf 74' lang='grc' dir='ltr'><strong>ιο</strong></span> 
     </span>
     <span class='ocr_line' id='line_1_13' title="bbox 309 1608 1598 1691; baseline -0.003 -20"><span class='ocrx_word' id='word_1_106' title='bbox 309 1612 432 1689; x_wconf 88' lang='lat' dir='ltr'><strong>nuptiae</strong></span> <span class='ocrx_word' id='word_1_107' title='bbox 453 1608 604 1671; x_wconf 91' lang='lat' dir='ltr'><strong>nundinae</strong></span> <span class='ocrx_word' id='word_1_108' title='bbox 625 1612 734 1671; x_wconf 91' lang='lat' dir='ltr'><strong>ueniae</strong></span> <span class='ocrx_word' id='word_1_109' title='bbox 757 1612 935 1691; x_wconf 86' lang='lat' dir='ltr'><strong>quisquiliae</strong></span> <span class='ocrx_word' id='word_1_110' title='bbox 958 1610 1102 1691; x_wconf 87' lang='lat' dir='ltr'><strong>reliquiae</strong></span> <span class='ocrx_word' id='word_1_111' title='bbox 1126 1610 1221 1673; x_wconf 89' lang='lat' dir='ltr'><strong>scalae</strong></span> <span class='ocrx_word' id='word_1_112' title='bbox 1250 1610 1392 1672; x_wconf 90' lang='lat' dir='ltr'><strong>tenebrae</strong></span> <span class='ocrx_word' id='word_1_113' title='bbox 1415 1610 1531 1679; x_wconf 90' lang='lat' dir='ltr'><strong>antiae;</strong></span> <span class='ocrx_word' id='word_1_114' title='bbox 1552 1626 1598 1685; x_wconf 91' lang='lat' dir='ltr'><strong>ge·</strong></span> 
     </span>
     <span class='ocr_line' id='line_1_14' title="bbox 310 1710 1598 1793; baseline -0.004 -20"><span class='ocrx_word' id='word_1_115' title='bbox 310 1712 392 1773; x_wconf 93' lang='lat' dir='ltr'><strong>neris</strong></span> <span class='ocrx_word' id='word_1_116' title='bbox 414 1713 515 1771; x_wconf 89' lang='lat' dir='ltr'><strong>neutri</strong></span> <span class='ocrx_word' id='word_1_117' title='bbox 538 1729 620 1771; x_wconf 89' lang='lat' dir='ltr'><strong>arma</strong></span> <span class='ocrx_word' id='word_1_118' title='bbox 642 1715 762 1773; x_wconf 89' lang='lat' dir='ltr'><strong>moenia</strong></span> <span class='ocrx_word' id='word_1_119' title='bbox 783 1720 880 1775; x_wconf 91' lang='lat' dir='ltr'><strong>castra</strong></span> <span class='ocrx_word' id='word_1_120' title='bbox 894 1713 955 1775; x_wconf 91' lang='lat' dir='ltr'><strong>liba</strong></span> <span class='ocrx_word' id='word_1_121' title='bbox 981 1713 1104 1791; x_wconf 90' lang='lat' dir='ltr'><strong>magalia</strong></span> <span class='ocrx_word' id='word_1_122' title='bbox 1134 1713 1296 1793; x_wconf 87' lang='lat' dir='ltr'><strong>crepundia</strong></span> <span class='ocrx_word' id='word_1_123' title='bbox 1319 1712 1395 1774; x_wconf 90' lang='lat' dir='ltr'><strong>bona</strong></span> <span class='ocrx_word' id='word_1_124' title='bbox 1418 1718 1487 1773; x_wconf 90' lang='lat' dir='ltr'><strong>exta</strong></span> <span class='ocrx_word' id='word_1_125' title='bbox 1511 1710 1598 1790; x_wconf 89' lang='lat' dir='ltr'><strong>spolia</strong></span> 
     </span>
     <span class='ocr_line' id='line_1_15' title="bbox 310 1811 1597 1895; baseline -0.002 -21"><span class='ocrx_word' id='word_1_126' title='bbox 310 1822 390 1874; x_wconf 88' lang='lat' dir='ltr'><strong>serta</strong></span> <span class='ocrx_word' id='word_1_127' title='bbox 421 1815 577 1893; x_wconf 88' lang='lat' dir='ltr'><strong>praesepia</strong></span> <span class='ocrx_word' id='word_1_128' title='bbox 610 1832 720 1894; x_wconf 89' lang='lat' dir='ltr'><strong>pascua</strong></span> <span class='ocrx_word' id='word_1_129' title='bbox 748 1816 896 1895; x_wconf 91' lang='lat' dir='ltr'><strong>sponsalia</strong></span> <span class='ocrx_word' id='word_1_130' title='bbox 924 1814 1029 1877; x_wconf 91' lang='lat' dir='ltr'><strong>altaria</strong></span> <span class='ocrx_word' id='word_1_131' title='bbox 1056 1816 1232 1895; x_wconf 88' lang='lat' dir='ltr'><strong>praecordia</strong></span> <span class='ocrx_word' id='word_1_132' title='bbox 1265 1814 1411 1894; x_wconf 89' lang='lat' dir='ltr'><strong>mappalia</strong></span> <span class='ocrx_word' id='word_1_133' title='bbox 1445 1811 1597 1881; x_wconf 86' lang='lat' dir='ltr'><strong>cunabula,</strong></span> 
     </span>
     <span class='ocr_line' id='line_1_16' title="bbox 308 1915 1521 1997; baseline -0.002 -20"><span class='ocrx_word' id='word_1_134' title='bbox 308 1918 381 1977; x_wconf 91' lang='lat' dir='ltr'><strong>item</strong></span> <span class='ocrx_word' id='word_1_135' title='bbox 404 1916 549 1976; x_wconf 81' lang='lat' dir='ltr'><strong>festorum</strong></span> <span class='ocrx_word' id='word_1_136' title='bbox 571 1916 689 1977; x_wconf 91' lang='lat' dir='ltr'><strong>dierum</strong></span> <span class='ocrx_word' id='word_1_137' title='bbox 711 1918 847 1987; x_wconf 91' lang='lat' dir='ltr'><strong>uomina,</strong></span> <span class='ocrx_word' id='word_1_138' title='bbox 871 1924 903 1977; x_wconf 93' lang='lat' dir='ltr'><strong>ut</strong></span> <span class='ocrx_word' id='word_1_139' title='bbox 925 1916 1093 1978; x_wconf 90' lang='lat' dir='ltr'><strong>Saturnalia</strong></span> <span class='ocrx_word' id='word_1_140' title='bbox 1115 1916 1292 1997; x_wconf 89' lang='lat' dir='ltr'><strong>Neptunalia</strong></span> <span class='ocrx_word' id='word_1_141' title='bbox 1315 1915 1521 1977; x_wconf 81' lang='lat' dir='ltr'><strong>Bacchanalia.</strong></span> 
     </span>
    </p>

    <p class='ocr_par' dir='ltr' id='par_1_4' title="bbox 309 2017 1664 3727">
     <span class='ocr_line' id='line_1_17' title="bbox 396 2017 1630 2099; baseline -0.005 -18"><span class='ocrx_word' id='word_1_142' title='bbox 396 2019 494 2081; x_wconf 88' lang='lat' dir='ltr'><strong>Certis</strong></span> <span class='ocrx_word' id='word_1_143' title='bbox 514 2017 634 2079; x_wconf 90' lang='lat' dir='ltr'><strong>casibus</strong></span> <span class='ocrx_word' id='word_1_144' title='bbox 655 2018 797 2080; x_wconf 84' lang='lat' dir='ltr'><strong>deficiunt</strong></span> <span class='ocrx_word' id='word_1_145' title='bbox 818 2019 908 2090; x_wconf 90' lang='lat' dir='ltr'><strong>haee,</strong></span> <span class='ocrx_word' id='word_1_146' title='bbox 932 2020 1037 2089; x_wconf 89' lang='lat' dir='ltr'><strong>satias,</strong></span> <span class='ocrx_word' id='word_1_147' title='bbox 1061 2018 1140 2099; x_wconf 93' lang='lat' dir='ltr'><strong>quod</strong></span> <span class='ocrx_word' id='word_1_148' title='bbox 1161 2026 1281 2097; x_wconf 90' lang='lat' dir='ltr'><strong>praeter</strong></span> <span class='ocrx_word' id='word_1_149' title='bbox 1302 2019 1518 2079; x_wconf 86' lang='lat' dir='ltr'><strong>nominativum</strong></span> <span class='ocrx_word' id='word_1_150' title='bbox 1540 2018 1630 2076; x_wconf 75' lang='lat' dir='ltr'><strong>siu-1⁵</strong></span> 
     </span>
     <span class='ocr_line' id='line_1_18' title="bbox 310 2118 1597 2198; baseline -0.003 -17"><span class='ocrx_word' id='word_1_151' title='bbox 310 2120 445 2198; x_wconf 77' lang='lat' dir='ltr'><strong>gadaram</strong></span> <span class='ocrx_word' id='word_1_152' title='bbox 467 2118 580 2181; x_wconf 89' lang='lat' dir='ltr'><strong>nullum</strong></span> <span class='ocrx_word' id='word_1_153' title='bbox 602 2138 704 2180; x_wconf 89' lang='lat' dir='ltr'><strong>casum</strong></span> <span class='ocrx_word' id='word_1_154' title='bbox 725 2121 872 2181; x_wconf 89' lang='lat' dir='ltr'><strong>admittit:</strong></span> <span class='ocrx_word' id='word_1_155' title='bbox 895 2120 971 2181; x_wconf 91' lang='lat' dir='ltr'><strong>hauc</strong></span> <span class='ocrx_word' id='word_1_156' title='bbox 993 2120 1141 2181; x_wconf 89' lang='lat' dir='ltr'><strong>dicionem</strong></span> <span class='ocrx_word' id='word_1_157' title='bbox 1165 2119 1202 2182; x_wconf 92' lang='lat' dir='ltr'><strong>ab</strong></span> <span class='ocrx_word' id='word_1_158' title='bbox 1224 2120 1280 2181; x_wconf 90' lang='lat' dir='ltr'><strong>bac</strong></span> <span class='ocrx_word' id='word_1_159' title='bbox 1302 2120 1428 2190; x_wconf 91' lang='lat' dir='ltr'><strong>dicione,</strong></span> <span class='ocrx_word' id='word_1_160' title='bbox 1451 2120 1508 2179; x_wconf 93' lang='lat' dir='ltr'><strong>hoc</strong></span> <span class='ocrx_word' id='word_1_161' title='bbox 1529 2136 1597 2198; x_wconf 77' lang='lat' dir='ltr'><strong>que</strong></span> 
     </span>
     <span class='ocr_line' id='line_1_19' title="bbox 311 2218 1596 2303; baseline -0.002 -21"><span class='ocrx_word' id='word_1_162' title='bbox 311 2240 368 2302; x_wconf 89' lang='lat' dir='ltr'><strong>que</strong></span> <span class='ocrx_word' id='word_1_163' title='bbox 391 2224 423 2282; x_wconf 92' lang='lat' dir='ltr'><strong>in</strong></span> <span class='ocrx_word' id='word_1_164' title='bbox 446 2223 527 2282; x_wconf 92' lang='lat' dir='ltr'><strong>omui</strong></span> <span class='ocrx_word' id='word_1_165' title='bbox 550 2239 619 2281; x_wconf 89' lang='lat' dir='ltr'><strong>casu</strong></span> <span class='ocrx_word' id='word_1_166' title='bbox 642 2224 798 2303; x_wconf 90' lang='lat' dir='ltr'><strong>utriusque</strong></span> <span class='ocrx_word' id='word_1_167' title='bbox 820 2222 939 2283; x_wconf 91' lang='lat' dir='ltr'><strong>numeri</strong></span> <span class='ocrx_word' id='word_1_168' title='bbox 962 2222 1062 2283; x_wconf 86' lang='lat' dir='ltr'><strong>delicit</strong></span> <span class='ocrx_word' id='word_1_169' title='bbox 1083 2230 1203 2301; x_wconf 91' lang='lat' dir='ltr'><strong>praeter</strong></span> <span class='ocrx_word' id='word_1_170' title='bbox 1225 2224 1423 2284; x_wconf 88' lang='lat' dir='ltr'><strong>accusativum</strong></span> <span class='ocrx_word' id='word_1_171' title='bbox 1447 2228 1477 2281; x_wconf 90' lang='lat' dir='ltr'><strong>et</strong></span> <span class='ocrx_word' id='word_1_172' title='bbox 1498 2218 1596 2281; x_wconf 91' lang='lat' dir='ltr'><strong>ablati·</strong></span> 
     </span>
     <span class='ocr_line' id='line_1_20' title="bbox 310 2322 1596 2402; baseline -0.005 -18"><span class='ocrx_word' id='word_1_173' title='bbox 310 2342 379 2384; x_wconf 88' lang='lat' dir='ltr'><strong>vum</strong></span> <span class='ocrx_word' id='word_1_174' title='bbox 408 2322 604 2402; x_wconf 89' lang='lat' dir='ltr'><strong>singularem:</strong></span> <span class='ocrx_word' id='word_1_175' title='bbox 633 2322 771 2394; x_wconf 90' lang='lat' dir='ltr'><strong>laterem,</strong></span> <span class='ocrx_word' id='word_1_176' title='bbox 795 2323 933 2385; x_wconf 91' lang='lat' dir='ltr'><strong>similiter</strong></span> <span class='ocrx_word' id='word_1_177' title='bbox 955 2324 1153 2386; x_wconf 87' lang='lat' dir='ltr'><strong>accusativum</strong></span> <span class='ocrx_word' id='word_1_178' title='bbox 1177 2330 1292 2385; x_wconf 88' lang='lat' dir='ltr'><strong>tantum</strong></span> <span class='ocrx_word' id='word_1_179' title='bbox 1318 2324 1406 2384; x_wconf 89' lang='lat' dir='ltr'><strong>lectio</strong></span> <span class='ocrx_word' id='word_1_180' title='bbox 1434 2322 1596 2402; x_wconf 89' lang='lat' dir='ltr'><strong>usurpavit:</strong></span> 
     </span>
     <span class='ocr_line' id='line_1_21' title="bbox 310 2419 1595 2505; baseline -0.002 -20"><span class='ocrx_word' id='word_1_181' title='bbox 310 2433 415 2505; x_wconf 90' lang='lat' dir='ltr'><strong>sponte</strong></span> <span class='ocrx_word' id='word_1_182' title='bbox 443 2432 474 2485; x_wconf 89' lang='lat' dir='ltr'><strong>et</strong></span> <span class='ocrx_word' id='word_1_183' title='bbox 500 2424 570 2486; x_wconf 90' lang='lat' dir='ltr'><strong>tabo</strong></span> <span class='ocrx_word' id='word_1_184' title='bbox 603 2425 763 2486; x_wconf 88' lang='lat' dir='ltr'><strong>ablativum</strong></span> <span class='ocrx_word' id='word_1_185' title='bbox 790 2425 972 2503; x_wconf 90' lang='lat' dir='ltr'><strong>singularem</strong></span> <span class='ocrx_word' id='word_1_186' title='bbox 999 2424 1111 2486; x_wconf 89' lang='lat' dir='ltr'><strong>habent</strong></span> <span class='ocrx_word' id='word_1_187' title='bbox 1137 2433 1269 2487; x_wconf 89' lang='lat' dir='ltr'><strong>tantum:</strong></span> <span class='ocrx_word' id='word_1_188' title='bbox 1297 2425 1393 2487; x_wconf 89' lang='lat' dir='ltr'><strong>dicam</strong></span> <span class='ocrx_word' id='word_1_189' title='bbox 1421 2432 1453 2484; x_wconf 90' lang='lat' dir='ltr'><strong>et</strong></span> <span class='ocrx_word' id='word_1_190' title='bbox 1473 2419 1595 2495; x_wconf 82' lang='lat' dir='ltr'><strong>dieas,l</strong></span> 
     </span>
     <span class='ocr_line' id='line_1_22' title="bbox 309 2527 1630 2608; baseline -0.003 -21"><span class='ocrx_word' id='word_1_191' title='bbox 309 2530 466 2608; x_wconf 86' lang='lat' dir='ltr'><strong>utriusque</strong></span> <span class='ocrx_word' id='word_1_192' title='bbox 493 2530 611 2588; x_wconf 91' lang='lat' dir='ltr'><strong>numeri</strong></span> <span class='ocrx_word' id='word_1_193' title='bbox 639 2528 838 2587; x_wconf 90' lang='lat' dir='ltr'><strong>accusativum</strong></span> <span class='ocrx_word' id='word_1_194' title='bbox 865 2529 1032 2589; x_wconf 89' lang='lat' dir='ltr'><strong>invenimus</strong></span> <span class='ocrx_word' id='word_1_195' title='bbox 1058 2535 1187 2589; x_wconf 87' lang='lat' dir='ltr'><strong>tanturn:</strong></span> <span class='ocrx_word' id='word_1_196' title='bbox 1222 2527 1305 2589; x_wconf 90' lang='lat' dir='ltr'><strong>tabes</strong></span> <span class='ocrx_word' id='word_1_197' title='bbox 1331 2528 1540 2588; x_wconf 88' lang='lat' dir='ltr'><strong>nominativum</strong></span> <span class='ocrx_word' id='word_1_198' title='bbox 1568 2532 1630 2583; x_wconf 79' lang='lat' dir='ltr'><strong>cta</strong></span> 
     </span>
     <span class='ocr_line' id='line_1_23' title="bbox 312 2626 1664 2709; baseline 0.002 -20"><span class='ocrx_word' id='word_1_199' title='bbox 312 2630 512 2690; x_wconf 88' lang='lat' dir='ltr'><strong>accusativum</strong></span> <span class='ocrx_word' id='word_1_200' title='bbox 540 2637 570 2690; x_wconf 93' lang='lat' dir='ltr'><strong>et</strong></span> <span class='ocrx_word' id='word_1_201' title='bbox 597 2628 758 2691; x_wconf 88' lang='lat' dir='ltr'><strong>ablativum</strong></span> <span class='ocrx_word' id='word_1_202' title='bbox 785 2631 904 2690; x_wconf 91' lang='lat' dir='ltr'><strong>numeri</strong></span> <span class='ocrx_word' id='word_1_203' title='bbox 934 2629 1094 2709; x_wconf 86' lang='lat' dir='ltr'><strong>singularia</strong></span> <span class='ocrx_word' id='word_1_204' title='bbox 1120 2628 1211 2691; x_wconf 88' lang='lat' dir='ltr'><strong>habet</strong></span> <span class='ocrx_word' id='word_1_205' title='bbox 1238 2629 1399 2691; x_wconf 82' lang='lat' dir='ltr'><strong>dumtaxat.</strong></span> <span class='ocrx_word' id='word_1_206' title='bbox 1445 2635 1512 2689; x_wconf 92' lang='lat' dir='ltr'><strong>sunt</strong></span> <span class='ocrx_word' id='word_1_207' title='bbox 1541 2626 1596 2687; x_wconf 89' lang='lat' dir='ltr'><strong>alia</strong></span> <span class='ocrx_word' id='word_1_208' title='bbox 1663 2648 1664 2692; x_wconf 85' lang='lat' dir='ltr'><strong>l</strong></span> 
     </span>
     <span class='ocr_line' id='line_1_24' title="bbox 310 2710 1595 2813; baseline -0.003 -20"><span class='ocrx_word' id='word_1_209' title='bbox 310 2752 387 2813; x_wconf 89' lang='lat' dir='ltr'><strong>quae</strong></span> <span class='ocrx_word' id='word_1_210' title='bbox 420 2710 599 2809; x_wconf 53' lang='lat' dir='ltr'><strong>a‘geuitivo</strong></span> <span class='ocrx_word' id='word_1_211' title='bbox 633 2749 703 2792; x_wconf 88' lang='lat' dir='ltr'><strong>casu</strong></span> <span class='ocrx_word' id='word_1_212' title='bbox 731 2730 875 2808; x_wconf 88' lang='lat' dir='ltr'><strong>singulari</strong></span> <span class='ocrx_word' id='word_1_213' title='bbox 904 2728 917 2813; x_wconf 75' lang='lat' dir='ltr'><strong>ll</strong></span> <span class='ocrx_word' id='word_1_214' title='bbox 945 2731 1156 2793; x_wconf 91' lang='lat' dir='ltr'><strong>declinationis</strong></span> <span class='ocrx_word' id='word_1_215' title='bbox 1184 2738 1304 2792; x_wconf 90' lang='lat' dir='ltr'><strong>sumunt</strong></span> <span class='ocrx_word' id='word_1_216' title='bbox 1332 2730 1487 2792; x_wconf 86' lang='lat' dir='ltr'><strong>exordium</strong></span> <span class='ocrx_word' id='word_1_217' title='bbox 1512 2737 1540 2790; x_wconf 87' lang='lat' dir='ltr'><strong>et</strong></span> <span class='ocrx_word' id='word_1_218' title='bbox 1566 2731 1595 2789; x_wconf 95' lang='lat' dir='ltr'><strong>in</strong></span> 
     </span>
     <span class='ocr_line' id='line_1_25' title="bbox 311 2831 1597 2915; baseline -0.004 -20"><span class='ocrx_word' id='word_1_219' title='bbox 311 2841 438 2915; x_wconf 91' lang='lat' dir='ltr'><strong>utroque</strong></span> <span class='ocrx_word' id='word_1_220' title='bbox 461 2852 585 2895; x_wconf 91' lang='lat' dir='ltr'><strong>numero</strong></span> <span class='ocrx_word' id='word_1_221' title='bbox 607 2842 689 2893; x_wconf 86' lang='lat' dir='ltr'><strong>recte</strong></span> <span class='ocrx_word' id='word_1_222' title='bbox 706 2832 909 2903; x_wconf 89' lang='lat' dir='ltr'><strong>declinantur,</strong></span> <span class='ocrx_word' id='word_1_223' title='bbox 933 2840 966 2894; x_wconf 91' lang='lat' dir='ltr'><strong>ut</strong></span> <span class='ocrx_word' id='word_1_224' title='bbox 979 2834 1103 2911; x_wconf 91' lang='lat' dir='ltr'><strong>remigis</strong></span> <span class='ocrx_word' id='word_1_225' title='bbox 1117 2832 1233 2894; x_wconf 81' lang='lat' dir='ltr'><strong>frondis</strong></span> <span class='ocrx_word' id='word_1_226' title='bbox 1247 2831 1398 2902; x_wconf 89' lang='lat' dir='ltr'><strong>verberis,</strong></span> <span class='ocrx_word' id='word_1_227' title='bbox 1422 2840 1455 2893; x_wconf 92' lang='lat' dir='ltr'><strong>ut</strong></span> <span class='ocrx_word' id='word_1_228' title='bbox 1467 2832 1597 2893; x_wconf 87' lang='lat' dir='ltr'><strong>Lucanus</strong></span> 
     </span>
     <span class='ocr_line' id='line_1_26' title="bbox 329 2934 1325 3014; baseline -0.002 -17"><span class='ocrx_word' id='word_1_229' title='bbox 329 2999 332 3005; x_wconf 77' lang='grc'><strong>,</strong></span> <span class='ocrx_word' id='word_1_230' title='bbox 463 2936 505 2997; x_wconf 93' lang='lat' dir='ltr'><strong>ad</strong></span> <span class='ocrx_word' id='word_1_231' title='bbox 528 2953 650 2996; x_wconf 85' lang='lat' dir='ltr'><strong>saxum</strong></span> <span class='ocrx_word' id='word_1_232' title='bbox 672 2936 850 3014; x_wconf 91' lang='lat' dir='ltr'><strong>quotiens</strong></span> <span class='ocrx_word' id='word_1_233' title='bbox 871 2936 1017 3013; x_wconf 88' lang='lat' dir='ltr'><strong>ingenti</strong></span> <span class='ocrx_word' id='word_1_234' title='bbox 1040 2934 1215 2995; x_wconf 91' lang='lat' dir='ltr'><strong>verberis</strong></span> <span class='ocrx_word' id='word_1_235' title='bbox 1237 2937 1325 2997; x_wconf 90' lang='lat' dir='ltr'><strong>ictu.</strong></span> 
     </span>
     <span class='ocr_line' id='line_1_27' title="bbox 312 3034 1663 3115; baseline -0.007 -16"><span class='ocrx_word' id='word_1_236' title='bbox 312 3038 371 3101; x_wconf 91' lang='lat' dir='ltr'><strong>alia</strong></span> <span class='ocrx_word' id='word_1_237' title='bbox 393 3039 467 3100; x_wconf 93' lang='lat' dir='ltr'><strong>duos</strong></span> <span class='ocrx_word' id='word_1_238' title='bbox 489 3044 540 3098; x_wconf 94' lang='lat' dir='ltr'><strong>aut</strong></span> <span class='ocrx_word' id='word_1_239' title='bbox 562 3043 624 3096; x_wconf 92' lang='lat' dir='ltr'><strong>tres</strong></span> <span class='ocrx_word' id='word_1_240' title='bbox 646 3043 759 3098; x_wconf 90' lang='lat' dir='ltr'><strong>tautum</strong></span> <span class='ocrx_word' id='word_1_241' title='bbox 781 3056 868 3099; x_wconf 90' lang='lat' dir='ltr'><strong>casus</strong></span> <span class='ocrx_word' id='word_1_242' title='bbox 890 3035 1002 3097; x_wconf 92' lang='lat' dir='ltr'><strong>babent</strong></span> <span class='ocrx_word' id='word_1_243' title='bbox 1023 3039 1054 3097; x_wconf 94' lang='lat' dir='ltr'><strong>in</strong></span> <span class='ocrx_word' id='word_1_244' title='bbox 1077 3036 1221 3115; x_wconf 79' lang='lat' dir='ltr'><strong>singadari</strong></span> <span class='ocrx_word' id='word_1_245' title='bbox 1243 3053 1383 3107; x_wconf 89' lang='lat' dir='ltr'><strong>numero,</strong></span> <span class='ocrx_word' id='word_1_246' title='bbox 1407 3037 1460 3097; x_wconf 87' lang='lat' dir='ltr'><strong>sed</strong></span> <span class='ocrx_word' id='word_1_247' title='bbox 1481 3038 1512 3097; x_wconf 90' lang='lat' dir='ltr'><strong>ln</strong></span> <span class='ocrx_word' id='word_1_248' title='bbox 1533 3034 1629 3114; x_wconf 83' lang='lat' dir='ltr'><strong>plu-aa</strong></span> <span class='ocrx_word' id='word_1_249' title='bbox 1662 3038 1663 3091; x_wconf 63' lang='grc' dir='ltr'>ς</span> 
     </span>
     <span class='ocr_line' id='line_1_28' title="bbox 312 3137 1593 3219; baseline -0.004 -19"><span class='ocrx_word' id='word_1_250' title='bbox 312 3139 369 3200; x_wconf 91' lang='lat' dir='ltr'><strong>rali</strong></span> <span class='ocrx_word' id='word_1_251' title='bbox 390 3158 447 3219; x_wconf 92' lang='lat' dir='ltr'><strong>per</strong></span> <span class='ocrx_word' id='word_1_252' title='bbox 472 3156 576 3198; x_wconf 90' lang='lat' dir='ltr'><strong>omnes</strong></span> <span class='ocrx_word' id='word_1_253' title='bbox 599 3137 800 3208; x_wconf 90' lang='lat' dir='ltr'><strong>declinantur,</strong></span> <span class='ocrx_word' id='word_1_254' title='bbox 828 3144 864 3199; x_wconf 89' lang='lat' dir='ltr'><strong>nt</strong></span> <span class='ocrx_word' id='word_1_255' title='bbox 885 3139 976 3199; x_wconf 89' lang='lat' dir='ltr'><strong>huius</strong></span> <span class='ocrx_word' id='word_1_256' title='bbox 998 3142 1064 3219; x_wconf 87' lang='lat' dir='ltr'><strong>opis</strong></span> <span class='ocrx_word' id='word_1_257' title='bbox 1085 3139 1161 3200; x_wconf 90' lang='lat' dir='ltr'><strong>hauc</strong></span> <span class='ocrx_word' id='word_1_258' title='bbox 1183 3157 1270 3219; x_wconf 92' lang='lat' dir='ltr'><strong>opem</strong></span> <span class='ocrx_word' id='word_1_259' title='bbox 1292 3138 1329 3199; x_wconf 91' lang='lat' dir='ltr'><strong>ab</strong></span> <span class='ocrx_word' id='word_1_260' title='bbox 1352 3138 1408 3201; x_wconf 91' lang='lat' dir='ltr'><strong>hac</strong></span> <span class='ocrx_word' id='word_1_261' title='bbox 1431 3157 1502 3219; x_wconf 88' lang='lat' dir='ltr'><strong>ope,</strong></span> <span class='ocrx_word' id='word_1_262' title='bbox 1523 3137 1593 3197; x_wconf 87' lang='lat' dir='ltr'><strong>hane</strong></span> 
     </span>
     <span class='ocr_line' id='line_1_29' title="bbox 311 3238 1592 3319; baseline 0.002 -19"><span class='ocrx_word' id='word_1_263' title='bbox 311 3242 409 3301; x_wconf 90' lang='lat' dir='ltr'><strong>vicem</strong></span> <span class='ocrx_word' id='word_1_264' title='bbox 430 3245 460 3300; x_wconf 92' lang='lat' dir='ltr'><strong>et</strong></span> <span class='ocrx_word' id='word_1_265' title='bbox 481 3238 518 3299; x_wconf 94' lang='lat' dir='ltr'><strong>ab</strong></span> <span class='ocrx_word' id='word_1_266' title='bbox 539 3239 595 3299; x_wconf 91' lang='lat' dir='ltr'><strong>bac</strong></span> <span class='ocrx_word' id='word_1_267' title='bbox 617 3242 693 3300; x_wconf 92' lang='lat' dir='ltr'><strong>vice.</strong></span> <span class='ocrx_word' id='word_1_268' title='bbox 723 3240 781 3301; x_wconf 89' lang='lat' dir='ltr'><strong>alia</strong></span> <span class='ocrx_word' id='word_1_269' title='bbox 803 3239 963 3301; x_wconf 91' lang='lat' dir='ltr'><strong>ablativum</strong></span> <span class='ocrx_word' id='word_1_270' title='bbox 985 3247 1099 3302; x_wconf 88' lang='lat' dir='ltr'><strong>tantum</strong></span> <span class='ocrx_word' id='word_1_271' title='bbox 1121 3240 1233 3302; x_wconf 90' lang='lat' dir='ltr'><strong>babent</strong></span> <span class='ocrx_word' id='word_1_272' title='bbox 1254 3242 1286 3301; x_wconf 94' lang='lat' dir='ltr'><strong>in</strong></span> <span class='ocrx_word' id='word_1_273' title='bbox 1306 3239 1452 3319; x_wconf 88' lang='lat' dir='ltr'><strong>singulari</strong></span> <span class='ocrx_word' id='word_1_274' title='bbox 1467 3256 1592 3303; x_wconf 87' lang='lat' dir='ltr'><strong>numero.</strong></span> 
     </span>
     <span class='ocr_line' id='line_1_30' title="bbox 313 3340 1592 3423; baseline -0.005 -20"><span class='ocrx_word' id='word_1_275' title='bbox 313 3349 346 3403; x_wconf 91' lang='lat' dir='ltr'><strong>ut</strong></span> <span class='ocrx_word' id='word_1_276' title='bbox 378 3341 414 3402; x_wconf 91' lang='lat' dir='ltr'><strong>ab</strong></span> <span class='ocrx_word' id='word_1_277' title='bbox 447 3341 503 3401; x_wconf 93' lang='lat' dir='ltr'><strong>bac</strong></span> <span class='ocrx_word' id='word_1_278' title='bbox 534 3342 639 3419; x_wconf 81' lang='lat' dir='ltr'><strong>fruge,</strong></span> <span class='ocrx_word' id='word_1_279' title='bbox 669 3341 707 3402; x_wconf 92' lang='lat' dir='ltr'><strong>ab</strong></span> <span class='ocrx_word' id='word_1_280' title='bbox 734 3341 790 3402; x_wconf 89' lang='lat' dir='ltr'><strong>hac</strong></span> <span class='ocrx_word' id='word_1_281' title='bbox 818 3340 919 3411; x_wconf 87' lang='lat' dir='ltr'><strong>obice,</strong></span> <span class='ocrx_word' id='word_1_282' title='bbox 949 3340 987 3403; x_wconf 93' lang='lat' dir='ltr'><strong>ab</strong></span> <span class='ocrx_word' id='word_1_283' title='bbox 1013 3342 1069 3402; x_wconf 88' lang='lat' dir='ltr'><strong>hac</strong></span> <span class='ocrx_word' id='word_1_284' title='bbox 1091 3361 1196 3423; x_wconf 89' lang='lat' dir='ltr'><strong>prece,</strong></span> <span class='ocrx_word' id='word_1_285' title='bbox 1220 3341 1257 3404; x_wconf 93' lang='lat' dir='ltr'><strong>ab</strong></span> <span class='ocrx_word' id='word_1_286' title='bbox 1281 3342 1337 3402; x_wconf 86' lang='lat' dir='ltr'><strong>hoc</strong></span> <span class='ocrx_word' id='word_1_287' title='bbox 1360 3344 1484 3403; x_wconf 78' lang='lat' dir='ltr'><strong>viscere.</strong></span> <span class='ocrx_word' id='word_1_288' title='bbox 1525 3340 1592 3400; x_wconf 87' lang='lat' dir='ltr'><strong>haec</strong></span> 
     </span>
     <span class='ocr_line' id='line_1_31' title="bbox 312 3442 1662 3524; baseline 0.002 -19"><span class='ocrx_word' id='word_1_289' title='bbox 312 3461 428 3523; x_wconf 91' lang='lat' dir='ltr'><strong>quoque</strong></span> <span class='ocrx_word' id='word_1_290' title='bbox 457 3444 488 3505; x_wconf 90' lang='lat' dir='ltr'><strong>io</strong></span> <span class='ocrx_word' id='word_1_291' title='bbox 510 3442 618 3522; x_wconf 92' lang='lat' dir='ltr'><strong>plurali</strong></span> <span class='ocrx_word' id='word_1_292' title='bbox 640 3462 765 3505; x_wconf 91' lang='lat' dir='ltr'><strong>numero</strong></span> <span class='ocrx_word' id='word_1_293' title='bbox 795 3443 992 3505; x_wconf 91' lang='lat' dir='ltr'><strong>declinantur.</strong></span> <span class='ocrx_word' id='word_1_294' title='bbox 1037 3462 1131 3523; x_wconf 91' lang='lat' dir='ltr'><strong>pauca</strong></span> <span class='ocrx_word' id='word_1_295' title='bbox 1153 3452 1222 3505; x_wconf 89' lang='lat' dir='ltr'><strong>suut</strong></span> <span class='ocrx_word' id='word_1_296' title='bbox 1243 3462 1334 3524; x_wconf 82' lang='lat' dir='ltr'><strong>quae,</strong></span> <span class='ocrx_word' id='word_1_297' title='bbox 1357 3462 1425 3505; x_wconf 89' lang='lat' dir='ltr'><strong>cum</strong></span> <span class='ocrx_word' id='word_1_298' title='bbox 1446 3446 1479 3505; x_wconf 91' lang='lat' dir='ltr'><strong>in</strong></span> <span class='ocrx_word' id='word_1_299' title='bbox 1499 3444 1591 3519; x_wconf 85' lang='lat' dir='ltr'><strong>siugu-</strong></span> <span class='ocrx_word' id='word_1_300' title='bbox 1661 3456 1662 3508; x_wconf 66' lang='lat' dir='ltr'><strong>l</strong></span> 
     </span>
     <span class='ocr_line' id='line_1_32' title="bbox 312 3544 1626 3625; baseline -0.004 -20"><span class='ocrx_word' id='word_1_301' title='bbox 312 3544 369 3605; x_wconf 91' lang='lat' dir='ltr'><strong>lari</strong></span> <span class='ocrx_word' id='word_1_302' title='bbox 390 3562 515 3604; x_wconf 89' lang='lat' dir='ltr'><strong>numero</strong></span> <span class='ocrx_word' id='word_1_303' title='bbox 542 3564 601 3606; x_wconf 92' lang='lat' dir='ltr'><strong>uon</strong></span> <span class='ocrx_word' id='word_1_304' title='bbox 629 3546 782 3616; x_wconf 84' lang='lat' dir='ltr'><strong>deficiant,</strong></span> <span class='ocrx_word' id='word_1_305' title='bbox 812 3548 844 3605; x_wconf 94' lang='lat' dir='ltr'><strong>in</strong></span> <span class='ocrx_word' id='word_1_306' title='bbox 866 3544 973 3625; x_wconf 92' lang='lat' dir='ltr'><strong>plurali</strong></span> <span class='ocrx_word' id='word_1_307' title='bbox 995 3553 1058 3605; x_wconf 90' lang='lat' dir='ltr'><strong>tres</strong></span> <span class='ocrx_word' id='word_1_308' title='bbox 1081 3552 1194 3607; x_wconf 90' lang='lat' dir='ltr'><strong>tantum</strong></span> <span class='ocrx_word' id='word_1_309' title='bbox 1217 3564 1303 3607; x_wconf 91' lang='lat' dir='ltr'><strong>casus</strong></span> <span class='ocrx_word' id='word_1_310' title='bbox 1325 3546 1453 3617; x_wconf 89' lang='lat' dir='ltr'><strong>habeut,</strong></span> <span class='ocrx_word' id='word_1_311' title='bbox 1475 3545 1510 3606; x_wconf 92' lang='lat' dir='ltr'><strong>dc</strong></span> <span class='ocrx_word' id='word_1_312' title='bbox 1530 3544 1590 3623; x_wconf 90' lang='lat' dir='ltr'><strong>qui·</strong></span> <span class='ocrx_word' id='word_1_313' title='bbox 1603 3561 1626 3600; x_wconf 75' lang='lat' dir='ltr'><strong>av</strong></span> 
     </span>
     <span class='ocr_line' id='line_1_33' title="bbox 311 3644 1588 3727; baseline -0.003 -20"><span class='ocrx_word' id='word_1_314' title='bbox 311 3644 370 3707; x_wconf 86' lang='lat' dir='ltr'><strong>bus</strong></span> <span class='ocrx_word' id='word_1_315' title='bbox 390 3644 478 3725; x_wconf 93' lang='lat' dir='ltr'><strong>paulo</strong></span> <span class='ocrx_word' id='word_1_316' title='bbox 501 3648 639 3727; x_wconf 91' lang='lat' dir='ltr'><strong>superius</strong></span> <span class='ocrx_word' id='word_1_317' title='bbox 652 3647 796 3717; x_wconf 91' lang='lat' dir='ltr'><strong>diximus,</strong></span> <span class='ocrx_word' id='word_1_318' title='bbox 820 3647 894 3707; x_wconf 92' lang='lat' dir='ltr'><strong>haec</strong></span> <span class='ocrx_word' id='word_1_319' title='bbox 909 3649 990 3717; x_wconf 90' lang='lat' dir='ltr'><strong>iura,</strong></span> <span class='ocrx_word' id='word_1_320' title='bbox 1014 3646 1087 3709; x_wconf 92' lang='lat' dir='ltr'><strong>baec</strong></span> <span class='ocrx_word' id='word_1_321' title='bbox 1102 3666 1186 3718; x_wconf 91' lang='lat' dir='ltr'><strong>rura,</strong></span> <span class='ocrx_word' id='word_1_322' title='bbox 1209 3648 1283 3708; x_wconf 90' lang='lat' dir='ltr'><strong>haec</strong></span> <span class='ocrx_word' id='word_1_323' title='bbox 1299 3666 1383 3718; x_wconf 89' lang='lat' dir='ltr'><strong>aera,</strong></span> <span class='ocrx_word' id='word_1_324' title='bbox 1406 3648 1480 3709; x_wconf 91' lang='lat' dir='ltr'><strong>baec</strong></span> <span class='ocrx_word' id='word_1_325' title='bbox 1493 3648 1588 3709; x_wconf 90' lang='lat' dir='ltr'><strong>maria.</strong></span> 
     </span>
    </p>

    <p class='ocr_par' dir='ltr' id='par_1_5' title="bbox 311 3747 1661 3931">
     <span class='ocr_line' id='line_1_34' title="bbox 397 3747 1588 3829; baseline 0 -23"><span class='ocrx_word' id='word_1_326' title='bbox 397 3748 539 3809; x_wconf 89' lang='lat' dir='ltr'><strong>Vniversa</strong></span> <span class='ocrx_word' id='word_1_327' title='bbox 568 3750 687 3809; x_wconf 86' lang='lat' dir='ltr'><strong>nomina</strong></span> <span class='ocrx_word' id='word_1_328' title='bbox 715 3751 830 3829; x_wconf 87' lang='lat' dir='ltr'><strong>primae</strong></span> <span class='ocrx_word' id='word_1_329' title='bbox 855 3748 1001 3809; x_wconf 88' lang='lat' dir='ltr'><strong>secundae</strong></span> <span class='ocrx_word' id='word_1_330' title='bbox 1025 3756 1146 3829; x_wconf 86' lang='lat' dir='ltr'><strong>quartae</strong></span> <span class='ocrx_word' id='word_1_331' title='bbox 1168 3749 1376 3810; x_wconf 87' lang='lat' dir='ltr'><strong>declinationis</strong></span> <span class='ocrx_word' id='word_1_332' title='bbox 1398 3750 1518 3811; x_wconf 87' lang='lat' dir='ltr'><strong>totidem</strong></span> <span class='ocrx_word' id='word_1_333' title='bbox 1538 3747 1588 3827; x_wconf 74' lang='lat' dir='ltr'><strong>spl-</strong></span> 
     </span>
     <span class='ocr_line' id='line_1_35' title="bbox 311 3850 1661 3931; baseline 0.002 -20"><span class='ocrx_word' id='word_1_334' title='bbox 311 3850 387 3911; x_wconf 86' lang='lat' dir='ltr'><strong>labis</strong></span> <span class='ocrx_word' id='word_1_335' title='bbox 420 3852 453 3910; x_wconf 92' lang='lat' dir='ltr'><strong>in</strong></span> <span class='ocrx_word' id='word_1_336' title='bbox 484 3850 614 3928; x_wconf 88' lang='lat' dir='ltr'><strong>genitivo</strong></span> <span class='ocrx_word' id='word_1_337' title='bbox 641 3856 713 3931; x_wconf 93' lang='lat' dir='ltr'><strong>quot</strong></span> <span class='ocrx_word' id='word_1_338' title='bbox 739 3854 771 3911; x_wconf 93' lang='lat' dir='ltr'><strong>in</strong></span> <span class='ocrx_word' id='word_1_339' title='bbox 802 3852 983 3913; x_wconf 91' lang='lat' dir='ltr'><strong>nominativo</strong></span> <span class='ocrx_word' id='word_1_340' title='bbox 1010 3851 1203 3930; x_wconf 79' lang='lat' dir='ltr'><strong>proteruntur</strong></span> <span class='ocrx_word' id='word_1_341' title='bbox 1231 3858 1351 3930; x_wconf 89' lang='lat' dir='ltr'><strong>praeter</strong></span> <span class='ocrx_word' id='word_1_342' title='bbox 1378 3870 1471 3913; x_wconf 90' lang='lat' dir='ltr'><strong>unum</strong></span> <span class='ocrx_word' id='word_1_343' title='bbox 1497 3853 1589 3910; x_wconf 88' lang='lat' dir='ltr'><strong>viret</strong></span> <span class='ocrx_word' id='word_1_344' title='bbox 1660 3888 1661 3914; x_wconf 63' lang='grc' dir='ltr'><strong>ι</strong></span> 
     </span>
    </p>
   </div>
   <div class='ocr_carea' id='block_1_4' title="bbox 505 3968 579 3975">
    <p class='ocr_par' dir='ltr' id='par_1_6' title="bbox 505 3968 579 3975">
     <span class='ocr_line' id='line_1_36' title="bbox 505 3968 579 3975; baseline -0.014 0"><span class='ocrx_word' id='word_1_345' title='bbox 505 3968 579 3975; x_wconf 75' lang='grc'><strong>.-..--</strong></span> 
     </span>
    </p>
   </div>
   <div class='ocr_carea' id='block_1_5' title="bbox 314 4016 1660 4156">
    <p class='ocr_par' dir='ltr' id='par_1_7' title="bbox 314 4016 1660 4156">
     <span class='ocr_line' id='line_1_37' title="bbox 386 4016 1589 4085; baseline 0.001 -13"><span class='ocrx_word' id='word_1_346' title='bbox 386 4020 420 4072; x_wconf 83' lang='grc'><strong>15</strong></span> <span class='ocrx_word' id='word_1_347' title='bbox 440 4021 517 4071; x_wconf 86' lang='lat' dir='ltr'><strong>certia</strong></span> <span class='ocrx_word' id='word_1_348' title='bbox 535 4021 636 4071; x_wconf 78' lang='lat' dir='ltr'><strong>casibus</strong></span> <span class='ocrx_word' id='word_1_349' title='bbox 653 4020 773 4071; x_wconf 83' lang='lat' dir='ltr'><strong>deliciunt</strong></span> <span class='ocrx_word' id='word_1_350' title='bbox 792 4020 871 4075; x_wconf 80' lang='lat' dir='ltr'><strong>Diam,</strong></span> <span class='ocrx_word' id='word_1_351' title='bbox 891 4019 953 4085; x_wconf 80' lang='grc'><strong>309,</strong></span> <span class='ocrx_word' id='word_1_352' title='bbox 973 4022 1006 4072; x_wconf 81' lang='grc'><strong>12</strong></span> <span class='ocrx_word' id='word_1_353' title='bbox 1075 4021 1153 4071; x_wconf 85' lang='lat' dir='ltr'><strong>aatiaa</strong></span> <span class='ocrx_word' id='word_1_354' title='bbox 1171 4021 1246 4072; x_wconf 82' lang='lat' dir='ltr'><strong>Gbur.</strong></span> <span class='ocrx_word' id='word_1_355' title='bbox 1262 4020 1305 4082; x_wconf 81' lang='lat'><strong>⁴9,</strong></span> <span class='ocrx_word' id='word_1_356' title='bbox 1319 4020 1346 4075; x_wconf 80' lang='lat' dir='ltr'><strong>a.</strong></span> <span class='ocrx_word' id='word_1_357' title='bbox 1366 4038 1427 4073; x_wconf 70' lang='lat' dir='ltr'><strong>ece.</strong></span> <span class='ocrx_word' id='word_1_358' title='bbox 1449 4022 1522 4075; x_wconf 78' lang='lat' dir='ltr'><strong>Odor.</strong></span> <span class='ocrx_word' id='word_1_359' title='bbox 1538 4016 1589 4079; x_wconf 77' lang='grc'><strong>546,</strong></span> 
     </span>
     <span class='ocr_line' id='line_1_38' title="bbox 314 4090 1660 4156; baseline -0.004 -13"><span class='ocrx_word' id='word_1_360' title='bbox 314 4092 346 4143; x_wconf 78' lang='lat' dir='ltr'><strong>ld</strong></span> <span class='ocrx_word' id='word_1_361' title='bbox 415 4091 448 4141; x_wconf 78' lang='lat'><strong>21</strong></span> <span class='ocrx_word' id='word_1_362' title='bbox 465 4100 525 4140; x_wconf 83' lang='lat' dir='ltr'><strong>sunt</strong></span> <span class='ocrx_word' id='word_1_363' title='bbox 541 4091 591 4141; x_wconf 83' lang='lat' dir='ltr'><strong>alia</strong></span> <span class='ocrx_word' id='word_1_364' title='bbox 606 4090 683 4141; x_wconf 79' lang='lat' dir='ltr'><strong>Oliar-</strong></span> <span class='ocrx_word' id='word_1_365' title='bbox 704 4090 747 4156; x_wconf 80' lang='grc'><strong>93,</strong></span> <span class='ocrx_word' id='word_1_366' title='bbox 767 4090 800 4142; x_wconf 84' lang='grc'><strong>15</strong></span> <span class='ocrx_word' id='word_1_367' title='bbox 1659 4106 1660 4109; x_wconf 54' lang='grc'><strong>“</strong></span> 
     </span>
    </p>
   </div>
   <div class='ocr_carea' id='block_1_6' title="bbox 311 4241 1660 4943">
    <p class='ocr_par' dir='ltr' id='par_1_8' title="bbox 311 4241 1660 4802">
     <span class='ocr_line' id='line_1_39' title="bbox 384 4241 1660 4322; baseline -0.009 -23"><span class='ocrx_word' id='word_1_368' title='bbox 384 4246 397 4299; x_wconf 90' lang='lat'>1</span> <span class='ocrx_word' id='word_1_369' title='bbox 418 4248 519 4297; x_wconf 89' lang='lat' dir='ltr'><strong>uomina</strong></span> <span class='ocrx_word' id='word_1_370' title='bbox 537 4247 637 4296; x_wconf 87' lang='lat' dir='ltr'><strong>numeri</strong></span> <span class='ocrx_word' id='word_1_371' title='bbox 653 4244 708 4295; x_wconf 85' lang='lat' dir='ltr'><strong>PF</strong></span> <span class='ocrx_word' id='word_1_372' title='bbox 757 4247 774 4297; x_wconf 81' lang='lat'>2</span> <span class='ocrx_word' id='word_1_373' title='bbox 793 4262 874 4310; x_wconf 83' lang='lat' dir='ltr'><strong>usque</strong></span> <span class='ocrx_word' id='word_1_374' title='bbox 888 4246 921 4297; x_wconf 89' lang='lat' dir='ltr'><strong>ad</strong></span> <span class='ocrx_word' id='word_1_375' title='bbox 940 4255 1083 4313; x_wconf 81' lang='lat' dir='ltr'><strong>nongentos</strong></span> <span class='ocrx_word' id='word_1_376' title='bbox 1100 4246 1127 4299; x_wconf 89' lang='lat' dir='ltr'><em>F</em></span> <span class='ocrx_word' id='word_1_377' title='bbox 1143 4246 1176 4295; x_wconf 86' lang='lat' dir='ltr'><strong>ad</strong></span> <span class='ocrx_word' id='word_1_378' title='bbox 1195 4247 1364 4313; x_wconf 82' lang='lat' dir='ltr'><strong>noningentos</strong></span> <span class='ocrx_word' id='word_1_379' title='bbox 1384 4248 1408 4297; x_wconf 84' lang='lat' dir='ltr'><em>F</em></span> <span class='ocrx_word' id='word_1_380' title='bbox 1459 4241 1585 4297; x_wconf 72' lang='lat' dir='ltr'><strong>Scaeuino</strong></span> <span class='ocrx_word' id='word_1_381' title='bbox 1659 4258 1660 4322; x_wconf 65' lang='lat' dir='ltr'><strong>q</strong></span> 
     </span>
     <span class='ocr_line' id='line_1_40' title="bbox 312 4314 1515 4382; baseline -0.002 -16"><span class='ocrx_word' id='word_1_382' title='bbox 312 4317 447 4367; x_wconf 82' lang='lat' dir='ltr'><strong>manubiae</strong></span> <span class='ocrx_word' id='word_1_383' title='bbox 466 4317 623 4382; x_wconf 78' lang='lat' dir='ltr'><strong>excubiaeg</strong></span> <span class='ocrx_word' id='word_1_384' title='bbox 644 4315 751 4367; x_wconf 83' lang='lat' dir='ltr'><strong>exubiae</strong></span> <span class='ocrx_word' id='word_1_385' title='bbox 771 4316 906 4366; x_wconf 83' lang='lat' dir='ltr'><strong>manubiae</strong></span> <span class='ocrx_word' id='word_1_386' title='bbox 924 4316 950 4367; x_wconf 98' lang='lat' dir='ltr'><em>F</em></span> <span class='ocrx_word' id='word_1_387' title='bbox 967 4316 1076 4367; x_wconf 83' lang='lat' dir='ltr'><strong>exubiae</strong></span> <span class='ocrx_word' id='word_1_388' title='bbox 1095 4316 1120 4366; x_wconf 92' lang='lat' dir='ltr'><em>P</em></span> <span class='ocrx_word' id='word_1_389' title='bbox 1204 4316 1221 4367; x_wconf 83' lang='lat'>9</span> <span class='ocrx_word' id='word_1_390' title='bbox 1240 4314 1355 4379; x_wconf 86' lang='lat' dir='ltr'><strong>deliciae]</strong></span> <span class='ocrx_word' id='word_1_391' title='bbox 1378 4316 1475 4367; x_wconf 89' lang='lat' dir='ltr'><strong>dllitiae</strong></span> <span class='ocrx_word' id='word_1_392' title='bbox 1492 4314 1515 4363; x_wconf 88' lang='lat' dir='ltr'><em>F</em></span> 
     </span>
     <span class='ocr_line' id='line_1_41' title="bbox 313 4376 1584 4451; baseline 0.002 -12"><span class='ocrx_word' id='word_1_393' title='bbox 313 4388 344 4439; x_wconf 90' lang='grc'><strong>11</strong></span> <span class='ocrx_word' id='word_1_394' title='bbox 364 4387 454 4437; x_wconf 87' lang='lat' dir='ltr'><strong>neniae</strong></span> <span class='ocrx_word' id='word_1_395' title='bbox 471 4402 517 4437; x_wconf 84' lang='lat' dir='ltr'><strong>ova.</strong></span> <span class='ocrx_word' id='word_1_396' title='bbox 536 4386 562 4435; x_wconf 91' lang='lat' dir='ltr'><em>F</em></span> <span class='ocrx_word' id='word_1_397' title='bbox 642 4386 675 4436; x_wconf 78' lang='lat'><strong>12</strong></span> <span class='ocrx_word' id='word_1_398' title='bbox 695 4388 798 4437; x_wconf 81' lang='lat' dir='ltr'><strong>moenia</strong></span> <span class='ocrx_word' id='word_1_399' title='bbox 814 4410 849 4421; x_wconf 89' lang='lat'>—</span> <span class='ocrx_word' id='word_1_400' title='bbox 867 4396 926 4436; x_wconf 83' lang='lat' dir='ltr'><strong>exta</strong></span> <span class='ocrx_word' id='word_1_401' title='bbox 942 4400 989 4437; x_wconf 83' lang='lat' dir='ltr'><strong>om.</strong></span> <span class='ocrx_word' id='word_1_402' title='bbox 1007 4386 1032 4436; x_wconf 86' lang='lat' dir='ltr'><em>F</em></span> <span class='ocrx_word' id='word_1_403' title='bbox 1101 4386 1133 4437; x_wconf 78' lang='lat'><strong>15</strong></span> <span class='ocrx_word' id='word_1_404' title='bbox 1154 4382 1243 4451; x_wconf 80' lang='lat' dir='ltr'><strong>satias]</strong></span> <span class='ocrx_word' id='word_1_405' title='bbox 1263 4386 1326 4437; x_wconf 79' lang='lat' dir='ltr'><strong>antia</strong></span> <span class='ocrx_word' id='word_1_406' title='bbox 1341 4387 1367 4436; x_wconf 89' lang='lat' dir='ltr'><strong><em>P</em></strong></span> <span class='ocrx_word' id='word_1_407' title='bbox 1388 4388 1497 4441; x_wconf 68' lang='lat' dir='ltr'><strong>calleas</strong></span> <span class='ocrx_word' id='word_1_408' title='bbox 1558 4376 1584 4430; x_wconf 74' lang='lat'><strong>1⁸</strong></span> 
     </span>
     <span class='ocr_line' id='line_1_42' title="bbox 312 4454 1583 4523; baseline -0.006 -16"><span class='ocrx_word' id='word_1_409' title='bbox 312 4457 416 4508; x_wconf 82' lang='lat' dir='ltr'><strong>laterem</strong></span> <span class='ocrx_word' id='word_1_410' title='bbox 431 4456 509 4507; x_wconf 85' lang='lat' dir='ltr'><strong>latere</strong></span> <span class='ocrx_word' id='word_1_411' title='bbox 524 4455 642 4507; x_wconf 85' lang='lat' dir='ltr'><strong>similiter</strong></span> <span class='ocrx_word' id='word_1_412' title='bbox 655 4458 709 4507; x_wconf 61' lang='lat' dir='ltr'><strong>acc.</strong></span> <span class='ocrx_word' id='word_1_413' title='bbox 728 4465 753 4506; x_wconf 88' lang='lat' dir='ltr'><strong>et</strong></span> <span class='ocrx_word' id='word_1_414' title='bbox 764 4456 815 4507; x_wconf 89' lang='lat' dir='ltr'><strong>abl.</strong></span> <span class='ocrx_word' id='word_1_415' title='bbox 828 4456 985 4523; x_wconf 86' lang='lat' dir='ltr'><strong>singularem</strong></span> <span class='ocrx_word' id='word_1_416' title='bbox 1002 4454 1105 4505; x_wconf 87' lang='lat' dir='ltr'><strong>laterem</strong></span> <span class='ocrx_word' id='word_1_417' title='bbox 1120 4455 1234 4505; x_wconf 81' lang='lat' dir='ltr'><strong>similiter</strong></span> <span class='ocrx_word' id='word_1_418' title='bbox 1251 4458 1307 4511; x_wconf 62' lang='lat' dir='ltr'><strong>affe.</strong></span> <span class='ocrx_word' id='word_1_419' title='bbox 1326 4466 1424 4507; x_wconf 86' lang='lat' dir='ltr'><strong>tautum</strong></span> <span class='ocrx_word' id='word_1_420' title='bbox 1437 4456 1509 4507; x_wconf 87' lang='lat' dir='ltr'><strong>lectio</strong></span> <span class='ocrx_word' id='word_1_421' title='bbox 1522 4464 1583 4502; x_wconf 83' lang='lat' dir='ltr'><strong>eaur-</strong></span> 
     </span>
     <span class='ocr_line' id='line_1_43' title="bbox 311 4516 1659 4599; baseline 0 -22"><span class='ocrx_word' id='word_1_422' title='bbox 311 4529 384 4593; x_wconf 86' lang='lat' dir='ltr'><strong>pauit</strong></span> <span class='ocrx_word' id='word_1_423' title='bbox 400 4527 426 4577; x_wconf 87' lang='lat' dir='ltr'><em>F</em></span> <span class='ocrx_word' id='word_1_424' title='bbox 503 4525 537 4577; x_wconf 78' lang='lat'><strong>23</strong></span> <span class='ocrx_word' id='word_1_425' title='bbox 555 4537 583 4576; x_wconf 87' lang='lat' dir='ltr'><strong>ut</strong></span> <span class='ocrx_word' id='word_1_426' title='bbox 600 4542 687 4579; x_wconf 87' lang='lat' dir='ltr'><strong>remex</strong></span> <span class='ocrx_word' id='word_1_427' title='bbox 704 4525 809 4592; x_wconf 81' lang='lat' dir='ltr'><strong>remigia</strong></span> <span class='ocrx_word' id='word_1_428' title='bbox 825 4526 852 4575; x_wconf 91' lang='lat' dir='ltr'><em>F</em></span> <span class='ocrx_word' id='word_1_429' title='bbox 919 4523 1048 4590; x_wconf 83' lang='lat' dir='ltr'><strong>Lucanus]</strong></span> <span class='ocrx_word' id='word_1_430' title='bbox 1066 4524 1188 4579; x_wconf 70' lang='lat' dir='ltr'><strong>planat</strong></span> <span class='ocrx_word' id='word_1_431' title='bbox 1210 4526 1311 4579; x_wconf 81' lang='grc'><strong>111469</strong></span> <span class='ocrx_word' id='word_1_432' title='bbox 1389 4528 1423 4578; x_wconf 79' lang='lat'><strong>24</strong></span> <span class='ocrx_word' id='word_1_433' title='bbox 1441 4527 1491 4576; x_wconf 86' lang='lat' dir='ltr'><strong>icta</strong></span> <span class='ocrx_word' id='word_1_434' title='bbox 1507 4516 1584 4577; x_wconf 62' lang='grc' dir='ltr'><strong>ΜΡ</strong></span> <span class='ocrx_word' id='word_1_435' title='bbox 1658 4560 1659 4599; x_wconf 60' lang='lat' dir='ltr'><strong>p</strong></span> 
     </span>
     <span class='ocr_line' id='line_1_44' title="bbox 311 4590 1659 4661; baseline -0.007 -14"><span class='ocrx_word' id='word_1_436' title='bbox 311 4599 362 4647; x_wconf 88' lang='lat' dir='ltr'><strong>ictu</strong></span> <span class='ocrx_word' id='word_1_437' title='bbox 381 4598 506 4648; x_wconf 81' lang='lat' dir='ltr'><strong>excutitur</strong></span> <span class='ocrx_word' id='word_1_438' title='bbox 522 4596 657 4648; x_wconf 69' lang='lat' dir='ltr'><strong>Pandam</strong></span> <span class='ocrx_word' id='word_1_439' title='bbox 726 4595 760 4647; x_wconf 79' lang='grc'><strong>26</strong></span> <span class='ocrx_word' id='word_1_440' title='bbox 778 4595 855 4646; x_wconf 82' lang='lat' dir='ltr'><strong>huius</strong></span> <span class='ocrx_word' id='word_1_441' title='bbox 874 4596 932 4661; x_wconf 84' lang='lat' dir='ltr'><strong>opis</strong></span> <span class='ocrx_word' id='word_1_442' title='bbox 950 4610 1024 4661; x_wconf 87' lang='lat' dir='ltr'><strong>opem</strong></span> <span class='ocrx_word' id='word_1_443' title='bbox 1043 4595 1074 4645; x_wconf 90' lang='lat' dir='ltr'><strong>ab</strong></span> <span class='ocrx_word' id='word_1_444' title='bbox 1092 4595 1140 4645; x_wconf 87' lang='lat' dir='ltr'><strong>hac</strong></span> <span class='ocrx_word' id='word_1_445' title='bbox 1161 4610 1209 4661; x_wconf 84' lang='lat' dir='ltr'><strong>ope</strong></span> <span class='ocrx_word' id='word_1_446' title='bbox 1227 4606 1251 4645; x_wconf 86' lang='lat' dir='ltr'><strong>ct</strong></span> <span class='ocrx_word' id='word_1_447' title='bbox 1268 4594 1335 4646; x_wconf 88' lang='lat' dir='ltr'><strong>hauc</strong></span> <span class='ocrx_word' id='word_1_448' title='bbox 1357 4598 1439 4647; x_wconf 84' lang='lat' dir='ltr'><strong>uicem</strong></span> <span class='ocrx_word' id='word_1_449' title='bbox 1460 4604 1485 4646; x_wconf 85' lang='lat' dir='ltr'><strong>ct</strong></span> <span class='ocrx_word' id='word_1_450' title='bbox 1501 4594 1529 4643; x_wconf 84' lang='lat' dir='ltr'><strong>ab</strong></span> <span class='ocrx_word' id='word_1_451' title='bbox 1544 4590 1582 4640; x_wconf 85' lang='lat' dir='ltr'><strong>bae</strong></span> <span class='ocrx_word' id='word_1_452' title='bbox 1658 4602 1659 4647; x_wconf 66' lang='lat' dir='ltr'><strong>l</strong></span> 
     </span>
     <span class='ocr_line' id='line_1_45' title="bbox 313 4654 1659 4733; baseline -0.004 -18"><span class='ocrx_word' id='word_1_453' title='bbox 313 4668 368 4718; x_wconf 87' lang='lat' dir='ltr'><strong>uice</strong></span> <span class='ocrx_word' id='word_1_454' title='bbox 385 4668 439 4719; x_wconf 87' lang='lat' dir='ltr'><strong>PF</strong></span> <span class='ocrx_word' id='word_1_455' title='bbox 453 4666 531 4718; x_wconf 83' lang='lat' dir='ltr'><strong>buius</strong></span> <span class='ocrx_word' id='word_1_456' title='bbox 550 4668 607 4733; x_wconf 81' lang='lat' dir='ltr'><strong>opis</strong></span> <span class='ocrx_word' id='word_1_457' title='bbox 624 4681 697 4731; x_wconf 90' lang='lat' dir='ltr'><strong>opem</strong></span> <span class='ocrx_word' id='word_1_458' title='bbox 713 4664 805 4716; x_wconf 87' lang='lat' dir='ltr'><strong>abbae</strong></span> <span class='ocrx_word' id='word_1_459' title='bbox 820 4680 869 4731; x_wconf 89' lang='lat' dir='ltr'><strong>ope</strong></span> <span class='ocrx_word' id='word_1_460' title='bbox 886 4664 961 4715; x_wconf 88' lang='lat' dir='ltr'><strong>buiua</strong></span> <span class='ocrx_word' id='word_1_461' title='bbox 974 4664 1037 4715; x_wconf 87' lang='lat' dir='ltr'><strong>nicia</strong></span> <span class='ocrx_word' id='word_1_462' title='bbox 1056 4674 1080 4714; x_wconf 88' lang='lat' dir='ltr'><strong>et</strong></span> <span class='ocrx_word' id='word_1_463' title='bbox 1096 4663 1162 4715; x_wconf 87' lang='lat' dir='ltr'><strong>bano</strong></span> <span class='ocrx_word' id='word_1_464' title='bbox 1179 4666 1261 4715; x_wconf 86' lang='lat' dir='ltr'><strong>uicem</strong></span> <span class='ocrx_word' id='word_1_465' title='bbox 1277 4667 1308 4717; x_wconf 90' lang='lat' dir='ltr'><strong>ab</strong></span> <span class='ocrx_word' id='word_1_466' title='bbox 1322 4666 1370 4717; x_wconf 85' lang='lat' dir='ltr'><strong>hac</strong></span> <span class='ocrx_word' id='word_1_467' title='bbox 1389 4668 1443 4716; x_wconf 86' lang='lat' dir='ltr'><strong>uice</strong></span> <span class='ocrx_word' id='word_1_468' title='bbox 1457 4680 1473 4723; x_wconf 86' lang='grc' dir='ltr'>ς</span> <span class='ocrx_word' id='word_1_469' title='bbox 1521 4664 1550 4712; x_wconf 72' lang='lat' dir='ltr'><strong>ai</strong></span> <span class='ocrx_word' id='word_1_470' title='bbox 1560 4660 1581 4709; x_wconf 84' lang='lat' dir='ltr'><strong>io</strong></span> <span class='ocrx_word' id='word_1_471' title='bbox 1658 4654 1659 4730; x_wconf 72' lang='lat' dir='ltr'><strong>l</strong></span> 
     </span>
     <span class='ocr_line' id='line_1_46' title="bbox 311 4730 1582 4802; baseline -0.006 -11"><span class='ocrx_word' id='word_1_472' title='bbox 311 4738 536 4800; x_wconf 60' lang='lat' dir='ltr'><strong>carnaeae</strong></span> <span class='ocrx_word' id='word_1_473' title='bbox 594 4736 671 4787; x_wconf 79' lang='lat' dir='ltr'><strong>28ab</strong></span> <span class='ocrx_word' id='word_1_474' title='bbox 683 4736 732 4787; x_wconf 90' lang='lat' dir='ltr'><strong>hoe</strong></span> <span class='ocrx_word' id='word_1_475' title='bbox 743 4734 820 4801; x_wconf 78' lang='lat' dir='ltr'><strong>noge</strong></span> <span class='ocrx_word' id='word_1_476' title='bbox 832 4736 864 4785; x_wconf 88' lang='lat' dir='ltr'><strong>ab</strong></span> <span class='ocrx_word' id='word_1_477' title='bbox 877 4734 925 4785; x_wconf 85' lang='lat' dir='ltr'><strong>hec</strong></span> <span class='ocrx_word' id='word_1_478' title='bbox 937 4734 1093 4785; x_wconf 86' lang='lat' dir='ltr'><strong>ouioaPab</strong></span> <span class='ocrx_word' id='word_1_479' title='bbox 1110 4733 1157 4785; x_wconf 88' lang='lat' dir='ltr'><strong>hac</strong></span> <span class='ocrx_word' id='word_1_480' title='bbox 1170 4734 1231 4800; x_wconf 87' lang='lat' dir='ltr'><strong>(hoc</strong></span> <span class='ocrx_word' id='word_1_481' title='bbox 1245 4737 1273 4799; x_wconf 83' lang='grc' dir='ltr'><strong>ς)</strong></span> <span class='ocrx_word' id='word_1_482' title='bbox 1285 4736 1354 4802; x_wconf 76' lang='lat' dir='ltr'><strong>frugi</strong></span> <span class='ocrx_word' id='word_1_483' title='bbox 1365 4737 1397 4786; x_wconf 83' lang='lat' dir='ltr'><strong>ab</strong></span> <span class='ocrx_word' id='word_1_484' title='bbox 1410 4734 1458 4786; x_wconf 87' lang='lat' dir='ltr'><strong>hoe</strong></span> <span class='ocrx_word' id='word_1_485' title='bbox 1469 4734 1535 4799; x_wconf 79' lang='lat' dir='ltr'><strong>opica</strong></span> <span class='ocrx_word' id='word_1_486' title='bbox 1545 4730 1582 4784; x_wconf 64' lang='lat' dir='ltr'><strong>Fi</strong></span> 
     </span>
    </p>

    <p class='ocr_par' dir='ltr' id='par_1_9' title="bbox 313 4804 1658 4943">
     <span class='ocr_line' id='line_1_47' title="bbox 365 4804 1658 4873; baseline -0.007 -16"><span class='ocrx_word' id='word_1_487' title='bbox 365 4806 398 4859; x_wconf 83' lang='lat'><strong>31</strong></span> <span class='ocrx_word' id='word_1_488' title='bbox 414 4805 483 4873; x_wconf 88' lang='lat' dir='ltr'><strong>rura]</strong></span> <span class='ocrx_word' id='word_1_489' title='bbox 503 4806 615 4873; x_wconf 88' lang='lat' dir='ltr'><strong>nigraF</strong></span> <span class='ocrx_word' id='word_1_490' title='bbox 664 4804 726 4856; x_wconf 85' lang='lat' dir='ltr'><strong>haec</strong></span> <span class='ocrx_word' id='word_1_491' title='bbox 745 4821 804 4855; x_wconf 89' lang='lat' dir='ltr'><strong>aera</strong></span> <span class='ocrx_word' id='word_1_492' title='bbox 822 4805 910 4854; x_wconf 68' lang='lat' dir='ltr'><strong>orest</strong></span> <span class='ocrx_word' id='word_1_493' title='bbox 962 4806 1043 4854; x_wconf 85' lang='lat' dir='ltr'><strong>mario</strong></span> <span class='ocrx_word' id='word_1_494' title='bbox 1061 4820 1093 4855; x_wconf 83' lang='lat' dir='ltr'><strong>aa</strong></span> <span class='ocrx_word' id='word_1_495' title='bbox 1112 4819 1231 4857; x_wconf 82' lang='lat' dir='ltr'><strong>oanrrruo</strong></span> <span class='ocrx_word' id='word_1_496' title='bbox 1249 4808 1321 4869; x_wconf 83' lang='lat' dir='ltr'><strong>(cneo</strong></span> <span class='ocrx_word' id='word_1_497' title='bbox 1340 4807 1401 4859; x_wconf 85' lang='lat' dir='ltr'><strong>odd.</strong></span> <span class='ocrx_word' id='word_1_498' title='bbox 1419 4804 1581 4867; x_wconf 64' lang='lat' dir='ltr'><strong>Raraunum!</strong></span> <span class='ocrx_word' id='word_1_499' title='bbox 1657 4864 1658 4871; x_wconf 10' lang='grc' dir='ltr'>ἵ</span> 
     </span>
     <span class='ocr_line' id='line_1_48' title="bbox 313 4866 1658 4943; baseline -0.004 -16"><span class='ocrx_word' id='word_1_500' title='bbox 313 4873 438 4927; x_wconf 83' lang='lat' dir='ltr'><strong>Uolucraa</strong></span> <span class='ocrx_word' id='word_1_501' title='bbox 444 4876 492 4923; x_wconf 85' lang='lat' dir='ltr'><strong>PF</strong></span> <span class='ocrx_word' id='word_1_502' title='bbox 524 4876 558 4925; x_wconf 82' lang='grc'><strong>33</strong></span> <span class='ocrx_word' id='word_1_503' title='bbox 571 4876 733 4943; x_wconf 77' lang='lat' dir='ltr'><strong>proteruntur</strong></span> <span class='ocrx_word' id='word_1_504' title='bbox 744 4876 860 4941; x_wconf 79' lang='lat' dir='ltr'><strong>exceptio</strong></span> <span class='ocrx_word' id='word_1_505' title='bbox 869 4874 1019 4937; x_wconf 79' lang='lat' dir='ltr'><strong>quibasdam</strong></span> <span class='ocrx_word' id='word_1_506' title='bbox 1032 4874 1172 4939; x_wconf 84' lang='lat' dir='ltr'><strong>(secundae</strong></span> <span class='ocrx_word' id='word_1_507' title='bbox 1183 4876 1245 4926; x_wconf 84' lang='lat' dir='ltr'><strong>add.</strong></span> <span class='ocrx_word' id='word_1_508' title='bbox 1252 4874 1461 4941; x_wconf 65' lang='lat' dir='ltr'><strong>Odeeliuatieuis</strong></span> <span class='ocrx_word' id='word_1_509' title='bbox 1468 4866 1583 4940; x_wconf 62' lang='lat' dir='ltr'><strong>praeter!</strong></span> <span class='ocrx_word' id='word_1_510' title='bbox 1657 4876 1658 4913; x_wconf 80' lang='lat' dir='ltr'><strong>l</strong></span> 
     </span>
    </p>
   </div>
   <div class='ocr_carea' id='block_1_7' title="bbox 0 0 1681 5442">
    <p class='ocr_par' dir='ltr' id='par_1_10' title="bbox 0 0 1681 5442">
     <span class='ocr_line' id='line_1_49' title="bbox 0 0 1681 5442; baseline 0 0"><span class='ocrx_word' id='word_1_511' title='bbox 0 0 1681 5442; x_wconf 95' lang='lat' dir='ltr'><strong> </strong></span> 
     </span>
    </p>
   </div>
  </div>
 </body>
</html>
