3350 5442
616 333 855 398 COMMENTVM
1345 335 1406 398 291

1221 455 1242 497 p.
1255 445 1346 488 ott-m
1360 445 1382 485 L.

117 523 161 582 uis
183 520 323 582 dividitur
345 521 377 582 in
400 519 472 582 duas
493 527 609 601 partes;
638 528 687 584 aut
715 524 794 584 enim
817 524 971 604 proprium
994 530 1040 584 est
1060 531 1111 584 aut
1132 522 1348 604 appellativum.
1384 524 1410 584 si

118 631 215 684 autern
238 621 367 684 volueris
389 631 441 684 out
462 624 617 703 proprium
639 641 694 704 pro
717 610 894 704 appellativo
915 643 1029 705 ponere
1050 633 1102 686 aul
1124 625 1332 705 appellativum
1354 644 1410 706 pro

116 727 245 806 proprio,
269 724 465 787 soloecismus
488 735 542 796 est,
565 732 637 806 puta
659 727 685 786 si
707 725 786 788 dicas

265 828 415 890 hauriat
436 827 533 889 hunc
555 826 677 888 oculis
700 828 821 906 ignem
844 828 1012 891 crudelis
1033 829 1077 892 ab
1099 829 1178 892 alto

266 928 461 993 Dardanus

112 1051 167 1114 pro
190 1052 227 1095 eo
249 1032 327 1114 quod
356 1041 402 1095 est
423 1030 598 1094 llardanius.
644 1051 714 1094 ecee
736 1034 859 1113 proprio
880 1051 953 1094 usus
975 1040 1020 1095 est
1041 1052 1097 1113 pro
1125 1033 1317 1114 appellativo,
1340 1052 1410 1094 ecce

115 1134 206 1197 habes
228 1137 332 1196 vitium
354 1153 409 1216 per
431 1133 611 1214 qualitatem.
656 1153 711 1215 per
733 1152 854 1213 genera,
877 1137 903 1195 si
925 1134 1006 1196 dicas
1028 1133 1116 1196 ralidi
1139 1135 1245 1206 silices,
1270 1155 1337 1198 curn
1360 1156 1409 1197 va·

112 1237 187 1299 lidas
215 1236 375 1316 legerimus
403 1236 480 1318 apud
510 1237 683 1315 Vergilium.
732 1235 807 1298 nihil
835 1237 958 1316 quidem
987 1235 1058 1299 dicit
1083 1239 1142 1298 iam
1176 1237 1255 1318 quod
1284 1238 1410 1318 legimus

112 1339 188 1420 apud
212 1357 316 1400 omues
337 1356 448 1417 genere
476 1338 652 1409 masculino,
681 1337 732 1398 sed
756 1338 835 1416 quod
858 1338 1033 1420 plerumque
1054 1341 1085 1401 in
1108 1359 1163 1401 usu
1187 1346 1244 1408 est,
1271 1339 1327 1400 lmc
1349 1339 1434 1400 vult·

78 1453 100 1492 1⁰
115 1443 226 1504 dicere.
253 1439 257 1523 Ι
281 1459 350 1502 narn
372 1439 473 1520 silices!
491 1439 636 1502 hahemus
658 1442 690 1500 in
711 1459 768 1501 usu
790 1459 901 1518 genere
916 1441 1070 1513 feminino,
1093 1444 1221 1504 cortices
1236 1444 1266 1504 in
1288 1461 1343 1502 usu
1358 1460 1408 1521 ge·

112 1563 184 1605 nere
206 1543 387 1614 masculino;
411 1549 510 1604 tamen
533 1539 658 1621 legimus
681 1543 711 1604 in
728 1542 857 1622 Vergilio
879 1561 990 1622 genere
1013 1544 1155 1606 feminino
1170 1545 1308 1605 cortices.
1338 1561 1410 1620 ergo

114 1664 167 1726 per
189 1645 370 1726 qualitatem,
393 1653 427 1705 ut

264 1747 414 1809 hauriat
435 1746 531 1810 hunc
553 1746 676 1808 oculis
697 1747 821 1826 ignem
844 1747 1015 1810 crudelis
1031 1747 1079 1831 ,ab
1101 1748 1178 1811 alto

264 1848 475 1920 dardanum

77 1963 165 2032 telper
193 1969 319 2032 genera,
348 1961 382 2014 ut
403 1952 508 2014 ‘validi
537 1953 654 2016 silices'
686 1960 736 2014 aut
764 1957 929 2014 ‘amarae
962 1954 1153 2014 cortices'.
1204 1971 1258 2031 per
1286 1970 1406 2033 compa-

110 2056 270 2125 rationem,

264 2156 468 2236 respondit
489 2157 580 2218 luno
602 2157 784 2220 Saturnia
806 2163 935 2218 sancta
963 2157 1129 2219 dearum:
1424 2227 1427 2236 Ι

111 2261 246 2321 norimus
268 2259 347 2337 quod
369 2261 507 2338 genetivo
529 2258 639 2340 plurali
669 2277 728 2321 non
760 2261 892 2338 iungitur
915 2261 972 2320 nisi
994 2257 1209 2340 superlativum
1241 2260 1267 2319 si
1289 2265 1322 2320 tu
1343 2260 1410 2320 iun-

109 2364 191 2424 xeris
213 2362 382 2442 positivum,
407 2362 509 2423 vitium
531 2361 642 2432 iecisti,
667 2361 805 2423 Saturnia
833 2369 935 2423 sancta
963 2381 1018 2442 pro
1047 2380 1082 2422 eo
1111 2360 1190 2442 qu'od
1219 2369 1265 2420 est
1285 2364 1409 2422 sanctis·

75 2466 193 2528 asima.
239 2482 294 2544 per
316 2481 465 2534 numeros,
489 2465 594 2542 ‘pars
621 2465 656 2524 in
684 2465 804 2526 irusta
830 2464 981 2524 secant'
1009 2483 1066 2544 pro
1096 2482 1131 2523 eo
1155 2463 1234 2541 quod
1256 2471 1303 2524 est
1324 2468 1411 2544 ‘pars

108 2569 212 2628 secat'.
248 2583 303 2647 per
325 2582 420 2637 casus,
445 2564 590 2626 ‘urbem
613 2581 715 2644 quam
740 2571 864 2628 statuo
886 2575 1009 2628 vestra
1034 2571 1106 2626 est'
1133 2583 1190 2645 pro
1212 2566 1343 2647 eoquod
1366 2574 1411 2626 est

110 2667 196 2730 ‘urbs
211 2685 299 2748 quam
315 2675 411 2730 statuo
426 2674 523 2730 vestra
538 2671 608 2729 est'.
637 2666 775 2729 similiter
789 2685 844 2749 pur
858 2685 968 2746 genera
983 2667 1155 2738 verborum,
1177 2686 1233 2748 per
1255 2667 1411 2746 qualitates

110 2770 280 2840 verborum,
303 2789 358 2851 per
380 2789 531 2840 numeros,
553 2789 609 2850 per
630 2769 745 2832 modos.
776 2776 845 2851 puta
867 2789 923 2851 per
944 2787 1054 2848 genera
1077 2768 1246 2839 rerlmrum,
1270 2771 1295 2830 si
1317 2771 1410 2830 utaris

109 2874 223 2952 passiva
246 2871 445 2934 declinatione
467 2891 524 2952 pro
546 2874 650 2944 activa,
674 2879 708 2933 ut

75 2989 98 3027 u
267 2972 482 3054 spoliantur
505 2992 566 3036 eos
589 2982 625 3038 ei
646 2990 806 3054 corpora
830 2972 924 3036 nuda
953 2972 1176 3054 relinquunt

109 3096 164 3158 pro
188 3095 226 3138 eo
249 3075 328 3157 quod
353 3085 398 3138 est
420 3075 566 3157 spoliant;
589 3095 644 3158 per
666 3075 780 3146 modos,
805 3076 829 3136 si
853 3075 926 3136 velis
947 3076 1048 3138 dicere

264 3180 344 3248 itis,
368 3179 513 3258 paratis
536 3196 633 3240 arma
657 3195 760 3257 quam
782 3181 955 3259 primum,
977 3180 1050 3240 viri
1079 3178 1083 3257 l

109 3301 166 3361 pro
191 3300 227 3342 eo
250 3281 329 3362 quod
353 3286 399 3340 est
420 3281 481 3342 ‘ite
503 3284 639 3360 parate';
662 3300 717 3360 per
739 3298 884 3361 personas

263 3382 392 3454 danai,
417 3383 478 3462 qui
500 3382 805 3462 parentntridis,
830 3384 1113 3463 quamprimum
1137 3401 1235 3444 arma
1258 3384 1410 3453 sumite,

72 3499 95 3540 ιο
108 3485 216 3548 ‘llanai
239 3485 290 3564 qui
311 3492 419 3565 parent
439 3486 560 3547 sumite'
582 3504 638 3566 pro
661 3504 696 3547 eo
719 3485 797 3566 quod
820 3492 865 3546 est
885 3485 991 3547 ‘Danai
1005 3488 1056 3564 qui
1077 3487 1190 3565 paretis
1212 3485 1343 3546 sumite’.
1372 3487 1411 3545 si-

106 3589 219 3650 militer
241 3605 296 3667 per
318 3585 465 3657 adverbia,
483 3589 508 3648 si
523 3585 603 3648 aliud
620 3586 793 3648 adverbium
812 3607 867 3666 pro
884 3586 941 3648 alio
957 3607 1061 3666 ponas,
1077 3590 1103 3648 si
1117 3588 1190 3648 velis
1205 3587 1307 3647 dicere
1319 3588 1411 3648 ‘intus

106 3694 155 3754 eo’
171 3709 229 3772 pro
245 3709 281 3752 eo
293 3688 372 3770 quod
387 3697 432 3750 est
447 3691 538 3750 ‘iutro
554 3693 613 3765 eo’,
633 3691 657 3750 si
669 3689 742 3750 relis
756 3688 859 3752 dicere
874 3689 965 3750 ‘intro
987 3691 1075 3760 sum’,
1099 3699 1149 3752 aut
1162 3692 1187 3751 si
1198 3691 1303 3766 iungas
1324 3707 1410 3769 prae·

106 3794 273 3874 positiones
289 3791 461 3854 nominihus
475 3793 625 3854 civitatum
640 3791 686 3853 vel
702 3789 839 3852 denehas
854 3792 1024 3871 provinciis,
1047 3793 1073 3851 si
1087 3790 1159 3852 velis
1174 3790 1275 3853 dicere
1289 3789 1338 3850 ‘ad
1350 3791 1409 3852 llo·

106 3915 187 3958 mam
211 3892 307 3964 redd,
330 3892 459 3956 ‘Siciliae
474 3900 561 3956 sum’.
590 3913 659 3956 narn
674 3913 771 3975 neque
786 3893 898 3956 Rornae
921 3892 1038 3954 additur
1059 3894 1247 3975 praepositio,
1271 3894 1411 3974 quoniam

73 4015 221 4060 unomen
244 4003 289 4058 est
310 3998 464 4077 proprium
486 3997 619 4067 civitatis,
645 4005 674 4057 el
692 4014 800 4057 nomen
814 3995 968 4075 proprium
979 3997 1105 4057 civitatis
1120 4014 1180 4057 non
1196 3997 1303 4076 accipit
1324 4014 1410 4075 prae·

107 4102 291 4179 positionem
314 4097 479 4161 secundum
502 4105 611 4169 artem;
634 4116 732 4177 neque
755 4100 863 4161 iterum
887 4097 1006 4159 Siciliae
1029 4092 1118 4179 [sum]
1135 4096 1301 4159 detrahitur
1323 4115 1408 4177 prae·

179 4343 197 4392 4
220 4335 331 4402 hauriat]
354 4341 433 4404 Verp.
452 4337 519 4389 Aen.
541 4337 651 4390 1111661
740 4339 756 4387 7
775 4337 840 4387 silex
858 4337 977 4397 serninino
997 4352 1092 4400 petam
1109 4337 1214 4400 saeptus
1234 4337 1327 4404 lepitnr
1343 4339 1413 4399 opud

114 4412 261 4476 l'erpliiuan,
278 4409 327 4459 sed
336 4425 385 4460 noa
405 4408 490 4457 valida
508 4409 573 4458 silex
642 4407 719 4458 9sed
738 4407 806 4469 quod
819 4407 968 4473 plerumque
986 4410 1012 4457 P
1024 4409 1069 4457 sed
1086 4407 1147 4470 quid
1166 4407 1318 4472 plerumque
1334 4407 1412 4457 Bcs

181 4482 213 4531 15
231 4480 313 4529 amori
329 4479 437 4528 cortices
457 4479 598 4542 B:.Verp,
619 4477 700 4530 bucol.
719 4479 745 4538 6,
764 4477 913 4527 cremerae
932 4478 1035 4527 corticis
1089 4477 1121 4527 17
1136 4477 1267 4540 respondit
1285 4491 1355 4528 corr.
1375 4488 1411 4526 -et

110 4553 143 4601 G:
162 4551 230 4602 Eam.
254 4551 324 4599 ancl.
342 4548 403 4600 165
421 4549 463 4598 ed.
488 4549 564 4600 Vaut.
654 4547 777 4614 tepore]
800 4547 879 4612 Verp.
900 4548 965 4597 Aen.
986 4547 1065 4597 1212
1154 4547 1186 4597 21
1207 4544 1306 4614 urbem]
1329 4549 1409 4611 Verp.

111 4621 176 4674 Aea.
199 4619 279 4672 1573
368 4620 401 4670 24
421 4633 467 4684 pro
491 4617 574 4668 actius
595 4625 623 4666 ut
650 4617 792 4682 spoliantur
810 4617 836 4667 P
855 4620 888 4667 de
906 4617 990 4665 aetina
1007 4624 1036 4665 ut
1053 4617 1196 4682 spolientur
1216 4617 1255 4668 Ob
1278 4616 1311 4666 de
1329 4618 1412 4666 aetina

111 4692 255 4756 spolientur
273 4687 343 4740 BS:
361 4689 430 4742 Eun.
450 4692 536 4740 annal.
556 4705 580 4740 o.
598 4685 650 4740 600
664 4687 705 4736 ed.
726 4685 799 4736 Vaut.
872 4687 906 4736 25
924 4687 1087 4750 reliquuntC
1155 4689 1189 4738 27
1206 4701 1282 4750 qunm
1301 4687 1410 4752 primum

112 4759 196 4810 BOP
215 4760 286 4826 quod
303 4761 414 4825 primum
435 4757 456 4808 S
539 4755 573 4807 26
595 4757 669 4807 atridi
690 4771 765 4820 quam
786 4759 896 4823 primum
918 4771 988 4806 arms
1004 4758 1054 4808 GP
1071 4757 1148 4807 atridi
1168 4759 1235 4821 quod
1256 4757 1366 4822 primum
1386 4758 1411 4805 iu

113 4846 182 4880 arma
201 4829 222 4880 S
244 4830 336 4880 atridis
355 4843 430 4892 quum
450 4843 519 4878 ormo
539 4827 563 4876 B
1238 4830 1241 4836 ·

1144 4909 1208 4973 19*
