3350 5442
612 355 849 419 couniuntur
1320 351 1380 418 189

1195 475 1217 517 p.
1231 464 1320 504 ato-12
1334 462 1357 504 L.

72 561 143 602 inus
167 563 227 622 per
251 544 350 604 omnia
372 543 505 622 regulam
528 546 625 624 sequi;
649 543 701 604 sed
725 541 889 622 siquando
912 544 1002 603 luerit
1031 545 1192 604 necessitas
1214 545 1382 604 testamenti
1412 558 1417 568 ·

73 645 254 716 scribendi,
278 655 349 706 turre
370 648 427 706 ista
448 645 592 706 servanda
614 655 696 715 strnt,
725 644 812 705 aliter
840 648 929 706 non'.
972 652 1043 724 puta
1065 646 1193 706 maiores
1215 647 1309 706 nostri
1332 665 1381 706 vo·

71 747 204 808 luerunt
231 750 307 809 iuris
334 745 525 808 necessitate
540 746 682 808 dirimere
710 755 841 826 apertam
865 745 997 824 regulam
1020 754 1050 808 et
1072 755 1201 826 apertam
1224 749 1379 816 rationem,

72 868 115 908 ne
139 849 259 929 abquid
279 853 311 911 in
334 850 548 910 dubitationem
573 850 693 909 veniret.
740 867 807 908 nam
830 851 856 909 si
879 849 991 910 diceret
1019 843 1103 909 ‘vulo
1125 848 1191 909 liliis
1213 851 1287 910 meis
1309 849 1381 910 dare

51 949 165 1010 :illum
192 951 348 1028 fundum&
377 971 435 1032 quo
463 951 552 1011 modu
580 950 730 1012 videretur
758 958 892 1030 apertum
923 969 1002 1026 esse,
1033 951 1070 1011 de
1092 949 1200 1030 quibus
1222 952 1380 1012 sensisset?

71 1055 241 1133 utriusque
265 1056 341 1114 enim
365 1072 454 1115 sexus
476 1053 618 1114 confusus
641 1061 694 1113 est.
739 1052 790 1113 sed
820 1061 852 1114 ut
875 1051 1091 1123 discernamus,
1119 1052 1232 1114 idcirco
1255 1052 1380 1113 dicimus

71 1153 216 1224 filiabus,
246 1163 369 1236 propter
392 1155 598 1216 necessitatem
620 1156 709 1224 iuriS,
734 1154 798 1215 deis
820 1153 946 1226 deabus,
971 1163 1000 1218 et
1015 1153 1069 1217 alia
1091 1174 1165 1235 quae
1180 1154 1285 1216 similia
1301 1163 1378 1228 suut,

73 1276 157 1336 quae
191 1260 341 1337 pertinent
368 1258 404 1318 ad
433 1258 640 1318 necessitatem
667 1258 748 1316 iuris.
794 1265 892 1318 cetera
911 1257 1032 1336 ¹regulis
1053 1259 1194 1318 serviunt.
1240 1265 1268 1316 et
1291 1274 1380 1334 quem

73 1359 112 1418 ad
138 1359 269 1420 modum
292 1359 520 1422 discernuntur?
542 1376 631 1418 sensu
653 1364 775 1419 tantum.
815 1359 933 1440 quando
955 1359 1081 1420 dicimus
1103 1359 1139 1419 ab
1162 1359 1208 1418 bis
1231 1359 1379 1428 Romanis,

43 1470 186 1522 xunuum
214 1461 253 1522 de
280 1460 411 1522 masculo
439 1461 572 1520 dicamus
604 1479 641 1521 an
670 1460 707 1520 de
735 1461 855 1530 lemine,
888 1463 1035 1522 incertum
1064 1468 1120 1548 est;
1150 1479 1238 1522 sensu
1267 1451 1380 1521 tantum

76 1563 293 1624 discernimus.
315 1567 368 1625 ,in
395 1571 509 1624 tantum
538 1580 639 1623 verum
670 1571 728 1633 est,
766 1570 797 1623 ut
825 1565 912 1624 etiam
939 1564 1136 1624 nominativus
1169 1563 1300 1623 incertus
1334 1564 1380 1622 sit.

76 1673 150 1744 puta
183 1665 311 1726 advena:
344 1672 444 1745 potest
471 1675 501 1726 et
528 1663 676 1725 masculus
704 1681 771 1724 esse
800 1665 910 1726 advena
941 1671 970 1726 et
992 1666 1100 1726 lemine
1123 1683 1190 1725 esse
1212 1668 1330 1726 odueuu
1353 1671 1382 1725 et

77 1769 266 1847 mancipium
295 1785 362 1828 esse
390 1767 516 1835 advena;
544 1768 692 1828 incertum
721 1773 765 1826 est
794 1769 878 1828 cuius
906 1786 995 1828 sexus
1023 1769 1070 1828 sit.
1116 1765 1199 1844 agilis
1227 1774 1325 1846 potest
1353 1777 1381 1828 et

78 1869 242 1930 masculini
272 1889 337 1930 esse
361 1879 390 1930 et
418 1870 554 1930 seminini
575 1871 705 1946 generis.
749 1868 831 1928 vides
854 1887 925 1948 ergo
948 1871 1087 1949 quoniam
1111 1886 1171 1929 non
1193 1888 1315 1930 necesse
1338 1876 1382 1930 est

47 1971 202 2031 subverso
230 1974 310 2032 exitu
338 1970 517 2052 syllabarum
545 1969 737 2031 determinari
765 1989 891 2049 genera,
920 1972 972 2032 sed
1000 1970 1156 2051 aliquando
1185 1973 1249 2052 ipsa
1271 1989 1380 2050 genera

78 2072 251 2154 dirildimus
280 2092 385 2141 sensu:
414 2075 553 2153 quoniam
582 2073 723 2134 contusus
751 2080 795 2134 est
822 2091 923 2143 sexus,
954 2073 1107 2135 intellectu
1135 2071 1279 2135 debemus
1309 2074 1381 2134 baec

79 2179 168 2236 scire.
200 2195 273 2255 ergo
288 2174 446 2246 debemus,
472 2176 524 2237 ubi
546 2182 591 2235 est
605 2177 766 2236 necessitas
787 2177 877 2246 iuris,
901 2176 958 2236 boc
974 2161 1102 2245 mutare,
1127 2175 1177 2236 ubi
1200 2195 1258 2236 non
1281 2178 1380 2244 luerit,

80 2281 197 2340 servire
224 2277 344 2356 regulis,
390 2287 419 2339 et
444 2280 476 2339 in
505 2285 618 2338 tantum
645 2277 702 2338 boc
729 2279 843 2357 putavit
871 2277 999 2349 Probus,
1032 2285 1063 2337 ut
1085 2278 1174 2338 etiam
1197 2277 1304 2338 dixerit
1326 2278 1381 2337 ista

81 2380 174 2440 verba
203 2382 327 2450 mutari,
362 2387 429 2441 nata
457 2379 596 2449 natabus,
630 2378 688 2439 lilia
717 2379 848 2450 liliabus,
878 2380 932 2441 dea
960 2379 1087 2460 deabus,
1121 2378 1200 2440 mula
1233 2378 1379 2441 mulabus.

50 2506 71 2536 a
83 2485 216 2560 quinque
240 2483 339 2561 posuit
361 2490 475 2542 tanturn
498 2480 595 2542 modo.
639 2483 694 2542 ista
717 2491 801 2552 sunt,
825 2482 881 2543 alia
904 2485 963 2542 iarn
985 2481 1097 2561 regulis
1120 2484 1259 2544 serviunt.

11 2664 12 2669 η
167 2585 191 2645 E
212 2587 389 2646 terminatus
411 2584 554 2646 ablativus
577 2592 606 2646 et
634 2584 810 2665 productum
833 2584 924 2646 babet
946 2605 961 2644 e
985 2591 1015 2645 et
1036 2591 1218 2664 correptum.
1263 2583 1380 2664 quando

11 2702 12 2705 ’
83 2694 182 2747 auum
204 2688 407 2748 necessarium
430 2685 520 2747 babet
540 2686 707 2766 producere
723 2686 768 2748 vel
783 2688 952 2766 corripere,
977 2705 1012 2749 ex
1034 2686 1230 2748 declinatione
1253 2686 1382 2765 genetivi

83 2787 241 2872 singularis
264 2787 410 2866 colligitis.
443 2790 468 2849 si
490 2791 643 2867 genetivus
664 2789 823 2868 singularis
845 2791 870 2850 is
894 2787 1004 2870 syllaba
1032 2791 1123 2851 luerit
1143 2790 1326 2858 terminatus,
1350 2789 1381 2848 in

83 2889 210 2972 ablativo
242 2910 258 2950 e
288 2891 462 2969 conipitur,
491 2898 575 2970 peter
603 2893 696 2972 patris
724 2891 761 2952 ab
789 2891 846 2952 boc
874 2899 972 2971 patre,
1009 2900 1103 2953 mater
1132 2893 1234 2952 matris
1261 2889 1299 2951 ab
1328 2890 1382 2950 bac

51 3001 194 3062 smetre;
219 2993 390 3071 corripitur.
436 2994 461 3053 si
489 2994 516 3053 ei
544 2993 635 3054 luerit
661 2995 838 3055 terminatus
866 2994 1021 3071 genetivus
1044 2993 1215 3073 singularis,
1240 2991 1382 3053 ablativus

86 3094 276 3172 producitur,
305 3094 368 3154 dies
395 3092 455 3154 diei
481 3095 517 3154 ab
547 3095 601 3156 bac
630 3096 693 3166 die,
721 3096 794 3157 fides
821 3095 890 3157 fidei
913 3095 950 3157 ab
973 3096 1028 3156 bac
1049 3097 1116 3158 lide.
1162 3096 1206 3156 vel
1228 3097 1271 3156 sic
1294 3096 1381 3156 etiarn

88 3199 210 3274 potestis
233 3196 307 3257 illud
331 3196 486 3274 colligere,
511 3215 599 3275 quem
622 3198 658 3259 ad
681 3198 803 3259 modum
824 3197 938 3277 legistis
960 3200 990 3258 in
1014 3199 1197 3279 primordiis:
1227 3199 1381 3277 quotiens·

89 3317 211 3378 eumque
235 3300 323 3360 tertia
346 3307 390 3359 est
411 3298 585 3370 declinatio,
617 3299 763 3361 ablativos
785 3299 944 3379 singularis
968 3322 983 3361 e
1006 3307 1174 3379 correptum
1199 3299 1300 3368 babet:
1331 3298 1381 3360 de·
1466 3289 1470 3298 ’

88 3400 155 3461 iude
182 3402 448 3480 quotienscumque
477 3403 567 3463 tuerit
594 3404 696 3482 quinta
725 3402 897 3473 declinatio,
923 3421 938 3462 e
960 3403 1138 3482 productum
1161 3401 1259 3463 babet.
1306 3411 1335 3462 et
1356 3403 1382 3462 si

57 3504 175 3563 uicerit
196 3522 214 3562 e
238 3513 426 3584 correptum,
456 3504 516 3565 noli
546 3507 630 3585 sequi
656 3507 741 3566 istam
770 3505 920 3583 regulam,
945 3507 1227 3584 ‘quotienscumque
1255 3503 1343 3564 tuerit
1366 3521 1382 3562 e

91 3613 225 3684 correpto
247 3608 423 3667 terminatus
446 3605 588 3669 ablativus
611 3606 782 3686 singularis,
807 3610 975 3684 genetivum
999 3606 1144 3686 pluralem
1171 3608 1273 3666 inum
1296 3606 1383 3666 mittit

92 3705 234 3776 absolute,
264 3715 296 3767 ut
323 3708 360 3768 ab
387 3708 444 3769 boc
472 3718 556 3789 patre
584 3709 693 3770 borum
720 3715 866 3789 patrum’.
912 3711 1078 3770 invenimus
1107 3716 1205 3770 autem
1229 3726 1282 3769 nos
1303 3707 1482 3786 quod496,9

93 3807 213 3869 ablativo
241 3810 385 3888 singulari
413 3829 429 3871 e
456 3809 624 3890 teriminatu
653 3812 811 3891 aliquando
838 3813 869 3872 in
894 3829 941 3872 um
966 3813 1040 3882 exit,
1070 3810 1228 3891 aliquando
1251 3812 1283 3870 in
1304 3812 1381 3870 iurn:

94 3912 122 3970 in
141 3930 190 3972 um
213 3914 288 3980 crit,
313 3921 345 3972 ut
368 3911 405 3974 ab
426 3912 483 3973 boc
505 3915 620 3993 pariete
647 3913 755 3975 borum
777 3915 939 3992 parietum;
968 3916 998 3974 in
1021 3916 1083 3974 ium
1106 3915 1180 3984 exit,
1209 3922 1242 3974 ut
1267 3915 1305 3974 ab
1327 3915 1383 3973 boc
1464 3911 1469 3920 '

63 4012 173 4073 ulioste
195 4015 335 4074 bestium.
365 4033 454 4094 quem
477 4015 513 4076 ad
536 4015 656 4076 modum
679 4018 735 4076 ista
759 4015 861 4094 regula
886 4015 1043 4077 delinitur?
1067 4016 1140 4076 dicit
1161 4017 1209 4085 ita,
1234 4017 1278 4076 ‘si
1301 4013 1381 4075 abla-

97 4116 163 4176 tivus
184 4116 343 4195 singularis
367 4136 382 4178 e
405 4117 495 4178 luerit
516 4120 705 4189 terminatus,
730 4118 888 4196 aliquando
910 4119 1024 4199 perdita
1047 4121 1108 4198 ipsa
1125 4137 1141 4178 e
1156 4117 1253 4178 littera
1276 4119 1383 4196 accipit

98 4235 155 4288 um,
177 4218 334 4299 aliquando
355 4237 416 4280 non
437 4219 537 4300 perdit
559 4239 584 4291 e,
608 4219 661 4282 sed
684 4222 714 4282 in
737 4223 747 4280 i
769 4227 863 4281 mutat
886 4222 978 4282 etsie
1001 4241 1051 4283 um
1074 4220 1207 4299 accipit'.
1252 4226 1321 4298 puta
1345 4219 1380 4281 ab

106 4375 112 4378 -
129 4375 392 4383 -—..--....-—.-—-

163 4441 174 4491 l
196 4441 323 4510 regulam]
343 4442 446 4494 saecule
462 4443 488 4493 A
559 4441 575 4493 3
595 4444 772 4494 necessitatem
791 4445 910 4493 dirimere
929 4443 1067 4508 (derimere
1086 4441 1124 4504 A)
1142 4450 1231 4507 aperta
1249 4443 1338 4507 regule
1357 4453 1382 4496 et

102 4514 380 4572 aperuistioneABG
448 4515 525 4564 duee
543 4514 641 4576 aliquid
659 4513 683 4562 B
754 4512 852 4580 ideis]
873 4514 922 4563 diis
941 4513 998 4564 AB
1069 4510 1101 4562 10
1119 4527 1182 4562 sexu
1200 4512 1332 4560 tanturnC

105 4579 133 4627 la
148 4590 170 4628 et
186 4583 313 4632 masculus
328 4599 386 4633 esse
403 4584 505 4633 eduens
522 4592 547 4633 et
564 4583 659 4633 iemiuo
672 4599 728 4634 esse
741 4592 765 4634 et
777 4585 830 4635 Bc
847 4593 871 4633 et
886 4585 1015 4634 masculus
1036 4624 1080 4636 ...
1099 4597 1155 4632 esse
1172 4591 1196 4630 et
1214 4581 1308 4631 lemine
1325 4595 1382 4631 esse

105 4651 162 4697 etA
228 4655 261 4703 14
278 4669 338 4718 ergo
358 4670 404 4707 om.
420 4655 453 4709 A,
472 4654 535 4707 add.
556 4670 572 4702 a
644 4655 677 4705 15
695 4655 812 4704 diuersos
828 4655 913 4704 exitus
931 4655 982 4704 BC
1050 4652 1382 4717 tinelcorripereBGc

11 4752 12 4763 ,
106 4723 272 4787 eutmrripere
289 4724 315 4773 A
384 4723 418 4774 23
439 4723 559 4789 colligitis
574 4722 626 4774 BG
646 4723 754 4790 collegis
772 4723 797 4773 A
817 4723 977 4789 collegitisu
1047 4723 1080 4773 27
1100 4727 1183 4789 p'otest
1201 4723 1281 4773 ABG
1348 4723 1382 4773 ‘ro

108 4795 130 4832 et
146 4791 268 4841 sicluerit
286 4794 311 4843 A
380 4793 415 4845 30
433 4795 550 4859 quotiens
572 4793 649 4842 luerit
666 4795 692 4844 A
761 4793 792 4844 31
819 4797 955 4861 genetiuus
973 4795 1080 4860 pluralis
1098 4793 1123 4844 A
1169 4791 1226 4856 ι33
1245 4793 1381 4857 aliquando

109 4856 187 4910 isium
202 4887 234 4897 —
251 4862 285 4914 36
303 4880 317 4914 e
335 4863 413 4914 suerit
427 4865 575 4914 terminatus
595 4880 642 4918 om,
660 4865 692 4928 A,
711 4865 773 4915 add.
792 4881 809 4914 u
880 4863 912 4916 34
931 4866 982 4915 exit
1000 4864 1073 4916 hoste
1093 4865 1167 4916 BCa
