3350 5442
296 342 358 405 632
846 343 1026 407 Maenonn

322 464 342 503 μ.
358 452 445 492 (ετ-οι
461 450 487 490 r.

296 532 534 623 secommunia,
559 532 642 589 utin
666 528 725 589 illis
748 531 866 590 omnino
889 550 948 591 non
971 531 1117 592 differant.
1164 539 1194 590 at
1220 534 1251 593 in
1275 538 1407 597 numeris
1436 536 1513 595 haec
1536 554 1596 595 una

296 632 443 692 dissensio
471 638 533 717 est,
559 631 638 710 quod
668 626 787 691 δυϊκόν
814 651 886 692 usus
913 634 943 692 in
973 632 1116 693 latinitate
1146 634 1245 695 nullus
1273 635 1403 698 admisit.
1448 656 1520 697 nam
1544 638 1597 715 qui

296 741 401 812 putant
422 735 521 793 iecere
545 734 646 793 dixere
669 731 764 793 dualis
787 752 852 794 esse
868 732 995 803 numeri,
1020 734 1171 815 subinepti
1194 746 1263 797 sunt
1285 746 1427 815 arguente
1447 738 1595 815 Vergilio,

296 838 348 915 qui
370 834 471 895 verbis
493 834 602 895 talibus
619 836 842 895 universitatem
858 836 919 897 vult
940 838 1102 905 continere,
1127 844 1160 897 ut
1183 841 1422 901 ‘coriticuere
1447 842 1595 899 omnes’

298 946 326 998 et
348 940 434 998 ‘una
457 956 584 998 omnes
606 939 734 997 iecere
756 925 916 1017 pedem’.

179 1052 238 1110 ooo,
254 1050 284 1096 19
381 1039 520 1117 Nigidius
547 1041 577 1099 in
612 1040 1140 1127 commentariisgrammaticalibus
1172 1042 1296 1103 verbum
1329 1053 1451 1104 autumo
1481 1046 1596 1123 conpri-

298 1145 388 1202 situm
422 1145 464 1201 ait
496 1160 531 1201 ex
566 1142 785 1220 praepositione
821 1142 858 1202 ab
892 1150 921 1202 et
954 1140 1046 1201 verbo
1075 1145 1214 1212 aestimo,
1249 1144 1420 1225 dictumque
1450 1146 1597 1205 intercise

298 1252 428 1313 autumo,
453 1252 603 1322 tamquam
624 1245 651 1303 si
673 1243 824 1304 diceretur
847 1244 1019 1313 abaestimo,
1042 1244 1119 1324 quod
1137 1246 1318 1323 significaret
1340 1254 1434 1307 totum
1458 1249 1597 1307 aestimo.

297 1347 348 1406 sed
364 1354 485 1406 autumo
502 1364 560 1406 non
575 1346 605 1404 id
622 1346 716 1405 solum
732 1347 880 1423 significat
903 1349 1034 1416 aestimo,
1059 1347 1110 1407 sed
1134 1355 1164 1406 et
1186 1348 1251 1408 dico
1274 1355 1304 1408 et
1326 1348 1463 1433 censeo}
1490 1371 1511 1405 c
1535 1372 1554 1405 a·

181 1459 284 1511 orrea-2
383 1448 505 1525 Singula
533 1456 668 1526 tempora
696 1467 755 1508 non
784 1449 962 1529 simpliciter
990 1451 1193 1529 proferuntur.
1237 1459 1267 1510 et
1297 1458 1329 1510 ut
1352 1453 1481 1531 exempli
1505 1472 1595 1514 causa
1612 1470 1625 1500 ¹·

290 1530 385 1609 lmius
406 1549 490 1609 verbi
509 1550 667 1610 declinatio
682 1557 811 1620 notetur,
834 1545 947 1611 τύπτω
970 1553 1136 1631 perlectum
1157 1552 1228 1612 lacit
1245 1547 1382 1631 τέτυφα,
1407 1562 1437 1614 et
1459 1559 1598 1635 sequitur

298 1653 390 1712 altera
403 1651 537 1712 eirrsdom
551 1653 695 1729 temporis
708 1651 877 1723 declinatio,
901 1652 979 1732 quod
993 1653 1123 1714 medium
1137 1655 1301 1732 perlectum
1314 1663 1429 1725 vocant,
1453 1652 1596 1717 τέτυπαε

299 1757 369 1815 item
382 1753 708 1834 plusquamperfectum
725 1749 912 1833 ἐτετύφειν,
922 1754 1051 1815 medium
1068 1754 1389 1835 plusquamperfectum
1405 1753 1596 1819 ἑτετύπεινε

263 1883 267 1889 ·
297 1849 458 1936 ἀορίστου
480 1854 598 1934 feoda,
621 1850 726 1935 μέσου
748 1848 908 1934 ἀορίστου
924 1854 1058 1917 ἕτυτον.
1095 1859 1228 1917 loturum
1251 1859 1379 1937 primum
1395 1852 1491 1924 τύτοω
1512 1862 1595 1940 lacit,

297 1962 429 2021 loturum
444 1959 605 2019 secundum
621 1957 726 2019 τοτοῖ.
751 1957 803 2018 sed
818 1968 849 2018 et
864 1960 895 2018 in
907 1962 1023 2037 passiva
1040 1960 1173 2019 eiusdem
1189 1959 1271 2019 rerbi
1287 1959 1487 2045 declinatione
1504 1980 1594 2042 saepe
1610 1978 1629 2012 r.
1667 1982 1668 2049 y

297 2058 1592 2143 contingitrepetitiovarietatemporibuscontentasimplicibuslatinitatecorripendiis.
1667 2050 1668 2117 l

179 2176 280 2235 oon-29
383 2164 529 2225 Praesens
556 2172 673 2242 tempus
701 2165 732 2223 in
761 2162 890 2222 secunda
920 2165 1129 2250 coniugatione
1158 2164 1203 2223 vel
1232 2166 1321 2223 tertia
1343 2165 1487 2244 producta
1512 2170 1542 2226 in
1567 2169 1594 2225 io
1667 2136 1668 2217 l

297 2257 468 2327 exormtiu'm
492 2266 652 2341 secundam
675 2282 833 2343 porsonam
850 2282 909 2324 una
932 2264 1043 2343 syllaba
1059 2267 1175 2344 prolert
1197 2268 1353 2336 minorem,
1378 2268 1471 2329 doceo
1493 2268 1590 2333 doces.

298 2369 395 2429 arnbio
417 2368 523 2429 ambis.
557 2368 637 2428 idern
652 2369 766 2446 patitur
788 2373 818 2425 et
842 2367 929 2427 tertia
952 2375 1097 2446 correpta,
1122 2370 1147 2428 si
1170 2370 1180 2427 i
1204 2376 1271 2428 ante
1287 2388 1304 2429 o
1319 2367 1438 2440 babeat,
1463 2378 1495 2430 ut
1509 2374 1594 2450 capio

297 2474 388 2550 capis,
410 2472 496 2549 pario
517 2473 609 2549 paris.
655 2477 685 2529 at
712 2472 742 2529 in
771 2469 866 2547 prima
895 2475 925 2527 et
948 2472 1056 2529 ceteris
1079 2468 1177 2530 verbis
1200 2472 1305 2529 tertiae
1333 2480 1488 2552 correptae
1512 2474 1623 2533 tormen

298 2581 396 2634 rnanot
417 2591 560 2632 ricimerus
582 2570 761 2651 syllabarum
785 2572 815 2630 in
838 2573 934 2650 prima
951 2572 1139 2650 secundaque
1155 2591 1291 2651 persona,
1316 2592 1384 2634 seco
1408 2594 1500 2643 secas,
1524 2576 1591 2635 diro

297 2676 381 2736 dieis.
427 2676 606 2735 Graecorum
629 2675 727 2734 omnia
750 2672 840 2731 verba
863 2691 938 2751 quac
961 2676 991 2732 in
1027 2692 1052 2733 ω
1076 2682 1198 2743 exeunt,
1228 2694 1279 2753 squ
1309 2678 1516 2755 perispomena
1538 2695 1588 2734 seu

298 2778 441 2857 lrarytona
464 2780 532 2845 sint,
556 2780 587 2836 in
609 2793 794 2855 quacumque
818 2776 1026 2851 coniugatione
1044 2776 1170 2836 eundem
1192 2784 1251 2838 tam
1275 2780 1307 2837 in
1331 2779 1425 2856 prima
1449 2796 1536 2857 quam
1560 2780 1588 2837 iu

298 2881 427 2940 secunda
450 2897 577 2958 persona
600 2884 719 2938 servant
740 2893 897 2936 numerum
920 2876 1108 2955 syllabarum.
1154 2897 1242 2958 porro
1264 2880 1296 2938 in
1318 2878 1419 2939 verbis
1444 2880 1488 2939 rel
1513 2880 1588 2959 apud

298 2984 419 3042 Latinos
446 2984 477 3041 in
500 2999 534 3040 or
558 2979 601 3039 vel
624 2980 700 3059 apud
718 2972 866 3057 Graecosl
891 2980 922 3037 in
944 2997 1002 3057 μαι
1026 2979 1203 3040 exerrntibus
1225 2979 1350 3060 syllabas
1374 2983 1525 3043 contraria
1547 2984 1620 3040 rt-rs

297 3084 440 3143 cissitudo
462 3083 622 3162 dispensat.
667 3100 735 3141 nam
765 3080 894 3140 secunda
922 3083 1092 3158 coniugatio
1120 3092 1149 3141 et
1176 3082 1263 3142 tertia
1286 3083 1430 3162 producta
1453 3083 1498 3144 rel
1525 3103 1586 3161 (οτ-

298 3194 381 3264 repta
403 3188 413 3245 i
438 3192 505 3244 ante
529 3186 698 3243 orbaberis
720 3182 847 3243 eundem
870 3201 1028 3243 numerum
1051 3186 1182 3244 retinent
1208 3182 1388 3263 syllabarum
1412 3187 1442 3245 in
1466 3194 1586 3265 utraque

298 3306 433 3367 persona,
456 3288 565 3347 doceor
587 3286 720 3354 (loceris,
750 3288 866 3345 nutrior
894 3287 1033 3355 nutririS,
1062 3288 1165 3365 capior
1188 3289 1319 3366 caperis,
1347 3306 1413 3347 cum
1442 3287 1473 3347 in
1495 3291 1586 3349 aetiro

300 3388 416 3470 [modo]
439 3391 545 3450 lrorum
569 3388 727 3448 verborum
748 3387 876 3447 secnmla
899 3389 1065 3459 minuatur;
1089 3390 1119 3447 in
1142 3390 1238 3468 prima
1261 3396 1359 3449 autem
1382 3392 1585 3467 coniugatione

298 3503 327 3553 et
349 3495 458 3552 ceteris
480 3493 587 3551 tertiae
609 3497 765 3567 correptae
787 3488 888 3549 verbis
911 3507 969 3549 una
991 3488 1101 3567 syllaba
1131 3492 1240 3551 crescit
1270 3488 1330 3570 [in]
1361 3492 1491 3552 secunda
1521 3506 1618 3571 per-³¹³

298 3613 378 3663 sona,
403 3613 485 3654 arnor
508 3596 631 3662 amaris,
667 3592 750 3651 (licor
772 3591 897 3659 diceris,
928 3610 995 3651 cum
1023 3594 1054 3651 in
1083 3594 1178 3651 activo
1201 3610 1288 3671 pares
1318 3594 1349 3653 iu
1373 3601 1498 3673 utraque
1521 3614 1584 3674 per·

298 3715 368 3756 sona
391 3696 519 3775 syllabae
536 3702 689 3777 maneant.
726 3700 755 3754 at
776 3696 807 3752 in
830 3695 945 3771 graecis
972 3712 1058 3753 omne
1074 3711 1216 3773 praesens
1243 3701 1360 3774 tompus
1383 3696 1462 3775 quod
1485 3698 1584 3777 inpar

300 3800 477 3857 terminatur
505 3800 584 3857 omni
613 3796 700 3856 modo
727 3798 758 3854 in
787 3793 916 3855 secunda
945 3802 1186 3873 persona'unam
1214 3796 1356 3876 syllabam
1384 3800 1508 3867 minuit,
1531 3818 1582 3877 φι-

299 3899 421 3978 λοῦμαι
444 3900 544 3980 φιλῇ,
566 3895 739 3978 γράφομαι
760 3892 875 3977 γράφῃ
899 3905 929 3955 ot
951 3896 1069 3965 similia,
1093 3914 1160 3957 crim
1182 3900 1212 3959 in
1237 3902 1332 3959 activo
1354 3917 1443 3978 pares
1465 3900 1584 3979 syllabas

299 4010 423 4082 utraque
446 4020 572 4081 persona
595 4002 767 4062 servaverit.
812 4000 844 4058 in
867 4000 947 4057 omni
969 3998 1134 4077 inperlecto
1157 4006 1290 4079 tempore
1311 4002 1408 4080 prima
1432 4002 1508 4081 apud
1534 4002 1615 4062 lia-t·1

368 4217 757 4273 1oererantcorrmterantlf
808 4216 964 4268 idvuovB
1015 4216 1199 4285 tconucuere]
1218 4221 1375 4285 Ver9.Aen.
1395 4222 1444 4271 lll
1500 4220 1582 4285 brion}

303 4293 382 4356 Veqq.
395 4293 461 4343 Aen.
471 4292 494 4338 V
506 4293 557 4341 830
619 4292 635 4339 9
647 4303 738 4338 censeo
752 4300 784 4336 oe
797 4302 1023 4339 conrucarroumus
1036 4300 1129 4338 ruerem
1143 4290 1218 4353 Apud
1230 4304 1338 4354 graecos
1349 4292 1408 4353 601,
1418 4292 1543 4347 23-602,
1553 4292 1580 4338 at

299 4361 394 4409 recedit
405 4361 450 4408 sed
462 4360 494 4409 ad
508 4358 666 4423 propositum
680 4368 845 4406 reuertamur.
866 4358 977 4405 omnium
991 4355 1067 4419 igitur
1080 4359 1213 4405 urrtmrum
1226 4356 1295 4422 apud
1308 4357 1398 4407 latinos
1411 4360 1514 4407 oniniuo
1527 4372 1581 4407 eon-

299 4429 441 4492 iugationrs
459 4441 518 4476 sum
534 4425 599 4490 (tres
611 4428 671 4474 add.
686 4426 726 4478 ed.
743 4422 835 4488 Vina.)
852 4425 877 4471 in
897 4424 999 4487 quibus.
1017 4438 1073 4473 cum
1092 4424 1188 4473 nullum
1208 4427 1311 4474 uerbum
1324 4426 1348 4473 in
1363 4424 1413 4475 line
1426 4434 1454 4474 ut
1466 4427 1581 4480 diximus,

298 4496 391 4545 lrabeat
402 4503 544 4558 accentum,
558 4493 710 4542 deterendus
722 4503 805 4542 tamen
819 4492 1024 4555 coniugationnm
1039 4506 1088 4541 non
1107 4494 1130 4541 in
1145 4494 1239 4558 prima,
1254 4494 1338 4541 sedin
1352 4495 1465 4543 secunda
1483 4508 1581 4559 persona

299 4580 391 4627 graeco
408 4564 555 4626 quaerimus
573 4561 699 4626 exemplo,
717 4562 783 4623 quod
804 4561 871 4625 apud
889 4560 946 4609 illos
964 4561 989 4608 iu
1008 4560 1069 4609 solis
1087 4562 1290 4611 eircumllexibus
1303 4561 1536 4622 (eircumilexilibus
1547 4564 1579 4611 ed.

304 4634 393 4693 rina.)
406 4632 536 4681 obseruari
548 4630 623 4681 solet.
647 4631 728 4693 primu
741 4644 800 4693 ergo
813 4629 947 4677 latinorum
961 4628 1106 4691 coniugatio
1119 4630 1143 4677 in
1157 4629 1270 4678 secunda
1286 4644 1395 4694 persona
1407 4630 1505 4697 prinmo
1519 4632 1580 4695 posi-

300 4701 377 4749 tionis
396 4702 474 4750 uerbo
492 4700 575 4748 nerino
594 4708 619 4746 et
637 4711 725 4746 rreutro
743 4698 851 4746 habeta
871 4712 885 4738 a
903 4694 1029 4760 (lacunam
1047 4698 1168 4745 indicauit
1185 4699 1269 4747 editor
1289 4697 1507 4759 Vindobonensis)
1518 4698 1581 4761 grani

300 4780 404 4816 accentu
424 4779 491 4817 suut.
515 4767 614 4826 sirrgulu
632 4777 746 4829 tompore
764 4764 789 4813 n
859 4768 888 4814 11
907 4764 1060 4827 τετυψαΒ
1130 4766 1160 4814 12
1179 4766 1369 4831 temporalisB
1438 4768 1472 4817 '25
1490 4767 1580 4818 monos

302 4854 348 4888 orn.
362 4836 388 4884 B
455 4836 487 4885 27
501 4833 597 4884 babens
609 4851 655 4883 run.
670 4833 695 4882 B
764 4836 794 4885 31
808 4834 832 4883 iu
848 4842 953 4897 iitroque
966 4846 1088 4897 personas
1106 4832 1131 4883 B
