3350 5442
602 397 673 458 aas
703 397 767 460 VIII
790 399 883 461 2-7
1267 457 1270 460 .
1322 394 1386 461 433

125 512 149 556 p.
164 501 220 543 ma
234 501 259 544 ιι
270 500 294 542 r.
1206 505 1360 560 pascui.

98 583 237 653 miltunt,
265 602 340 663 quae
370 585 401 645 in
429 587 580 663 praesenti
609 592 742 665 tempore
770 586 923 648 iudicativi
950 587 1030 649 modi
1057 605 1077 647 u
1107 594 1175 648 ante
1196 589 1386 648 novissimam

98 683 230 744 litteram
252 684 371 755 babent,
394 693 428 746 ut
449 684 549 748 tribuo
570 687 679 758 tribui,
703 695 799 750 statuo
822 691 928 758 statui,
951 691 1052 749 minuo
1074 691 1181 758 mlum,
1206 687 1307 750 lmbuo
1329 691 1385 749 im-

99 784 169 856 bui,
193 785 289 847 adnuo
312 786 417 858 adrui,
442 789 520 849 diluo
543 788 630 860 dilui,
654 789 747 850 obruo
771 785 987 860 obrui,⁸iuduo
1008 790 1108 851 indui:
1131 792 1163 850 in
1179 791 1226 851 bis
1242 791 1300 852 duo
1322 798 1385 851 tan·

98 895 177 958 tum,
206 891 340 969 quaein
366 891 396 950 xi
425 892 546 951 mittunt
572 893 783 970 praeteritum,
812 893 873 954 lluo
894 893 981 962 duxi,
1005 899 1087 954 struo
1109 895 1214 953 struxi.
1259 900 1385 972 atquae

68 991 131 1052 sin
154 990 184 1050 lo
206 989 348 1070 syllabam
376 999 485 1054 exeunt
510 994 542 1053 in
570 995 737 1073 praesenti,
760 993 855 1055 nihilo
878 996 976 1055 miuus
998 994 1191 1073 praeteritum
1212 994 1242 1054 in
1263 995 1295 1054 ui
1318 995 1384 1054 mit-

98 1098 181 1161 tunt,
210 1099 245 1154 ut
270 1093 335 1154 volo
363 1095 457 1164 volui,
489 1094 557 1155 nolo
585 1095 681 1166 nolui,
712 1096 777 1157 colo
805 1096 900 1166 colui,
928 1096 1051 1157 consulo
1073 1095 1223 1166 consuluI,
1246 1095 1292 1155 alo
1315 1095 1385 1156 alui.

96 1213 193 1274 pauca
214 1201 371 1275 praeterea
393 1198 425 1257 in
448 1197 571 1258 eandem
594 1199 813 1259 extremitatem
834 1199 956 1259 mittunt
976 1199 1186 1276 praeteritrun,
1208 1215 1385 1276 quamquam

97 1283 240 1375 praesens
269 1297 365 1358 simile
394 1298 601 1378 superioribus
628 1318 687 1361 non
714 1299 859 1370 habeant,
888 1307 983 1367 tremo
1012 1301 1134 1371 tremui,
1163 1315 1249 1376 gemo
1276 1302 1384 1377 gemui,

96 1399 194 1459 t'remc
216 1399 335 1470 fremui,
358 1403 442 1480 rapio
465 1403 561 1481 rapui,
585 1419 741 1480 compesco
763 1403 947 1481 compescui,
970 1408 1057 1462 necto
1073 1402 1171 1471 nexui,
1195 1407 1288 1461 sterio
1310 1410 1385 1461 ster·

55 1523 82 1563 ro
96 1503 159 1570 tui,
182 1509 267 1580 pecto
289 1505 395 1581 perui,
418 1511 486 1563 texo
507 1505 603 1574 texui,
627 1521 750 1564 senesce
765 1505 866 1573 senui,
889 1506 979 1582 gigno
993 1505 1098 1582 genui,
1122 1510 1152 1562 et
1173 1504 1258 1583 siqua
1280 1522 1316 1564 ex
1339 1502 1386 1562 bis

96 1609 324 1681 componuntur.
368 1605 396 1665 vi
429 1604 539 1686 syllaba
566 1609 765 1667 terminantur
797 1607 827 1666 in
861 1607 1024 1685 praeterito
1056 1605 1130 1665 baec
1163 1604 1239 1674 sola,
1277 1622 1386 1683 sperno

94 1705 213 1783 sprevi,
245 1712 346 1767 sterno
378 1710 484 1777 stram,
519 1725 610 1768 cerno
642 1709 740 1778 crevi,
774 1726 841 1770 sero
869 1709 945 1778 seul,
979 1715 1045 1768 tero
1077 1708 1162 1775 trivi,
1191 1724 1280 1786 pasco
1307 1708 1384 1786 pavi,

94 1823 209 1886 quaero
231 1809 378 1887 quaesivi,
401 1809 464 1892 lino
485 1809 552 1880 uvi,
576 1811 702 1890 quiesco'
719 1811 834 1890 quievi,
852 1807 866 1892 Η
884 1812 972 1889 cupio
994 1810 1108 1888 cupivi,
1132 1826 1293 1869 consuesco
1316 1827 1385 1869 con·

94 1910 197 1977 suevi,
220 1916 290 1988 peto
311 1912 418 1990 petivi,
442 1913 524 1990 sapio
547 1913 650 1991 sapivi.
688 1913 720 1972 in
742 1914 752 1972 i
776 1914 946 1991 praeposita
968 1916 1147 1972 consonante
1169 1912 1201 1971 ln
1223 1912 1386 1990 praeterito

9 2023 12 2036 '
54 2035 81 2076 ιι
94 2009 253 2081 desinunt,
277 2030 352 2092 quae
374 2015 405 2073 in
427 2015 578 2092 praesenti
601 2013 638 2074 do
661 2013 773 2094 syllaba
795 2016 994 2075 terminantur
1014 2012 1212 2092 praecedente
1233 2031 1253 2072 n
1275 2012 1384 2082 littera,

94 2119 130 2171 nt
152 2112 262 2173 scando
284 2114 401 2184 scandi,
431 2115 558 2177 ascendo
581 2115 715 2186 ascendi,
745 2114 874 2176 accendo
903 2115 1041 2185 accendi,
1065 2108 1211 2175 descendo
1234 2113 1384 2182 descendi,

94 2213 215 2274 ollendo
243 2213 367 2288 ollendI,
397 2217 494 2296 pando
523 2217 628 2296 pandI,
657 2217 771 2297 prendo
798 2217 920 2297 prendi,
949 2215 1064 2278 mando·
1078 2215 1193 2276 mandi:
1233 2216 1289 2276 trIa
1312 2234 1330 2276 n
1353 2219 1385 2277 ln

92 2317 262 2396 praeterito
284 2319 438 2388 amittunt,
462 2318 553 2379 fundo
575 2319 654 2390 ludi,
678 2319 780 2400 linquo
801 2320 892 2399 liqui,
915 2319 1019 2380 scindo
1042 2318 1132 2379 scidi:
1162 2319 1206 2378 sic
1227 2317 1364 2379 Lucanus

97 2415 99 2420 ’
250 2424 312 2479 aut
334 2419 450 2480 scidit
472 2428 508 2480 et
528 2420 669 2482 medias
691 2421 783 2481 iecit
805 2419 880 2481 sibi
902 2420 1017 2481 lItora
1040 2425 1182 2480 terras:

54 2545 79 2586 so
93 2528 125 2580 et
142 2538 218 2599 qnae
233 2520 331 2580 miuus
347 2539 403 2582 una
419 2520 529 2601 syllaba
544 2524 751 2602 proferuntur,
767 2522 913 2602 producta
927 2524 1024 2602 prima
1038 2520 1150 2600 syllaba
1164 2523 1197 2581 in
1211 2522 1384 2600 praeterim,

93 2641 173 2702 quae
183 2623 220 2683 in
236 2624 386 2702 praesenti
403 2625 580 2703 corripitur,
604 2632 637 2686 ut
651 2628 736 2705 capio
752 2627 832 2704 cepi,
849 2627 926 2686 lacio
942 2626 1014 2693 ieci,
1037 2623 1115 2683 lacio
1129 2623 1198 2694 leci,
1214 2624 1297 2700 fugio
1311 2624 1383 2700 lugi,

92 2725 179 2785 lodlo
205 2725 276 2785 lodi.
321 2743 414 2804 pauca
442 2731 598 2806 praeterea
625 2724 757 2811 eanldem
785 2726 946 2790 clausulam
973 2723 1085 2785 babent
1105 2725 1265 2785 novissima
1285 2725 1385 2786 Ilttera

92 2828 265 2906 praesentis
292 2828 434 2906 temporis
460 2828 493 2887 in
519 2829 529 2886 i
556 2846 711 2899 conversa,
739 2829 824 2889 viaco
853 2831 926 2897 vici,
954 2845 1060 2906 rumpo
1088 2827 1170 2905 rupi,
1199 2824 1279 2886 solvo
1301 2826 1384 2895 solvi,

93 2929 182 2990 volvo
209 2927 299 2998 vole,
328 2928 404 2989 cudo
431 2929 509 2990 cudi.
553 2932 585 2990 in
613 2933 639 2992 si
667 2933 862 3010 praeteritum
889 2933 1010 2991 mittunt
1036 2928 1085 2988 illa
1113 2926 1221 2996 verba,
1249 2945 1326 3007 quae
1354 2929 1384 2988 in

56 3057 81 3096 25
94 3030 251 3109 praesenti
272 3030 310 3090 do
331 3030 377 3091 vel
399 3050 447 3092 mo
470 3031 590 3112 syllabis
612 3035 824 3110 terminantur,
848 3034 874 3092 si
897 3033 938 3092 sit
958 3038 1064 3091 natura
1085 3030 1171 3108 longa
1193 3029 1384 3109 paenultima,

94 3138 129 3191 ut
158 3131 230 3191 ludo
256 3130 328 3203 lusi,
357 3131 442 3193 laedo
471 3132 558 3204 laesI,
587 3135 660 3196 cedo
688 3136 780 3205 cessi,
809 3133 917 3214 plaudo
943 3133 1054 3212 plausi,
1084 3131 1171 3194 trudo
1193 3132 1285 3201 trusI,
1313 3131 1386 3192 rado

94 3235 172 3304 rasi,
202 3232 296 3293 inlido
322 3232 419 3303 inIIsI,
450 3234 547 3296 adlido
576 3236 676 3307 adlisi,
707 3254 810 3316 promo
844 3236 991 3315 prompsi,
1021 3253 1105 3296 sumo
1138 3234 1266 3313 sumpsi,
1300 3232 1386 3293 demo

95 3334 229 3414 dempSI,
257 3352 375 3395 resumo
405 3338 562 3416 resumpsi.
607 3346 638 3398 et
664 3356 781 3417 premo,
810 3338 945 3417 quamvis
975 3344 1111 3416 correpta
1132 3337 1172 3396 sit
1193 3334 1383 3413 paenultima,

95 3438 127 3496 ln
150 3437 276 3498 eandem
299 3437 443 3516 syllabam
465 3439 543 3512 exit,
566 3446 597 3499 et
617 3439 760 3519 quicquid
775 3457 810 3498 ex
826 3457 862 3499 eo
885 3438 1079 3517 componitur,
1104 3444 1137 3497 ut
1151 3454 1255 3516 premo
1276 3437 1383 3514 pressi,

58 3563 82 3605 ao
95 3540 233 3619 exprimo
254 3541 397 3618 expressi,
423 3541 586 3619 comprimo
608 3542 782 3619 compressi.
813 3546 844 3599 et
866 3557 940 3620 quae
963 3539 994 3599 in
1017 3538 1055 3599 bo
1078 3539 1123 3599 vel
1145 3540 1176 3598 ln
1197 3555 1237 3616 po
1259 3535 1386 3616 syllabas

96 3639 254 3708 desinunt,
277 3643 475 3719 praeterItum
497 3641 633 3702 slmiliter
655 3643 687 3702 in
709 3643 735 3701 si
757 3639 900 3720 syllabam
922 3642 1057 3709 mittunt,
1088 3647 1122 3700 ut
1143 3636 1243 3702 scribo
1264 3639 1384 3718 scripsi,

167 3825 285 3877 3sdnuo
303 3855 339 3864 -
356 3826 419 3878 dilui
437 3835 462 3878 et
479 3827 758 3883 indnoindoiom.F;
826 3827 852 3876 in
872 3824 1386 3887 11ιὶιάιοιιιιιιιιιιιιιιιιιιιιιιιιῄιοιιιι-
1425 3847 1428 3855 ·

96 3907 137 3947 tnr
153 3897 182 3960 s)
199 3905 295 3946 mutum
314 3897 339 3947 F
353 3910 385 3945 ex
403 3895 445 3946 his
462 3897 512 3948 dno
530 3905 659 3948 mutantur
675 3906 801 3962 tantump
818 3912 852 3956 es
869 3896 910 3946 bis
926 3896 976 3946 duo
994 3903 1249 3949 notanturtantnms·
1296 3893 1386 3946 bnolo

97 3967 168 4017 nolui
181 3981 227 4020 ora.
245 3965 270 4015 P
337 3965 354 4016 8
373 3965 456 4016 simiIe
473 3965 564 4030 (simili
576 3966 613 4030 F)
633 3967 807 4032 superioribus
825 3965 933 4022 babeant
949 3966 994 4022 Fe
1011 3965 1135 4016 dissimile
1153 3964 1326 4031 superioribus
1340 3963 1387 4014 bs-

96 4038 203 4102 beantp
262 4043 291 4085 ut
308 4044 388 4086 tremo
408 4038 498 4086 tremui
515 4051 590 4103 gemo
610 4037 690 4088 fremo
709 4051 775 4102 pono
792 4037 832 4086 sni
849 4044 935 4102 strepo
952 4036 998 4100 pui
1015 4049 1078 4100 repo
1098 4047 1230 4100 compesco
1250 4042 1323 4084 necto
1340 4035 1386 4083 xui

97 4113 176 4157 sterio
200 4105 236 4156 ιιιί
259 4112 332 4170 pecto
354 4105 400 4155 xui
425 4114 483 4156 texo
508 4109 553 4157 xni
576 4108 655 4174 gigno
676 4107 789 4174 genuip
874 4104 981 4172 llrapio
1000 4105 1085 4170 rapui]
1102 4106 1173 4170 pario
1192 4104 1308 4171 paruiP
1323 4118 1385 4168 paro
1464 4158 1467 4165 ,

98 4177 192 4242 (pareo
207 4173 235 4238 s)
252 4176 326 4240 parui
344 4177 375 4236 F,
394 4191 440 4229 om.
460 4189 477 4234 ς
548 4176 581 4228 10
599 4179 678 4243 gigno
698 4177 788 4244 gignui
805 4176 832 4225 P
848 4190 934 4242 gygno
953 4177 1050 4242 gygnni
1067 4175 1093 4225 F
1109 4177 1188 4242 gigno
1208 4175 1286 4240 genui
1304 4175 1386 4224 incre-

97 4248 174 4296 besco
192 4245 314 4296 lncrebni.
334 4260 392 4294 nam
410 4245 512 4295 lncrebo
528 4260 578 4297 non
597 4249 724 4298 inuenitur
743 4261 760 4304 ς
831 4247 864 4297 12
882 4260 939 4296 sero
958 4246 1026 4294 serni
1041 4253 1094 4295 tero
1112 4245 1177 4295 terui
1197 4244 1221 4293 F
1289 4243 1320 4294 la
1334 4244 1386 4292 lino

99 4316 150 4364 leui
168 4316 209 4367 uel
229 4316 333 4381 lininip
351 4316 408 4365 leno
426 4315 494 4365 lenui
511 4317 536 4366 F
587 4316 619 4368 14
637 4318 709 4383 sapio
728 4315 847 4381 sapui-F
862 4317 936 4381 sapio
953 4316 1027 4380 sapui
1042 4317 1115 4378 seplo
1130 4313 1235 4381 sepuip
1299 4312 1331 4365 18
1349 4313 1387 4362 sic

99 4385 194 4439 Lucan.
215 4387 241 4435 in
260 4385 292 4434 lll
311 4385 460 4436 Patrobiasr
479 4385 515 4435 sic
530 4385 637 4436 lucanus
655 4389 690 4436 ait
705 4386 786 4437 Scidit
801 4393 826 4435 et
843 4387 869 4434 in
882 4385 980 4434 medias
997 4384 1057 4434 lecit
1068 4386 1182 4434 sibilator
1201 4393 1297 4431 uterras
1313 4397 1331 4440 ς
1348 4383 1386 4432 sio

100 4456 205 4506 laicanae
224 4455 300 4506 scidit
317 4465 343 4506 et
361 4456 387 4504 in
407 4455 504 4505 medles
521 4453 590 4516 (rell.
606 4455 664 4522 om.)
676 4473 706 4522 p:
726 4455 898 4507 piarentur
917 4454 950 4506 61
1021 4455 1053 4505 21
1079 4453 1144 4504 facio
1162 4453 1211 4504 leci
1229 4468 1275 4504 om.
1295 4453 1320 4502 F

98 4526 131 4574 22
156 4525 232 4576 lodeo
259 4523 315 4576 lodi
342 4539 397 4575 emo
424 4525 473 4574 emi
497 4523 522 4574 F
606 4526 640 4578 23
656 4526 727 4576 soluo
746 4525 813 4575 solui
841 4525 906 4575 endo
933 4524 991 4574 cudi
1011 4520 1221 4589 noluo(uoloF)
1239 4521 1308 4572 uolui
1326 4506 1385 4577 de:

100 4595 164 4644 codo
183 4595 324 4646 secandum
343 4595 482 4644 DIomeden
501 4602 525 4642 et
542 4593 685 4648 charisium
702 4606 726 4646 et
742 4595 851 4646 Phocam
867 4596 938 4657 cusi,
956 4595 1095 4644 secundnm
1115 4593 1179 4643 alios
1197 4591 1255 4641 cudi
1272 4591 1386 4642 Priscia-

100 4681 145 4714 nus
159 4667 178 4718 l.
195 4665 220 4715 X
236 4680 263 4728 p.
278 4665 339 4729 515,
358 4664 398 4717 16.
419 4665 452 4714 de
470 4663 584 4715 Gdan'sio
602 4667 645 4731 (p.
663 4665 729 4728 246,
748 4665 776 4730 5)
794 4673 820 4716 et
837 4667 924 4717 Pboou
938 4679 1042 4715 errasse
1059 4665 1158 4714 videtur
1173 4662 1330 4713 Praeclarus.
1355 4660 1387 4711 ab

99 4736 279 4798 bderpolmore
301 4741 446 4798 corruptum
463 4749 519 4784 esse
540 4733 648 4786 Paoeam
661 4735 769 4798 patabat
781 4735 925 4786 Bondamas
942 4749 999 4787 aar.
1017 4737 1075 4787 lect.
1094 4748 1122 4796 p.
1140 4731 1192 4782 270
1277 4733 1312 4782 24
1331 4729 1386 4797 ills]

101 4805 196 4867 syllaba
214 4803 408 4870 Fsyllmsme
478 4817 528 4867 qna
546 4814 571 4854 et
588 4805 758 4872 praesemiP
826 4806 861 4856 25
878 4805 956 4870 longa
975 4819 1009 4871 ps
1031 4804 1170 4870 penultima
1187 4802 1211 4850 P
1278 4800 1314 4853 28
1331 4817 1386 4852 cor-

101 4882 175 4939 rupte
192 4875 217 4924 P
286 4873 318 4926 31
337 4873 479 4942 syllaba?
