3350 5442
438 406 639 469 EXCERPTA
661 405 834 468 vaurstva
857 407 918 469 XV.
941 407 1005 469 XVI
1305 405 1365 470 clv

1172 527 1194 568 p.
1208 515 1266 556 vrso.
1281 517 1306 555 aa
1321 515 1343 554 r.

69 587 180 670 εἰσίν,
211 587 433 671 ἐσφρᾶγισται
467 587 729 673 ἐσφραγισμένοι
762 590 849 654 εἰσίν
882 600 912 654 ct
944 592 1064 654 similia.
1108 611 1195 654 omne
1227 611 1368 671 graecum

68 693 201 754 verbum
224 694 413 755 indicativum
437 697 650 774 cuiuscumque
678 698 797 772 generis
825 698 857 755 in
885 697 981 775 prima
1010 697 1056 756 sui
1083 697 1229 775 positione
1252 705 1302 756 ant
1335 699 1365 757 in

69 815 96 854 ω
126 798 205 864 exit,
233 803 266 855 ut
295 795 386 856 λαλᾶ
412 796 564 875 ιτλοντᾶ,
593 807 643 858 aut
670 800 702 857 iu
723 817 793 878 μαι,
817 805 849 858 ut
870 797 1036 878 λαλμᾶμαι
1064 793 1240 878 βούλομαι,
1264 805 1315 859 aut
1336 801 1367 859 in

67 918 123 976 μι,
156 905 190 957 nt
218 897 307 978 φημί
330 896 462 978 adhorta:
490 898 561 958 licet
588 909 618 960 et
645 901 677 958 in
705 919 725 958 α
752 918 819 960 esse
848 900 1002 968 credatur,
1025 901 1094 980 quia
1120 893 1287 979 ἐγρήγορα
1308 918 1366 960 nou
1455 899 1465 920 ⁹

44 1000 148 1059 ¹anulii
176 1000 242 1060 ausi
270 1007 339 1060 suut
366 1003 496 1078 primum
517 999 615 1061 thema
639 1000 722 1061 verbi
746 1005 950 1080 pronuntiare.
996 1001 1073 1081 apud
1097 1001 1225 1061 Graecos
1257 1021 1282 1062 ov
1309 1021 1367 1062 non

69 1101 172 1162 solum
194 1103 226 1162 in
249 1100 359 1172 verbis,
382 1102 435 1162 sed
458 1105 489 1161 in
511 1105 591 1162 omni
606 1112 692 1183 parte
715 1106 859 1165 orationis
882 1104 980 1165 littera
1003 1109 1049 1164 eat
1070 1101 1246 1164 naturaliter
1266 1103 1366 1182 longa:

69 1203 236 1264 latinorum
262 1203 423 1264 verborum
450 1204 537 1264 finale
565 1223 583 1263 o
611 1212 680 1265 sunt
701 1207 751 1284 qui
775 1206 892 1284 longum
918 1207 1083 1275 aestiment,
1112 1213 1181 1266 sunt
1203 1209 1253 1286 qui
1277 1206 1366 1268 breve
1381 1217 1427 1263 τοι
1445 1216 1473 1268 t'.

69 1305 228 1365 ‹letiniant
273 1323 341 1366 nam
369 1305 508 1367 scribone
542 1306 671 1366 oaedone
700 1326 717 1366 ο
748 1326 808 1368 non
835 1309 935 1368 minus
963 1325 1110 1369 consensu
1139 1309 1268 1369 omnium
1298 1328 1366 1388 pro·

69 1403 199 1468 vinctum
226 1406 331 1478 habet,
360 1425 449 1488 quam
476 1427 581 1468 amone
604 1408 736 1470 doceone
763 1411 913 1470 nutrione.
959 1427 1013 1487 ego
1036 1416 1135 1469 tamen
1157 1409 1193 1470 de
1222 1428 1268 1480 re,
1292 1429 1367 1490 quae

36 1529 58 1566 ιο
71 1518 217 1571 auctores
245 1513 344 1588 magni
373 1513 502 1571 nominis
530 1501 666 1572 dubitare
689 1513 776 1580 lecit,
806 1519 917 1572 certam
940 1510 1059 1590 quidem
1088 1529 1145 1571 non
1168 1515 1264 1572 ausim
1288 1513 1367 1572 lerre

70 1614 271 1681 svtntontiam3
294 1612 529 1674 adseveraverim
551 1622 649 1674 tamen
677 1612 850 1691 Vergilium,
874 1616 958 1675 culus
980 1614 1148 1674 auctoritati
1169 1617 1265 1675 omnis
1279 1621 1369 1675 retro
1430 1595 1433 1600 ¹

71 1723 158 1774 artas
188 1722 219 1774 et
247 1733 321 1794 quae
350 1723 449 1776 secuta
478 1723 525 1776 est
551 1717 598 1776 vel
625 1724 767 1795 sequetm·
793 1714 892 1776 libens
920 1717 1062 1785 cesserit,
1090 1734 1107 1774 ο
1134 1714 1221 1776 linale
1250 1719 1281 1776 in
1311 1735 1368 1776 uno

70 1819 199 1876 omnino
226 1815 318 1876 verbo
347 1815 488 1877 adverbio
515 1819 649 1888 nomine,
678 1836 738 1878 uno
764 1819 949 1898 pronomine,
973 1799 1176 1897 corripuisse,¹
1197 1819 1260 1879 scio
1282 1819 1368 1878 medo
1432 1853 1437 1860 ·
1515 1853 1518 1860 ·

69 1920 131 1978 dvvo
161 1936 232 1996 ego,
262 1921 359 1980 ‘scio
388 1937 441 1978 me
470 1919 604 1979 Danais
631 1939 648 1979 e
676 1919 864 1982 elassibus
885 1925 1021 1990 unum'‚
1055 1919 1174 1980 ‘modo
1197 1919 1368 2000 luppiter

35 2023 198 2090 nassit',
222 2021 270 2079 ‘si
293 2020 364 2081 duo
385 2025 613 2100 praeterca’,
638 2027 726 2082 ‘non
749 2039 814 2100 ego
837 2039 915 2082 curn
938 2020 1101 2082 Danais'.

160 2123 203 2182 lle
226 2124 402 2202 imperativo
425 2122 521 2183 modo.
554 2142 672 2203 semper
694 2123 772 2203 apud
795 2110 1025 2184 Graecos‘modi
1049 2123 1202 2184 indicativi
1225 2125 1368 2202 temporis

68 2227 244 2304 praesentis
267 2223 395 2285 secunda
418 2243 545 2303 persona
566 2225 690 2304 pluralis
713 2225 816 2286 eadem
839 2233 885 2286 est
900 2244 974 2306 quae
990 2232 1020 2286 et
1038 2227 1219 2304 imperativi:
1243 2229 1368 2286 ποιεῖτε

68 2339 98 2387 et
121 2331 158 2388 in
181 2326 339 2387 indicativo
360 2327 487 2390 secunda
510 2335 555 2387 est
577 2336 607 2388 et
629 2329 660 2388 in
682 2330 867 2407 imperativo,
891 2327 1005 2408 τιμᾶτε
1027 2327 1194 2406 χρυσοῦτε
1220 2322 1368 2407 γράφετε

68 2430 230 2489 ποιεῖσθε
251 2425 393 2507 τιμᾶσθε
414 2428 610 2507 χροσοῦσθε
632 2423 773 2508 λέγεσθε
794 2426 971 2508 γρᾶφεσθε
993 2437 1023 2490 et
1044 2429 1162 2490 similia.
1194 2429 1248 2489 hac
1264 2429 1366 2508 regula

32 2532 239 2592 anaemariae
265 2531 402 2591 mandata
430 2529 552 2591 alteram
579 2531 776 2601 subiciemns,
805 2539 839 2591 ut
866 2551 924 2593 nna
953 2550 988 2592 ex
1016 2538 1141 2611 utraque
1164 2531 1366 2593 observandae

68 2634 202 2694 rationis
223 2634 386 2692 necessitas
408 2632 574 2710 colligatur.
619 2652 705 2693 omne
728 2633 852 2694 verbum
874 2633 953 2712 quod
975 2635 1006 2693 in
1029 2653 1091 2713 μεν
1119 2633 1229 2694 desinit
1250 2635 1366 2713 qualem

68 2734 287 2814 paenultimam
318 2732 459 2795 habuerit
481 2737 512 2794 in
535 2731 540 2816 1
563 2736 657 2814 prima
679 2753 820 2815 persona,
844 2735 932 2796 talem
955 2737 1131 2797 transmittit
1156 2736 1313 2806 secuntiae,
1337 2737 1366 2796 id

67 2845 115 2896 est
139 2843 259 2914 tempus
281 2837 390 2896 retinet
411 2835 457 2894 vel
479 2837 640 2915 productae
662 2838 709 2898 vel
732 2837 833 2898 brevis
856 2835 999 2916 syllabae,
1033 2835 1204 2916 λαλοῦμεν
1225 2836 1366 2916 λαλεῖτε,

68 2941 143 3018 quia
172 2941 205 2998 in
227 2941 324 3018 prima
346 2957 389 2998 ον
417 2945 495 3008 erat,
526 2946 556 2998 et
583 2941 614 2999 in
642 2938 771 3000 secunda
795 2958 824 3001 ει
852 2938 1051 3017 diphthongus
1073 2957 1166 3018 aeque
1189 2939 1275 3018 longa
1298 2959 1364 3000 suc·

31 3061 55 3099 a·
68 3041 180 3100 cessit:
197 3038 344 3120 τιμῶμεν
358 3037 482 3119 τιμᾶτε,
498 3059 544 3119 μα
556 3041 640 3119 longa
656 3041 767 3120 syllaba
781 3040 879 3102 locum
895 3059 983 3120 quern
998 3043 1029 3100 in
1040 3044 1146 3117 prima
1155 3061 1207 3120 μα
1222 3039 1367 3103 habuerat

67 3143 244 3220 occupavit:
273 3139 509 3220 στεφανοῦμεν
538 3141 762 3223 στεφανοῦτε,
791 3142 893 3204 eadem
922 3142 1122 3222 diphthongus
1150 3147 1365 3223 perseveravit:

68 3241 228 3323 λέγομεν,
258 3246 326 3322 quia
353 3263 372 3303 ο
399 3243 499 3302 littera
529 3243 629 3304 brevis
656 3253 709 3314 est,
737 3242 866 3323 λέγετε,
891 3263 906 3306 ε
928 3261 1021 3325 aeque
1043 3254 1147 3306 natura
1176 3245 1296 3305 brevem
1320 3264 1365 3306 re·

67 3347 157 3425 cipit.
188 3354 218 3406 at
245 3348 275 3405 in
303 3347 500 3415 coniunctivo,
530 3349 598 3426 quia
625 3347 764 3426 producit
785 3347 1004 3427 paenultimam,
1033 3340 1093 3407 ἐᾶν
1115 3342 1276 3428 λέγωμεν,
1299 3348 1366 3408 ideo

68 3457 98 3508 et
123 3451 157 3509 in
181 3448 309 3508 secunda
332 3465 468 3527 persona,
494 3441 554 3509 ἐᾶν
576 3443 702 3528 λέγητε,
726 3449 865 3528 produxit
887 3468 903 3509 ε
925 3450 955 3508 in
977 3468 998 3528 η
1020 3449 1170 3509 mutando.
1215 3451 1240 3510 si
1273 3451 1365 3526 igitur

30 3567 55 3607 ao
69 3545 257 3628 φεύγωμεν
279 3551 406 3628 primam
429 3567 587 3629 personam
610 3553 780 3630 imperativi
808 3570 874 3612 csse
897 3551 1039 3620 dicemus,
1062 3553 1197 3630 sequitur
1220 3559 1266 3620 ut,
1296 3553 1365 3630 quia

67 3655 98 3712 in
124 3669 191 3730 μεν
213 3653 275 3711 exit
297 3671 324 3712 ω
346 3652 554 3731 praecedente,
578 3655 667 3712 etiam
691 3653 837 3713 secundae
854 3671 997 3733 personae
1020 3651 1230 3731 paenultimam
1253 3671 1288 3714 ex
1311 3671 1363 3712 ne·

68 3756 214 3814 cessitate
236 3753 390 3832 producat.
435 3755 513 3834 qued
542 3756 567 3815 si
596 3763 655 3824 est,
679 3749 826 3835 φεύγητε
849 3756 952 3825 laeiet,
981 3773 1069 3834 quem
1097 3755 1133 3816 ad
1161 3754 1280 3815 modum
1304 3749 1365 3816 ἐᾶν

67 3852 225 3935 λέγωμεν
253 3848 314 3916 ἐᾶν
342 3852 468 3936 λέγητε.
507 3856 560 3916 sed
582 3858 716 3917 constitit
738 3857 861 3918 eandem
885 3875 1003 3936 semper
1025 3875 1090 3917 esse
1113 3856 1272 3917 secundam
1295 3875 1363 3936 per·

67 3976 177 4018 sonam
205 3943 388 4037 imperativi,
417 3977 492 4037 quae
522 3966 551 4018 et
578 3957 732 4019 indicativi
754 3961 826 4030 luit;
861 3953 1003 4038 φεύγετε
1031 3967 1128 4019 autern
1150 3961 1182 4018 in
1204 3958 1364 4019 indicativo

31 4063 146 4128 valuit,
177 4076 234 4118 non
265 4056 421 4139 φεύγητε.
467 4079 502 4119 ea
529 4060 577 4120 his
604 4059 753 4138 colligitur
775 4079 872 4141 neque
902 4060 989 4122 aliam
1012 4063 1180 4142 imperativi
1204 4061 1362 4122 secundam
1455 4074 1456 4083 ¹

67 4179 230 4243 porsonam
253 4179 319 4222 esse
341 4164 399 4222 nisi
422 4156 575 4241 φεύγετε,
599 4165 707 4223 necin
729 4163 926 4223 declinatione
953 4159 1095 4242 φεύγετε
1117 4164 1275 4224 secundam
1298 4182 1363 4223 esse.

67 4282 160 4344 posse
189 4271 256 4342 post
283 4258 478 4343 φεύγωμεν,
502 4272 531 4324 et
558 4264 627 4325 idco
648 4261 828 4346 φεύγωμεν
855 4283 913 4324 non
942 4273 1040 4344 potest
1066 4267 1233 4345 imperativi
1266 4267 1362 4345 prima

67 4386 139 4428 esse
174 4384 311 4445 persona.
361 4368 551 4427 manifestum
585 4375 630 4427 est
664 4385 735 4446 ergo
769 4368 975 4447 imperativum
1007 4383 1063 4428 nec
1096 4367 1278 4444 singularem
1307 4387 1363 4428 nec

67 4467 221 4550 pluralem
248 4467 359 4527 habere
387 4472 513 4547 primam
542 4486 708 4547 personam.
753 4489 820 4530 eum
849 4477 947 4530 autem
976 4469 1101 4530 dicimus
1133 4471 1281 4548 fugiamus
1303 4471 1362 4530 dis·

30 4589 175 4631 vocamus
197 4572 364 4630 nutriamus
390 4587 507 4631 aremus
530 4571 687 4632 doceamus
716 4581 746 4631 et
767 4571 888 4642 similia,
923 4572 959 4632 ad
987 4571 1202 4632 exhortativum
1232 4575 1369 4642 sensum,

99 4725 462 4820 'recasanpasaoar
528 4759 560 4806 14
572 4753 639 4822 sevo]
658 4757 735 4822 νειμ.
748 4757 861 4810 Aoum
875 4758 924 4807 coa
986 4753 1074 4824 moro]
1093 4760 1170 4823 rap.
1188 4759 1255 4808 Aen.
1268 4761 1300 4807 ιιι
1314 4761 1362 4809 11e

141 4828 173 4875 15
184 4825 216 4888 sil
233 4825 312 4889 Verp.
326 4826 392 4875 Aen.
405 4824 440 4874 Xl
453 4825 504 4875 285
572 4823 632 4890 uon]
650 4825 727 4890 Verp.
742 4827 807 4876 Aera.
823 4826 930 4875 vilitat
999 4827 1031 4876 18
1049 4837 1073 4876 et
1088 4827 1114 4875 in
1131 4827 1269 4876 indicativo
1282 4827 1363 4878 [amu

69 4905 94 4944 rt
112 4895 251 4944 indicatiuo
264 4894 287 4943 P
353 4895 387 4943 25
399 4895 481 4959 prima
493 4909 538 4945 orn.
551 4894 577 4942 P

122 4982 299 5026 onauararvu
314 4981 404 5025 vnrvvv
419 4982 444 5024 v.
1117 4979 1160 5042 40
