3350 5442
305 346 365 411 198
873 345 1025 410 conruit

327 470 348 511 p.
362 455 486 498 230-321.

303 537 462 616 analogiae.
508 538 550 597 ait
578 538 658 597 enirn
680 536 789 598 Caesar
817 536 891 597 ‘nisi
914 537 1014 597 omnia
1036 539 1224 599 consentiant
1244 539 1321 600 inter
1345 558 1393 615 se,
1417 558 1478 601 non
1498 546 1589 621 potest

302 642 366 701 fieri
388 646 420 701 ut
442 640 571 701 nominis
594 638 755 701 similitudo
778 640 844 700 sit’.
889 644 960 719 puta
983 638 1087 701 doctus
1110 647 1141 700 et
1162 647 1262 719 aptus:
1287 660 1358 702 ecce
1383 638 1388 723 Ι
1410 640 1469 702 boc
1490 660 1589 703 nomen

303 743 384 804 omni
406 748 491 821 parte
514 742 678 813 consentit,
701 741 813 803 idcirco
836 748 867 802 et
888 739 1025 803 similiter
1048 740 1223 805 declinatur.
1269 743 1375 806 doctus
1397 746 1483 805 cuius
1505 744 1589 824 ‹qnali-

303 846 371 906 tatis
394 844 455 905 esti
479 841 680 923 appellativae,
705 851 734 905 et
756 851 844 923 aptus
866 841 1014 924 qualitatis
1037 852 1081 905 est
1103 842 1309 925 appellativae;
1333 865 1404 907 ecce
1426 846 1590 908 similitudo.

303 947 407 1009 doctus
430 948 671 1025 conparationem
695 946 815 1024 recipit,
840 944 955 1006 doctior
971 945 1171 1018 doctissimus,
1196 955 1226 1008 et
1247 955 1333 1029 aptus
1355 949 1613 1029 conparationem

301 1052 424 1130 recipit,
448 1050 545 1129 aptior
568 1050 754 1129 aptissimus;
778 1067 848 1109 ecce
863 1050 1002 1126 congruit
1016 1051 1198 1129 conparatio.
1230 1068 1338 1128 genus:
1362 1051 1468 1112 doctus
1482 1053 1595 1129 generis

303 1153 460 1215 masculini
483 1158 541 1221 est,
566 1158 652 1231 aptus
674 1150 971 1229 generis'masculini
994 1158 1055 1222 est,
1079 1160 1108 1213 et
1129 1158 1289 1231 utrumque
1305 1152 1428 1215 mobile:
1452 1154 1595 1215 namhoc

302 1259 334 1317 in
356 1274 468 1335 genere
490 1254 659 1334 sequimur,
684 1260 711 1313 et
734 1271 828 1332 genus
851 1260 881 1314 et
902 1252 1113 1326 mobilitatem,
1137 1254 1240 1316 doctus
1255 1236 1340 1317 ddcta
1357 1257 1495 1327 doctum,
1519 1264 1596 1337 aptus

304 1364 371 1438 aprta
399 1364 509 1438 aptum.
552 1357 670 1417 numeri
697 1354 870 1434 singularis,
901 1353 949 1415 bic
976 1355 1095 1426 doctus,
1124 1355 1173 1417 bic
1204 1365 1298 1437 aptus
1343 1359 1436 1437 figura
1466 1358 1594 1438 simplex,

305 1461 410 1521 cinctus
438 1457 577 1540 simplex,
607 1466 693 1538 aptus
720 1456 856 1538 simplex.
900 1475 986 1518 casus
1014 1466 1059 1518 est
1086 1460 1298 1531 nominativus,
1326 1459 1377 1523 bic
1404 1460 1524 1531 doctus,
1552 1460 1628 1520 bico

303 1540 398 1642 aptus.
431 1563 527 1623 exitus
542 1559 736 1642 syllabarum:
762 1567 792 1620 et
812 1558 886 1620 illud
902 1561 934 1620 in
955 1579 992 1621 us
1015 1560 1074 1621 exit
1098 1567 1127 1621 et
1149 1559 1220 1621 illud
1242 1564 1275 1622 in
1297 1581 1342 1630 us,
1366 1570 1461 1642 aptus,
1486 1562 1595 1624 doctus.

304 1664 551 1745 paenultimorum
568 1666 793 1725 consonantium
809 1664 899 1723 ratio:
924 1662 996 1723 duas
1018 1662 1109 1723 babet
1129 1662 1203 1724 illud
1226 1672 1424 1727 consonantes
1446 1664 1597 1734 doctus,c

306 1775 335 1829 ct
355 1776 381 1841 t,
407 1776 436 1827 et
458 1774 543 1846 aptus
567 1765 638 1827 duas
660 1764 751 1828 babet
773 1772 982 1835 consonantes,
1005 1783 1025 1845 p
1048 1772 1078 1826 et
1100 1773 1125 1835 t;
1150 1784 1221 1844 ergo
1244 1767 1319 1827 duae
1340 1775 1410 1828 sunt
1432 1786 1598 1829 consonan-

307 1877 351 1930 tes
372 1870 402 1929 in
424 1866 475 1929 illo
498 1869 628 1941 nomine,
652 1874 681 1929 et
703 1870 734 1928 in
756 1866 806 1928 illo
829 1868 951 1928 nemim
974 1867 1050 1929 duae
1071 1874 1142 1929 sunt
1163 1876 1370 1929 consonantes.
1401 1868 1512 1931 deinde
1525 1870 1598 1930 ratio

305 1979 487 2051 temporum:
517 1969 613 2031 brevis
636 1978 681 2032 est
702 1969 820 2041 doctus,
847 1975 877 2029 et
897 1976 984 2049 aptus
1006 1969 1105 2031 brevis
1127 1976 1181 2031 est.
1225 1971 1293 2031 ideo
1315 1968 1451 2031 similiter
1474 1970 1599 2032 declina·
1612 1988 1633 2025 c

307 2082 369 2141 tar,
400 2072 447 2133 bic
477 2074 580 2134 doctus
602 2072 651 2132 bic
674 2078 775 2152 aptus,
805 2072 894 2133 buius
922 2071 1002 2133 docti
1025 2072 1111 2133 buius
1133 2074 1207 2152 apti,
1232 2073 1301 2136 buic
1323 2073 1410 2134 docto
1431 2072 1503 2134 huic
1525 2084 1599 2153 apto,

306 2175 386 2235 bunc
417 2174 535 2235 doctum
563 2174 642 2235 bunc
670 2181 786 2254 aptum,
816 2181 847 2235 et
874 2192 910 2234 ex
937 2175 1043 2235 ordine
1071 2193 1174 2235 omues
1201 2194 1286 2237 casus
1307 2174 1420 2236 similes
1442 2183 1522 2236 sunt.
1566 2175 1600 2234 da

307 2295 397 2337 urium
420 2276 538 2355 aliquod
563 2295 686 2346 nomen,
719 2274 724 2357 l
754 2276 804 2337 ubi
832 2275 877 2337 vel
905 2294 964 2337 una
992 2295 1042 2337 res
1070 2277 1232 2357 discrepet,
1257 2284 1287 2337 et
1307 2279 1364 2338 iam
1388 2296 1449 2339 non
1471 2279 1603 2358 sequitur

306 2380 383 2439 ratio
411 2379 628 2440 declinationis.
672 2386 705 2440 ut
732 2387 802 2460 puta
828 2377 914 2459 lepus
944 2388 973 2440 et
1000 2378 1101 2459 lupus,
1135 2380 1165 2439 in
1194 2381 1249 2440 ista
1277 2380 1375 2440 omnia
1403 2381 1601 2449 consentiunt

307 2500 365 2542 uxta
393 2500 427 2542 re
455 2488 568 2543 tantum
596 2482 671 2543 tiuut
698 2481 917 2542 dissentientes.
962 2489 1093 2541 ceterum
1121 2480 1208 2560 lupus
1230 2478 1379 2561 qualitatis
1400 2481 1635 2562 appellativaen

308 2592 337 2645 et
358 2581 432 2645 illud
454 2583 589 2645 similiter
612 2600 631 2637 a
655 2582 824 2663 corporale:
851 2576 1095 2663 conparationem
1118 2602 1178 2644 non
1200 2585 1309 2663 recipit
1330 2582 1428 2663 lepus,
1453 2602 1510 2644 nec
1531 2583 1602 2644 illud

307 2688 550 2765 conparationem
577 2687 685 2766 recipit
706 2684 807 2765 lupus:
831 2674 923 2746 'casus
945 2687 1159 2757 nominativus,
1182 2686 1276 2763 figura
1298 2684 1439 2765 simplex,
1464 2704 1604 2747 nurnerus

308 2787 482 2863 singularis,
510 2787 591 2848 idem
620 2790 729 2857 exitus,
760 2786 845 2867 lepus
872 2786 976 2867 lupus:
1011 2788 1131 2849 eaedem
1155 2795 1365 2857 consonantes:
1394 2806 1453 2849 una
1477 2787 1604 2850 estillic

308 2907 490 2959 consonans,
515 2897 545 2950 ct
564 2888 627 2949 illic
648 2908 706 2950 una
729 2897 773 2950 est
795 2908 975 2951 consonans:
1005 2889 1109 2951 eadem
1131 2891 1206 2951 ratio
1228 2897 1412 2970 temporum;
1441 2890 1540 2951 brevis
1562 2898 1605 2951 est

308 2993 372 3063 illa,
396 2999 425 3052 et
446 2989 495 3050 illa
519 2990 618 3053 brevis
647 2997 700 3051 est.
747 2999 776 3052 et
803 2991 889 3073 lepus
910 2991 1093 3053 declinamus
1114 2991 1163 3052 bic
1186 2990 1269 3072 lepus
1290 2989 1379 3053 buius
1400 2991 1514 3071 leporis
1536 2992 1637 3053 buicss

308 3095 419 3173 lepori,
444 3092 493 3153 bic
515 3091 602 3173 lupus
624 3092 713 3154 buius
735 3093 798 3176 lupi
823 3094 891 3155 huic
914 3094 994 3174 lupo.
1039 3112 1149 3173 genus:
1174 3092 1221 3154 bic
1243 3092 1331 3172 lupus
1354 3093 1481 3155 dicimus
1504 3095 1606 3156 ethic

309 3195 409 3275 lepus;
433 3194 593 3256 sedunum
610 3194 773 3275 discrepat,
790 3196 955 3267 mobilitas,
980 3216 1068 3277 qoam
1083 3196 1209 3257 diximus
1226 3212 1290 3256 esse
1309 3196 1494 3265 servandam,
1519 3195 1606 3276 lupus

309 3300 379 3360 iacit
401 3296 485 3377 lupa,
508 3296 594 3377 lepus
616 3316 676 3358 nou
698 3300 769 3359 iacit
791 3298 865 3379 lepa.
902 3299 1078 3379 discrepavit
1098 3301 1130 3359 in
1152 3316 1273 3377 genere,
1297 3305 1326 3357 et
1347 3306 1471 3377 propter
1493 3297 1606 3359 discre-

309 3402 441 3482 pantiam
468 3401 586 3477 generis
614 3407 727 3462 mutata
755 3410 800 3462 est
826 3399 995 3463 declinatio.
1039 3418 1111 3479 ergo
1140 3408 1185 3461 est
1212 3399 1291 3478 quod
1314 3399 1401 3470 dixit,
1425 3402 1547 3461 nomina
1569 3400 1605 3461 ad

310 3520 430 3564 omnem
452 3500 674 3563 similitudinem
698 3521 761 3564 esse
783 3502 967 3564 declinanda.
1012 3510 1146 3563 ceterum
1168 3504 1193 3563 si
1215 3520 1273 3563 una
1296 3520 1346 3563 res
1369 3502 1507 3573 deluerit,
1529 3504 1640 3563 scires

311 3604 454 3667 dehemus
476 3606 615 3684 quoniam
639 3625 698 3666 nou
722 3612 779 3666 stat
799 3607 875 3667 ratio
899 3604 1113 3667 declinationis.
1348 3669 1350 3676 ,

396 3707 472 3780 Quid
496 3708 629 3787 deipsis
651 3707 829 3787 generibus?
860 3708 941 3770 uude
967 3726 1127 3788 possumus
1154 3726 1264 3786 genera
1286 3706 1439 3768 inveniret
1461 3725 1497 3767 ex
1521 3707 1607 3766 dimi-

312 3811 449 3879 nutionc;
474 3810 615 3878 diminue,
640 3820 669 3870 ct
690 3811 805 3871 invenis
827 3829 931 3889 genus
965 3818 1037 3890 puta
1060 3809 1173 3881 tabula,
1198 3811 1298 3870 nescio
1321 3810 1407 3870 cuius
1428 3811 1549 3887 generis
1570 3812 1609 3870 sit

381 4088 398 4137 2
416 4085 464 4134 boc
482 4098 575 4133 nomen
593 4084 689 4133 nomini
703 4083 809 4149 pariet}
826 4082 875 4132 boc
892 4085 917 4147 (i
929 4098 997 4133 corr.
1010 4082 1074 4133 baec
1088 4083 1117 4147 α)
1135 4098 1226 4133 nomen
1241 4083 1337 4132 nomini
1352 4123 1377 4135 ,.
1394 4092 1448 4133 arte
1463 4079 1609 4149 (partea*)

313 4157 337 4207 A
408 4151 592 4221 dsimilitudo]
618 4154 695 4204 simili
715 4153 835 4203 modoB
907 4153 938 4204 13
963 4170 980 4219 p
1004 4163 1030 4202 et
1051 4163 1140 4219 tergo
1160 4154 1306 4203 duaesunt
1327 4162 1498 4201 consonantes
1519 4153 1546 4200 in
1565 4153 1609 4201 itio

313 4226 415 4277 nomine
434 4226 496 4275 etin
508 4225 550 4274 illo
562 4224 663 4275 nomine
680 4224 744 4273 duae
759 4232 818 4273 sunt
833 4237 1003 4273 consonantes
1022 4224 1093 4275 BOa
1110 4240 1125 4289 p
1145 4232 1169 4272 et
1187 4232 1198 4271 t
1215 4232 1334 4289 rumpunt
1353 4222 1456 4287 regulas
1472 4221 1533 4272 illae
1545 4238 1611 4289 ergo

314 4299 380 4347 duae
399 4302 458 4345 suut
475 4304 646 4345 consonantes
660 4296 684 4343 A
756 4293 788 4345 1u
803 4294 829 4343 iu
846 4310 893 4347 om.
913 4295 946 4356 A,
966 4294 1028 4347 add.
1048 4310 1066 4342 α
1135 4293 1169 4342 20
1190 4293 1237 4343 sed
1254 4308 1305 4342 una
1322 4309 1350 4341 re
1368 4293 1395 4342 0.
1414 4300 1524 4341 ceteram:
1538 4293 1565 4342 ia
1579 4296 1611 4343 iis

314 4383 379 4433 qaue
396 4374 534 4431 sequutum·
548 4366 611 4415 ordo
630 4366 760 4415 verborum
775 4364 802 4413 in
820 4364 946 4415 codicibus
960 4364 1124 4427 perturbatus
1137 4379 1193 4416 erse
1208 4364 1316 4416 uidetur.
1337 4378 1395 4412 aum
1411 4378 1476 4427 quae
1492 4363 1566 4425 iufra
1579 4364 1612 4413 de

233 4462 237 4466 ·
314 4438 481 4487 declinatione
499 4444 524 4487 et
543 4436 685 4500 degenere
704 4436 832 4502 utriucqoe
849 4438 952 4485 nominc}
971 4437 1068 4497 scripta
1085 4443 1156 4497 sunt,
1176 4436 1223 4485 buc
1240 4434 1385 4485 reuocanda
1403 4440 1491 4492 aaut,
1512 4448 1566 4482 nna
1582 4449 1612 4483 re

315 4515 412 4557 tantum
430 4504 494 4555 liunt
514 4506 703 4568 dissentientes,
723 4519 830 4572 genere:
855 4504 897 4554 bic
915 4506 991 4569 lopus
1009 4506 1118 4555 dicimus
1133 4533 1166 4541 -
1181 4518 1232 4553 non
1250 4503 1313 4554 iacit
1329 4504 1396 4569 lepa.
1429 4509 1453 4552 et
1470 4502 1546 4567 lepus
1565 4503 1612 4551 de-

299 4576 437 4625 clinamus
463 4575 504 4625 bic
529 4575 602 4640 lepus
626 4575 701 4625 buius
725 4576 821 4640 leporis
839 4574 901 4624 hnic
924 4576 1018 4641 lepori,
1042 4576 1118 4641 lupus
1141 4574 1183 4624 bic
1200 4573 1277 4638 lupus
1295 4573 1374 4627 huius
1390 4572 1444 4637 lupi
1461 4570 1524 4621 baie
1536 4572 1610 4637 lupo.

317 4656 427 4696 ceterum
445 4647 521 4710 lupus
540 4654 586 4696 etc.
658 4645 785 4709 qualitatis
808 4643 977 4711 appellativae
996 4653 1021 4696 et
1039 4646 1104 4696 illud
1122 4644 1254 4709 similiter,
1275 4645 1334 4693 item
1352 4640 1486 4707 corporale
1503 4649 1529 4692 et
1546 4642 1612 4692 illud

316 4716 431 4765 similiter
446 4716 749 4768 coniecitLindemcnuua
836 4715 871 4767 23
889 4716 979 4765 eadem
996 4724 1165 4767 consonantes
1182 4714 1208 4763 A
1296 4714 1349 4763 illic
1369 4726 1513 4762 consonans
1532 4728 1550 4762 a
1575 4713 1614 4762 illi

317 4799 460 4837 consonans
479 4785 561 4836 ABG
629 4786 664 4834 at
686 4785 771 4835 breuis
796 4794 821 4835 et
841 4787 921 4848 (corr.
941 4788 1026 4850 esta)
1047 4786 1091 4836 illa
1116 4795 1142 4835 et
1159 4784 1204 4835 illa
1224 4784 1310 4835 breuis
1327 4792 1366 4836 est
1381 4782 1464 4834 ABc
1533 4781 1569 4834 26
1589 4792 1614 4833 et

317 4855 437 4909 011.Αο
503 4855 534 4907 31
554 4855 765 4905 declinationibus
783 4856 808 4905 A
