3350 5442
256 335 319 400 202
824 340 975 401 ronrssu

282 446 442 501 pum-411..

257 536 367 588 vester:
391 526 446 587 alia
470 528 645 607 pronomina
668 546 728 588 non
750 528 890 588 invenies.
930 525 981 587 sed
1006 526 1106 588 dicere
1128 527 1201 589 mihi
1223 528 1329 601 habes,
1354 528 1453 590 dixisti
1475 530 1550 590 milri

256 628 311 690 alia
339 630 522 710 pronomina·
541 647 601 689 uon
629 630 771 701 inveniri,
800 628 853 691 sed
881 630 980 691 inveni
1010 629 1077 691 alia.
1123 630 1189 691 dico
1217 630 1285 703 tibi,
1315 648 1370 710 ego
1398 632 1457 693 dixi
1481 633 1550 712 quia

255 750 313 792 non
337 738 405 791 sunt
426 732 618 810 primigenia,
648 750 723 812 quae
746 732 817 793 dicit
838 734 947 802 Varro,
977 730 1028 793 sed
1058 731 1221 794 deductiva.
1266 733 1390 795 multum
1413 736 1549 803 interest,

255 840 354 894 utrum
383 834 420 893 sit
447 832 556 911 aliquid
584 834 718 895 naturale
746 853 783 895 an
819 831 959 915 [aliquid]
988 833 1190 895 derivativum.
1236 843 1307 915 puta
1341 836 1445 907 Troia,
1482 834 1549 896 dico

254 936 416 1006 'lroianus3
439 937 497 997 iam
513 936 659 997 'lroianus
682 956 742 998 non
766 943 810 998 est
830 954 960 1007 novum,¹
980 936 1032 997 sed
1054 938 1134 997 venit
1155 936 1193 998 ab
1215 956 1251 998 eo
1274 938 1353 1017 quod
1376 946 1421 1000 est
1442 938 1579 1001 Troiazs

254 1038 422 1117 Troiugena
444 1056 505 1099 uon
528 1047 572 1100 est
594 1058 716 1111 novum,
741 1039 793 1101 sed
815 1040 896 1099 venit
918 1037 956 1099 ab
978 1057 1014 1099 eo
1036 1039 1115 1120 quod
1139 1046 1184 1099 est
1206 1040 1310 1102 Troia:
1344 1037 1464 1101 Troilus
1487 1058 1548 1101 uon

255 1148 300 1201 est
326 1158 448 1213 novum,
477 1141 530 1204 sed
557 1143 637 1203 venit
665 1142 700 1203 ab
723 1140 773 1203 illa
801 1140 991 1202 derivatione.
1038 1139 1099 1202 noli
1121 1135 1193 1219 ergo
1214 1141 1288 1203 milri
1310 1141 1315 1224 Ι
1339 1141 1453 1211 dicere,
1478 1160 1548 1204 ecce

255 1260 328 1305 nora
355 1245 469 1313 inveni;
498 1262 567 1304 nam
595 1243 662 1304 dico
691 1242 759 1313 tibi,
786 1245 843 1304 ista
872 1248 941 1304 sunt
961 1244 1152 1322 primigenia,
1176 1252 1275 1305 cetera
1297 1251 1395 1306 autem
1419 1243 1548 1305 deducta

253 1352 323 1406 sunt
349 1345 427 1407 inde.
473 1364 564 1426 quare
592 1346 652 1406 dixi
679 1344 732 1405 tibi
760 1345 830 1416 hoo,
861 1346 998 1424 qnoniam
1027 1346 1129 1423 viginti
1157 1355 1186 1406 et
1213 1365 1303 1408 unum
1332 1353 1400 1407 sunt
1431 1353 1547 1409 tautum

254 1448 447 1527 pronomina?
483 1467 521 1509 ne
548 1455 635 1527 putes
657 1430 712 1509 alia¹
733 1466 809 1527 quae
831 1448 946 1508 invenis
968 1448 1022 1509 alia
1046 1464 1112 1509 osse
1132 1450 1318 1527 pronomina.
1363 1466 1424 1509 non
1446 1456 1548 1510 autem
1565 1470 1591 1507 ro

254 1557 322 1611 sunt
344 1568 434 1621 nova,
458 1549 509 1611 sed
534 1549 600 1611 dico
622 1550 675 1611 ribi
700 1550 776 1628 qnod
799 1547 849 1609 illa
872 1550 969 1609 omnia
993 1568 1195 1629 quaecumque
1218 1551 1380 1621 inveneris,
1404 1550 1548 1632 quidquid

254 1651 326 1714 illud
355 1661 413 1722 est,
442 1652 513 1714 hinc
541 1654 685 1731 originem
714 1650 834 1713 ducunt.
879 1658 950 1730 puta
979 1668 1034 1729 ego
1056 1670 1223 1731 pronomen
1245 1661 1304 1714 est:
1343 1672 1452 1732 egone,
1477 1671 1549 1715 ecee

253 1752 347 1824 aliud;
376 1774 436 1816 non
465 1766 509 1816 est
536 1761 633 1815 eutem
662 1752 756 1823 aliud,
785 1752 838 1815 sed
866 1755 1033 1832 conpositio
1058 1760 1105 1815 est
1130 1756 1340 1834 potiusquam
1370 1772 1548 1835 pronomen.

155 1938 161 1949 ,
254 1858 320 1936 quis
347 1876 513 1946 pronomen
541 1864 600 1917 est:
634 1858 666 1917 lrt
691 1855 762 1916 inde
791 1856 942 1935 quisnam,
971 1855 1004 1916 lit
1031 1856 1100 1917 iude
1122 1858 1292 1937 quisquam,
1321 1857 1354 1917 ιιι
1374 1858 1445 1918 inde
1468 1858 1548 1938 quis·

151 2688 210 2747 tto,
224 2688 239 2735 4

151 2758 209 2817 500,
223 2758 238 2806 7

254 1962 347 2038 piam,
377 1961 408 2020 lit
434 1960 503 2021 inde
532 1958 651 2038 uliquis;
680 1956 761 2018 vides
784 1957 849 2036 quia
874 1958 986 2028 omnia,
1015 1976 1091 2037 quae
1112 1958 1201 2037 frunt,
1230 1957 1300 2019 hinc
1322 1957 1435 2020 habeut
1457 1960 1593 2038 origi-1⁵

254 2080 331 2122 nem.
378 2079 449 2140 ergo
471 2060 553 2122 vides
576 2061 631 2121 alia
655 2060 830 2139 pronomina
854 2077 913 2119 non
937 2077 1012 2138 esse.
1048 2061 1163 2122 namsi
1187 2062 1336 2121 inveneris
1358 2059 1414 2121 alia
1437 2080 1549 2141 prono·

254 2163 348 2233 mina,
372 2164 537 2244 conpositio
559 2164 590 2224 in
612 2163 684 2243 ipsis
707 2162 796 2223 elficit
818 2162 992 2231 novitatem3
1017 2169 1156 2224 ceterum
1171 2162 1242 2224 hinc
1256 2165 1401 2241 originem
1424 2163 1548 2225 habent.

337 2264 415 2343 Ergo
442 2265 497 2325 ista
523 2271 592 2326 sunt
620 2265 699 2325 linita
722 2265 909 2344 pronomina.
955 2281 1010 2342 ego
1032 2266 1154 2343 penitus
1176 2265 1288 2326 linitum
1312 2273 1436 2327 estnec
1457 2264 1552 2326 habet

255 2366 384 2449 aliquam
399 2366 590 2429 dubietatem.
620 2367 733 2427 finitum
756 2373 856 2427 autem
878 2364 988 2427 dicitur
1009 2384 1188 2445 pronomen,
1213 2367 1331 2447 quando
1354 2366 1456 2428 delinit
1477 2385 1548 2447 per·

252 2487 365 2531 sonam.
410 2475 443 2531 ut
471 2476 540 2548 puta
569 2486 639 2547 ego:
676 2467 794 2555 quando
821 2467 888 2528 dico
916 2486 985 2547 ego,
1015 2486 1076 2529 nou
1103 2477 1190 2548 potes
1216 2468 1344 2547 aliquem
1372 2467 1592 2548 intellegerem

252 2571 356 2642 alium,
381 2572 434 2633 sed
457 2589 519 2641 me,
550 2572 601 2650 qui
627 2568 742 2650 loquor.
787 2571 858 2631 item
880 2576 913 2630 tu
936 2569 1055 2649 quaudo
1078 2569 1159 2641 dico,
1184 2589 1244 2631 non
1266 2570 1551 2651 potesintellegere

253 2673 356 2745 aliurn,
379 2673 431 2735 sed
453 2675 551 2753 ipsum
573 2672 684 2743 solum,
709 2671 745 2733 ad
767 2690 856 2751 quem
879 2671 983 2749 dirigis
1002 2689 1181 2733 sermonem.
1216 2673 1267 2734 ille
1288 2692 1359 2735 vero
1381 2673 1473 2735 habet
1495 2673 1549 2736 ali·

252 2795 339 2856 mam
362 2775 573 2837 differentiam:
610 2794 678 2837 cum
701 2774 809 2835 debeat
830 2773 1006 2835 naturaliter
1028 2776 1142 2836 linitum
1166 2793 1231 2836 esse
1255 2771 1259 2856 Ι
1283 2773 1347 2845 ille,
1370 2784 1471 2837 tamen
1493 2775 1549 2837 ali·

252 2880 390 2958 quotiens
413 2876 528 2939 accedit
548 2879 579 2937 in
602 2878 700 2938 miuus
722 2894 810 2957 quam
833 2876 948 2937 lrnitum
971 2894 1152 2955 pronomen,
1181 2885 1211 2937 et
1233 2868 1428 2938 differentiam
1452 2879 1550 2958 ipsanr

252 2982 294 3042 sic
317 2982 525 3061 exprimimus,
548 2987 594 3050 ut,
618 2977 736 3059 quando
759 2977 795 3039 de
818 2984 975 3058 praesente
996 2976 1158 3059 loquimur,
1188 2985 1258 3040 tuno
1280 2979 1393 3040 linitum
1415 2982 1455 3041 sit
1474 2998 1549 3060 pro·
1564 3002 1593 3041 es

254 3100 378 3153 nornen,
407 3083 431 3143 si
461 3088 558 3144 autem
587 3080 624 3141 de
651 3080 773 3142 absente
800 3082 838 3143 sit
867 3079 988 3152 relatio,
1017 3070 1116 3143 minus
1143 3098 1231 3161 quam
1261 3082 1375 3143 linitum
1397 3084 1444 3143 sit
1489 3082 1550 3145 hoc

254 3185 342 3245 etiam
370 3184 552 3263 significatur
580 3182 748 3245 elocutione
776 3190 929 3265 poetarum
958 3182 1004 3264 [et
1031 3182 1108 3263 apud
1135 3191 1270 3245 oratores
1297 3184 1466 3246 invenimus
1488 3185 1550 3246 hoc

252 3288 365 3368 ipsum,
389 3294 487 3347 tamen
511 3294 540 3347 et
563 3286 639 3365 apud
662 3292 766 3365 poetas
788 3283 986 3366 invenimus],

402 3386 468 3450 ille
492 3405 558 3467 ego
580 3389 639 3468 qui
662 3386 843 3467 quondam
865 3386 1001 3466 gracili
1023 3386 1235 3449 modulatus
1257 3405 1381 3449 avena.

250 3488 300 3551 ille
323 3507 392 3569 ego:
417 3492 442 3551 si
464 3489 514 3551 ille
535 3492 649 3551 linitum
672 3496 717 3551 est
738 3508 920 3569 pronomen,
944 3488 1013 3570 quid
1037 3507 1111 3569 opus
1133 3488 1230 3551 luerat
1250 3498 1283 3549 ut
1303 3490 1550 3569 interponeretur
1564 3514 1596 3555 ao

151 3592 156 3609 ‘
252 3592 325 3671 egoi
347 3591 398 3652 sed
423 3610 458 3653 ex
481 3610 517 3653 eo
539 3592 616 3673 quod
640 3592 713 3653 dixit
735 3609 790 3671 ego
812 3590 943 3653 ostendit
964 3590 1021 3652 lroe
1043 3593 1138 3671 ipsum
1160 3610 1340 3671 pronomen,
1364 3592 1394 3653 id
1417 3592 1549 3664 ostile,

252 3695 390 3773 qnoniam
421 3713 482 3755 non
510 3696 580 3756 satis
602 3696 717 3756 linitum
741 3701 794 3755 est.
841 3710 913 3773 ergo
935 3695 992 3755 ista
1014 3704 1084 3756 sunt
1105 3693 1164 3755 duo
1186 3693 1348 3775 praecipue
1368 3696 1465 3765 finita,
1490 3714 1550 3777 ego

252 3806 282 3857 et
304 3803 345 3857 tu.
389 3793 439 3857 ille
467 3814 538 3857 vero
564 3804 636 3857 tunc
662 3796 776 3857 linitum
805 3803 864 3867 est,
894 3795 1013 3873 quando
1041 3795 1077 3857 ad
1106 3813 1263 3875 personam
1287 3806 1475 3875 praesentem
1499 3817 1550 3859 re-

251 3900 364 3967 lertur;
387 3905 458 3959 tunc
480 3899 579 3959 minus
601 3916 689 3977 quam
712 3900 836 3971 linitum,
861 3898 979 3979 quando
1001 3897 1036 3959 ad
1060 3895 1235 3959 relationem
1259 3898 1383 3960 alicuius
1404 3900 1552 3963 retertur.

253 4018 322 4061 ecce
345 3998 490 4061 habemus
511 4001 688 4081 pronomina
710 4002 807 4069 llnita;
831 4004 890 4062 iam
913 4000 1063 4063 videamus
1085 4019 1160 4081 quae
1182 4008 1253 4062 sunt
1273 4001 1397 4063 infinita.

321 4270 338 4323 3
364 4272 519 4339 primigenia
536 4268 625 4321 Bca*
649 4272 811 4340 primogenio
829 4272 854 4321 A
924 4272 1056 4337 deliquid
1078 4270 1193 4323 naturale
1210 4269 1245 4322 c*
1269 4273 1366 4338 aliqui.
1386 4274 1501 4325 naturale
1521 4278 1551 4326 A

252 4343 505 4406 aliquidanuturali
525 4341 576 4392 Bc
627 4341 806 4398 derlunt..um
824 4345 848 4392 A
867 4342 1047 4393 diridatnt
1101 4343 1133 4394 13
1147 4342 1290 4408 conpositio
1308 4353 1346 4394 εει
1364 4344 1450 4410 potius
1468 4360 1550 4408 quam

252 4426 391 4477 pronomen
409 4420 447 4461 est
465 4413 523 4477 quis
541 4426 681 4477 pronomen
701 4420 740 4463 est
752 4413 777 4462 B
790 4415 949 4480 conpositum
968 4414 1081 4476 estquis
1101 4427 1241 4478 pronomen
1258 4414 1331 4465 estO
1347 4416 1488 4481 conpositio
1507 4427 1552 4468 est

252 4483 338 4549 potius
356 4496 431 4545 quaro
447 4496 585 4547 pronomen
607 4490 646 4532 est
663 4500 679 4534 α
696 4484 838 4550 conpositio
858 4492 896 4533 εει
917 4524 942 4538 ,.
959 4524 964 4536 .
980 4524 987 4537 .
1063 4525 1088 4537 ,,
1109 4497 1251 4548 pronomen
1269 4494 1308 4533 est
1327 4486 1352 4533 A
1435 4484 1468 4536 14
1485 4486 1553 4538 inde

252 4560 312 4603 ante
325 4553 451 4618 quispiam
468 4566 514 4606 om,
532 4552 615 4604 ABG
684 4554 718 4603 22
736 4568 878 4606 sermonem
891 4550 956 4603 Ba*
972 4568 1107 4619 personum
1127 4554 1179 4604 Ac
1247 4552 1552 4622 attenuansque

252 4630 411 4687 praesentem
429 4621 512 4674 ABG
579 4632 640 4671 tnnc
661 4622 725 4685 (tum
740 4624 775 4687 fa)
792 4625 831 4673 sic
847 4623 945 4673 linitum
964 4631 1003 4673 est
1022 4638 1161 4690 pronomen
1178 4616 1261 4674 AB'O
1330 4622 1363 4674 ta
1383 4621 1438 4691 ille]
1463 4626 1551 4693 Verp,

251 4707 363 4754 prooem.
385 4694 450 4741 Aen.
556 4692 700 4744 modulator
718 4692 760 4744 A?
786 4708 854 4747 corr.
881 4695 1027 4744 modulatus
1052 4710 1070 4744 o
1096 4693 1246 4743 modulabor
1263 4692 1296 4743 a*
1393 4708 1475 4745 aneon
1497 4696 1555 4749 Ba

252 4762 354 4812 lraueua
372 4763 396 4810 A
418 4762 556 4812 haberat]
642 4760 674 4816 31
695 4763 805 4814 ostendit
823 4764 867 4814 ille
884 4764 910 4813 ld
930 4772 969 4814 est
992 4763 1040 4814 hoc
1057 4764 1142 4830 ipsum
1164 4777 1303 4829 pronomen
1322 4765 1442 4828 quoniam
1461 4765 1557 4822 ABC

322 4831 357 4883 35
375 4847 439 4895 quae
457 4841 516 4883 sunt
533 4847 579 4885 om.
599 4833 625 4884 B
1391 4830 1397 4850 ⁸
