3350 5442
407 413 410 417 Δ
440 360 638 422 EXCERPTA
663 360 866 423 bobiensib
888 358 1004 423 3-13
1306 355 1368 421 633

1178 479 1198 519 p.
1214 466 1303 507 1³1-es
1316 465 1344 505 v.

75 546 156 604 tinos
187 544 297 624 syllaba
326 563 381 606 nec
409 546 575 608 adiectione
598 568 653 609 nec
675 552 892 628 permutatione
915 552 1056 610 variatur.
1102 566 1169 608 narn
1192 549 1253 607 sive
1282 564 1368 625 prae·
1403 556 1404 561 ’

76 664 148 705 sens
174 654 291 725 tempus
317 650 442 728 incipiat
469 669 484 709 a
512 650 619 721 vocali,
647 652 751 712 eadem
785 652 895 712 vocalis
923 653 954 710 in
981 651 1141 730 inperfecti
1171 649 1368 709 declinatione

76 756 222 819 servatur,
245 757 280 809 nt
301 768 355 827 ago
378 750 511 829 agebam,
534 754 595 812 sive
618 755 768 831 praesenti
791 754 919 833 tempori
941 754 1059 813 initium
1081 769 1247 812 consonans
1268 751 1367 817 faciat,

76 850 157 910 nulla
179 852 343 930 inperfecto
365 855 492 932 tempori
514 855 624 914 vocalis
646 855 769 924 accedit,
793 872 866 932 rogo
890 852 1039 931 rogabam.

47 972 62 1010 a
163 953 237 1014 ltem
267 957 436 1016 necessario
457 955 636 1033 regulariter
662 974 889 1036 praemonemus
916 958 995 1035 quod
1033 955 1109 1036 apud
1137 958 1266 1023 Graecos
1298 972 1366 1034 per·
1385 969 1442 1025 605,
1456 970 1485 1017 ri

73 1056 190 1142 fccturn
218 1064 336 1135 tempus
363 1076 422 1117 non
451 1077 467 1117 a
495 1062 659 1137 praesenti,
689 1060 740 1119 sed
768 1078 804 1119 ex
832 1061 933 1120 futuro
955 1059 1035 1119 velut
1062 1058 1098 1118 de
1116 1036 1366 1138 'quadamprima

77 1158 224 1233 positione
247 1166 277 1218 et
298 1162 413 1237 origine
436 1162 482 1220 sui
504 1160 657 1237 figuratur.
703 1180 758 1222 nec
780 1170 879 1221 tarnen
912 1168 939 1221 te
963 1167 1085 1228 moveat,
1114 1177 1167 1219 cur
1188 1168 1368 1222 transactum

78 1258 116 1316 de
129 1259 266 1321 'necdum
287 1261 365 1321 facto
386 1263 508 1339 figurari
531 1262 650 1332 dicitnr,
675 1265 880 1324 aestimantem
902 1263 979 1343 quod
1002 1265 1195 1343 praeteritum
1218 1264 1370 1343 antiquius

77 1363 119 1420 sit
139 1362 251 1422 futuro.
274 1360 332 1423 'sed
354 1366 476 1424 nonita
499 1373 551 1426 est.
585 1384 672 1425 omne
695 1367 775 1426 enim
797 1365 876 1447 quod
898 1366 1008 1427 facturn
1031 1372 1076 1425 est
1097 1366 1180 1445 prius
1202 1364 1369 1426 faciendum

36 1482 63 1519 ιο
79 1464 145 1531 fuit,
170 1465 277 1525 deinde
293 1465 402 1526 facturn
418 1474 472 1535 est,
495 1474 525 1526 et
539 1465 595 1527 hoc
610 1468 689 1547 quod
704 1470 900 1547 praeteritum
916 1475 961 1527 est
976 1467 1133 1547 aliquando
1154 1467 1286 1528 futurum
1301 1468 1370 1527 fuit.

77 1570 145 1626 inre
168 1585 240 1645 ergo
262 1568 298 1627 de
321 1576 445 1627 venturo
467 1571 546 1649 quod
568 1574 626 1631 iarn
648 1572 730 1630 venit
751 1571 889 1639 eflicitur,
913 1572 981 1649 quia
1004 1576 1109 1631 natura
1128 1570 1193 1630 fore
1216 1570 1301 1649 prins
1323 1576 1371 1628 est

77 1688 167 1747 quam
188 1670 291 1730 fuisse.
321 1671 392 1729 item
413 1670 489 1749 apud
501 1670 630 1732 Graecos
647 1691 806 1752 numquam
818 1674 1012 1753 praeteritum
1025 1673 1191 1752 perfectum
1204 1674 1235 1733 in
1251 1672 1368 1733 duabus

78 1770 201 1850 syllabis
227 1774 391 1840 invenitur,
420 1773 471 1833 sed
500 1780 546 1833 est
572 1773 719 1835 interdum
742 1775 779 1834 Vl
801 1774 993 1852 syllabarum,
1020 1780 1053 1835 ut
1074 1769 1367 1854 πεπολεμάρχηκοί,
1400 1824 1405 1836 .
1484 1786 1492 1798 ·

78 1880 125 1933 ost
147 1873 185 1943 V,
209 1882 242 1933 ut
264 1868 495 1953 πεπολέμηκα,
518 1883 563 1936 est
578 1874 625 1945 lV,
647 1884 681 1935 ut
702 1875 883 1954 πεποίηκα,
914 1884 959 1937 est
979 1879 1081 1947 trium,
1105 1884 1138 1937 ut
1153 1872 1290 1956 λέλυκα,
1313 1894 1368 1937 nec
1417 1949 1419 1957 Ι

50 1990 219 2055 :numquam
241 1977 374 2035 invenies
397 1976 552 2054 trisyllabo
574 1980 682 2038 minus.
720 1996 843 2038 necesse
866 1986 911 2038 est
933 1980 1011 2039 enirn
1034 1986 1067 2039 nt
1090 1980 1129 2039 sit
1143 1980 1239 2057 prima
1256 1977 1369 2057 syllaba

76 2078 297 2147 declinationis,
310 2076 439 2137 secunda
456 2080 590 2156 originis,
601 2082 690 2139 tertia
707 2080 814 2150 finalis,
828 2088 862 2140 nt
873 2075 1013 2140 le'loxo:
1031 2079 1068 2139 λε
1079 2082 1175 2159 prima
1192 2078 1304 2158 syllaba
1317 2078 1367 2138 de-

77 2179 249 2239 clinationis
261 2185 318 2248 est,
337 2197 412 2258 quae
425 2179 542 2240 induxit
555 2200 693 2259 magnum
705 2190 905 2259 augmentum,
922 2181 965 2241 λυ
977 2182 1102 2259 orIginis
1116 2188 1170 2251 est,
1188 2183 1255 2261 quia
1272 2182 1368 2260 prima

76 2280 162 2341 verbi
178 2283 287 2361 positio
303 2279 339 2341 ab
354 2277 357 2361 l
371 2281 426 2342 hac
447 2284 563 2362 incipit,
580 2301 623 2342 κα
637 2282 733 2343 finalis
748 2291 804 2344 est.
833 2302 888 2344 nec
904 2292 933 2345 te
946 2290 1062 2344 moveat
1073 2273 1160 2360 odda,
1184 2282 1262 2362 quod
1278 2282 1367 2361 disyl·
1435 2266 1443 2274 ⁸

76 2383 177 2443 labum
193 2389 253 2443 est:
277 2400 344 2442 nam
360 2382 604 2463 παρακείμενος
618 2384 755 2445 habetur.
799 2385 856 2445 hoc
872 2389 951 2446 enirn
970 2385 1178 2465 multipliciter
1194 2392 1367 2464 corruptum

35 2486 216 2547 aodocotur:
240 2502 307 2545 narn
329 2494 450 2564 praeter
469 2486 525 2546 boc
546 2485 658 2546 nullum
673 2488 838 2565 perfectum
860 2496 978 2567 tempus
1000 2487 1037 2548 ab
1061 2506 1093 2548 oc
1115 2485 1299 2567 diphthongo
1321 2488 1367 2547 in·

77 2589 161 2681 cipit
206 2585 294 2647 huius
316 2586 399 2647 verbi
415 2590 500 2665 origo
522 2596 567 2648 est
589 2585 679 2666 eidos,
703 2596 733 2647 et
747 2590 857 2649 mutari
881 2608 909 2649 ει
932 2592 962 2650 in
985 2608 1017 2650 οι
1039 2590 1117 2651 salva
1141 2596 1171 2650 et
1193 2591 1365 2671 incorrupta

77 2692 192 2750 ratione
215 2707 272 2748 non
296 2688 411 2749 babuit.
457 2689 526 2750 inde
549 2687 654 2753 sidem
676 2688 780 2750 debuit
802 2710 868 2751 esse
884 2692 1048 2771 praeterito
1063 2692 1365 2771 plusquamperfecto.

161 2790 236 2851 ltem
258 2790 300 2850 lll
322 2798 392 2851 sunt
413 2793 533 2851 omnino
555 2789 694 2871 syllabae,
718 2810 793 2872 quae
816 2794 847 2852 in
870 2795 985 2869 graecis
1000 2792 1100 2853 verbis
1118 2794 1218 2855 futuro
1235 2796 1363 2872 tempori
1382 2806 1441 2867 dot,
1452 2808 1483 2854 ‘aa

77 2894 239 2953 terminum
260 2894 390 2954 faciunt:
414 2901 464 2953 aut
487 2894 566 2953 enim
590 2895 620 2953 in
637 2906 684 2953 σω
707 2890 954 2967 exinaniret
978 2896 1072 2955 autrn
1095 2902 1159 2973 ψω,
1182 2903 1216 2956 ut
1230 2890 1365 2975 λαλήσω

35 3012 64 3051 es
77 2988 193 3071 πράξω
214 2991 344 3073 γράψω.
405 2998 477 3056 itern
500 3014 586 3056 omne
610 3012 750 3076 praesens
773 2996 851 3075 apud
867 2994 996 3056 Graecos
1017 2998 1048 3056 in
1072 3015 1098 3056 ω
1121 2996 1260 3057 desinens
1282 2996 1478 3066 mediomari

76 3096 232 3157 indicativi
254 3099 374 3175 generis
397 3100 485 3157 activi
506 3098 590 3158 verbi
613 3100 829 3178 perispomeni,
859 3100 884 3157 si
907 3098 1052 3159 secundae
1076 3100 1293 3175 coniugatienis
1315 3101 1364 3168 sit,

78 3179 201 3259 adhibet
223 3198 274 3258 fini
299 3218 352 3259 suo
366 3217 426 3277 μαι
440 3198 583 3278 syllabam
599 3210 629 3260 et
643 3202 716 3261 lacit
730 3200 767 3261 de
783 3220 815 3260 se
830 3202 994 3279 passivum,
1018 3197 1088 3278 {ioci
1110 3197 1258 3280 βοῶμαι,
1281 3201 1364 3281 τιμῶ

76 3298 237 3381 τιμῶμαιε
262 3302 288 3360 si
310 3318 379 3360 vero
402 3303 440 3362 sit
462 3303 575 3379 primae
597 3304 643 3363 vel
665 3304 787 3371 tertiae,
812 3321 839 3361 ω
856 3305 887 3363 in
903 3321 945 3362 ov
967 3309 1079 3363 mutato
1101 3310 1131 3361 et
1147 3310 1266 3382 accepta
1282 3304 1364 3364 simi-

77 3402 148 3462 liter
176 3422 235 3482 μαι
262 3404 412 3482 passivum
441 3410 523 3463 creat
545 3401 633 3482 pelei
656 3403 836 3482 φιλοῦμαι,
865 3403 978 3483 χρυσῶ
1001 3404 1198 3483 χρυσοῦμαι.
1246 3424 1364 3483 permu-

35 3521 63 3561 ω
76 3508 221 3565 tationem
244 3512 342 3565 autem
365 3523 391 3563 ω
413 3506 444 3564 in
467 3521 509 3564 ov
530 3504 567 3563 de
589 3505 781 3565 circumflexo
803 3513 926 3566 accentu
949 3505 1092 3565 indicium
1116 3514 1161 3565 est
1182 3526 1201 3561 e

161 3606 204 3667 lle
237 3607 393 3668 defectivis
414 3605 514 3667 verbis
535 3606 580 3666 vel
608 3606 796 3667 dictionibus.
843 3614 903 3667 tam
926 3606 1003 3685 apud
1026 3607 1154 3667 Graecos
1176 3626 1264 3687 quam
1286 3608 1362 3688 apud
1381 3618 1477 3679 casnm

74 3708 198 3769 Latinos
225 3709 322 3789 aliqua
350 3707 441 3770 verba
468 3711 500 3769 in
528 3707 726 3769 declinatione
761 3708 912 3768 deficiunt.
957 3709 992 3769 de
1020 3710 1068 3769 his
1094 3709 1275 3769 Graecorum
1308 3713 1364 3771 ista

74 3812 212 3871 definitio
233 3819 293 3871 est:
317 3810 357 3872 lll
380 3814 459 3871 enim
480 3810 577 3871 modis
599 3810 701 3870 dicunt
731 3812 850 3869 evenire
873 3810 1029 3899 defectum,
1054 3819 1105 3872 aut
1126 3810 1280 3873 intellectu
1302 3816 1363 3873 exi·

73 3920 164 3989 gente
187 3920 237 3973 aut
258 3912 368 3974 litteris
390 3931 449 3973 non
471 3912 717 3973 convenientibus
740 3919 791 3972 aut
816 3930 873 3972 usu
888 3911 1057 3973 desistente.
1088 3931 1124 3972 er
1140 3912 1232 3973 bisin
1249 3914 1364 3975 (luobus

34 4034 59 4072 aa
74 4013 229 4095 prioribus
251 4014 347 4075 modis
370 4016 516 4074 servimus
538 4016 723 4084 necessitati,
751 4018 783 4074 in
812 4016 901 4075 tertio
923 4016 1108 4075 reverentiae
1136 4017 1289 4077 vetustatis
1312 4015 1364 4075 ob-

73 4119 240 4197 sequimur.
270 4134 324 4195 per
345 4116 530 4175 intellectum
552 4114 557 4196 f
583 4115 671 4177 verba
694 4117 835 4177 deliciunt
857 4118 954 4176 omnia
969 4134 1045 4194 quae
1068 4116 1208 4176 dicuntur
1223 4131 1364 4197 πεποιη-

72 4212 173 4299 μένα,
195 4219 226 4279 id
248 4226 293 4279 est
314 4237 389 4297 quae
413 4217 448 4277 ad
471 4217 696 4279 similitudinem
719 4220 783 4279 soni
806 4218 931 4278 alicuius
956 4236 1095 4297 expressa
1118 4226 1196 4289 sunt,
1219 4227 1252 4279 ut
1274 4214 1365 4298 λίγξε

73 4314 160 4399 βιός,
190 4319 256 4395 σίζε
279 4311 455 4399 ὀφθαλμός
476 4327 506 4379 et
528 4321 649 4381 similia.
693 4323 724 4381 in
747 4321 794 4381 his
816 4322 895 4381 eninr
917 4319 1018 4381 verbis
1044 4339 1100 4381 nec
1123 4321 1197 4383 aliae
1220 4338 1362 4399 personae

73 4421 263 4502 quaerendae
280 4429 357 4492 sunt,
380 4440 435 4481 nec
457 4423 489 4481 in
512 4421 585 4483 alios
607 4422 709 4483 modos
731 4422 876 4483 flectenda
899 4421 1065 4493 declinatio,
1087 4427 1157 4503 quia
1179 4429 1293 4483 tantum
1315 4441 1363 4481 vo-

34 4556 59 4593 40
73 4544 126 4585 ces
147 4532 217 4584 suut
238 4522 396 4603 expressae
418 4524 454 4584 ad
477 4525 541 4583 soni
564 4525 759 4585 imitationem
781 4542 870 4603 quem
892 4523 1047 4602 adsignare
1068 4524 1212 4585 volumus

142 4662 443 4723 λεωλεπιλωωωίρλιιω
453 4658 565 4709 moero
616 4630 795 4737 3temporeB
847 4660 1030 4709 bnecesarium
1044 4659 1070 4707 B
1128 4661 1157 4708 11
1173 4660 1226 4709 fore
1237 4660 1277 4709 ed
1284 4660 1360 4708 Vind.

73 4746 118 4780 ror
136 4732 249 4793 ‘punctio
260 4729 443 4792 naperposz’tis'
462 4726 486 4775 B
556 4729 587 4777 13
599 4718 851 4793 πεπολεμαρχηκα]
881 4728 1122 4806 πεπολεμαρανκα
1138 4727 1164 4777 Β
1234 4730 1265 4776 19
1279 4727 1362 4776 rnnhi-

72 4797 250 4870 plicationeB
311 4800 344 4846 22
361 4796 497 4862 praeterito
514 4795 664 4858 perfectoB
731 4794 831 4860 24ψω]
846 4794 922 4861 χωλλ
989 4787 1289 4861 ‘Zbyprt'drolcpasz

124 4938 303 4981 l'rtnttnla'trrffl
318 4937 332 4977 λ,
335 4936 408 4978 arrh!
423 4936 450 4976 λλ.
1119 4928 1158 4992 41
