3350 5442
563 378 566 383 ’
607 382 845 444 COMMENTVM
1304 381 1365 446 165

1183 492 1338 545 p.155-58L.

31 589 36 603 ¹
78 584 103 635 et
126 573 323 652 ‘mancipium
351 571 492 633 advena’.
538 587 609 647 ergo
638 570 831 632 masculinum
859 573 1027 632 invenimus
1058 591 1074 633 a
1104 574 1307 642 terminatum,
1333 579 1364 633 nt

78 686 117 739 est
141 675 190 736 hic
224 674 363 743 Catilina,
392 674 584 740 femininum,
613 682 646 733 ut
672 671 746 733 hacc
767 674 865 744 Musa,
896 680 1033 735 neutrum
1064 674 1116 735 sed
1146 693 1301 753 graecum,
1333 684 1365 736 nt

74 789 216 848 toreuma,
239 794 392 839 commune
414 775 459 836 vel
482 794 517 836 ex
540 775 655 837 duobus
678 773 722 833 vel
746 773 914 847 extribus,
939 782 971 835 ut
993 775 1113 837 advena.
1152 796 1167 837 e
1191 778 1364 838 terminatus

75 883 264 943 nominativus
292 879 349 940 duo
377 885 490 939 tantum
517 879 625 958 recipit
651 896 776 957 genera,
804 896 897 939 unum
926 879 1100 940 femininum
1129 880 1180 941 sed
1214 898 1363 959 graecum,

56 994 105 1044 sut
125 982 129 1063 l
153 983 284 1062 Euterpe
300 980 444 1062 Calliope,
469 979 548 1041 aliud
571 986 710 1042 neutrum
734 979 785 1041 sed
812 979 951 1052 latinum,
977 987 1008 1041 ut
1029 980 1162 1042 leminile
1185 981 1277 1043 sedile
1300 1002 1363 1045 mo·

76 1085 136 1145 nile.
181 1085 191 1145 i
219 1085 394 1145 terminatus
421 1083 618 1143 nominativus
647 1084 671 1143 si
693 1082 817 1143 latinum
851 1102 960 1143 nomen
982 1082 1135 1154 habuerit,
1159 1086 1251 1145 trium
1274 1104 1363 1164 gene-

74 1207 134 1249 rum
164 1194 208 1248 est
235 1184 460 1255 indeclinabile,
490 1191 522 1245 ut
548 1183 597 1244 hic
627 1192 655 1245 et
682 1183 756 1245 haec
785 1190 815 1245 et
843 1184 900 1245 hoc
921 1186 1012 1263 frugi,
1038 1184 1085 1245 hic
1109 1194 1138 1247 et
1160 1186 1233 1247 haec
1256 1194 1285 1247 et
1307 1188 1363 1248 hoc

75 1288 168 1359 oilrili3
200 1296 230 1348 et
256 1288 313 1348 hoc
336 1295 381 1349 est
402 1295 530 1357 tantum,
559 1288 615 1347 ista
643 1288 758 1347 iuvenis
781 1293 905 1347 tantum.
951 1289 975 1347 si
998 1294 1095 1347 autem
1118 1290 1276 1368 peregrina
1299 1291 1362 1350 lue·

73 1394 140 1462 rint,
171 1390 314 1453 neutralia
341 1398 425 1460 sunt,
454 1396 488 1450 ut
513 1390 626 1468 gummi
652 1390 755 1469 sinapi.
800 1408 818 1449 o
849 1390 1023 1451 terminatus
1046 1391 1243 1451 nominativus
1265 1394 1363 1451 omnia

46 1512 64 1549 10
75 1495 174 1574 recipit
204 1511 314 1572 genera
347 1491 458 1572 absque
491 1499 612 1552 neutro:
647 1491 822 1552 femininum
851 1493 971 1572 recipit,
1001 1500 1033 1552 ut
1065 1499 1109 1552 est
1136 1491 1223 1559 luno;
1258 1494 1365 1573 recipit

74 1614 238 1668 commune,
274 1604 307 1657 ut
340 1592 461 1674 pomilio
490 1592 627 1675 [pomilio
655 1593 764 1654 dieitur
791 1591 917 1674 nanus];
950 1596 1056 1673 recipit
1087 1595 1296 1664 masculinnm,
1333 1602 1366 1656 ut

75 1702 186 1767 Cicero;
209 1706 350 1759 neutrum
373 1716 533 1778 numquam
557 1698 671 1777 recipit.
709 1715 728 1755 u
751 1696 927 1757 terminatus
950 1698 1147 1758 nominativus
1170 1714 1294 1757 neccsse
1318 1704 1363 1757 est

73 1810 102 1863 ut
126 1802 245 1879 generis
278 1802 317 1860 sit
343 1806 459 1860 tantum
487 1800 599 1873 neutri,
628 1808 663 1859 ut
691 1817 782 1860 cornu
812 1815 890 1875 genu
917 1796 985 1876 gelu
1012 1816 1112 1878 specu.
1156 1798 1363 1883 lterminatus

74 1905 280 1969 nominativus,
304 1908 337 1963 ut
357 1901 432 1971 mel;
456 1921 501 1973 m,
525 1909 558 1962 ut
579 1900 736 1981 templum;
761 1919 794 1969 n,
817 1909 849 1960 ut
872 1918 1006 1969 carmem
1031 1920 1060 1970 r,
1084 1909 1117 1960 ut
1138 1900 1260 1969 Caesam
1284 1920 1307 1970 s,
1330 1908 1364 1961 ut

45 2008 186 2073 vdoctus;
216 2024 249 2076 x,
278 2012 310 2066 ut
337 2006 401 2083 pix;
430 2022 460 2073 c,
489 2011 521 2064 nt
548 2002 609 2071 lac;
640 2009 667 2072 t,
697 2009 731 2063 ut
759 2008 856 2082 caput.
902 2000 969 2063 ‘sed
994 2002 1031 2064 de
1059 2003 1115 2063 hoo
1147 2008 1292 2063 tractare’
1323 2006 1364 2064 ait

75 2110 158 2169 ‘satis
180 2114 239 2177 est,
263 2109 288 2168 si
310 2105 396 2167 multi
418 2106 466 2167 alii
489 2114 518 2167 et
540 2104 589 2165 alii
611 2109 840 2165 tractaverunt'.
869 2106 988 2184 scripsit
1003 2114 1100 2167 autem
1117 2104 1154 2166 ad
1169 2104 1248 2167 hunc
1264 2104 1362 2167 locum

73 2210 181 2271 Probus
205 2228 297 2271 unum
321 2207 441 2268 librum.
472 2209 528 2268 iste
550 2208 702 2268 institutor
725 2209 784 2267 iarn
806 2214 901 2275 arteni
917 2209 1044 2288 scripsit,
1069 2227 1129 2269 non
1153 2208 1273 2287 scripsit
1295 2226 1361 2287 per·

73 2314 170 2385 lectis,
193 2311 246 2373 sed
268 2309 304 2371 ad
329 2329 380 2371 eos
402 2312 453 2387 qui
475 2308 577 2371 volunt
598 2328 630 2370 se
652 2310 802 2390 perfectos
824 2327 899 2371 esse.

602 2493 650 2539 DE
673 2494 826 2543 NVMERIS

42 2618 61 2657 ao
149 2603 269 2663 Transit
294 2604 326 2661 iu
353 2619 522 2662 nnmerum.
553 2618 694 2661 numerus
722 2600 801 2680 apud
829 2599 949 2661 latinos
978 2607 1028 2661 aut
1054 2599 1211 2679 singularis
1239 2607 1284 2661 est
1313 2608 1364 2661 aut

71 2704 203 2784 pluralis,
226 2702 395 2781 singularis,
420 2711 453 2763 ut
475 2702 524 2764 hle
546 2702 665 2772 doctus,
689 2699 828 2781 pluralis,
852 2710 884 2763 ut
906 2701 937 2762 ht
959 2702 1048 2763 docti.
1083 2709 1128 2763 est
1149 2703 1235 2763 etiam
1259 2720 1362 2763 nume-

71 2826 116 2867 ms
138 2807 321 2876 communis,
351 2814 383 2865 ut
406 2812 452 2865 est
474 2803 551 2876 dics,
581 2803 628 2864 hic
651 2803 714 2864 dies
737 2805 819 2865 ethi
842 2803 921 2865 dies:
958 2815 987 2865 et
1013 2806 1042 2865 iu
1072 2803 1214 2883 singulari
1237 2821 1362 2865 numero

70 2916 97 2969 et
122 2911 153 2970 in
182 2907 292 2988 plurali
321 2908 383 2968 dies
411 2906 528 2967 dicitur.
574 2923 647 2984 argo
674 2907 840 2967 communis
869 2910 986 2967 numeri
1013 2914 1083 2968 sunt
1109 2906 1196 2979 haec,
1227 2908 1363 2984 quotiens

70 3014 265 3073 nominativus
287 3009 446 3089 singularis
468 3017 498 3070 et
526 3010 723 3070 nominativus
745 3006 868 3087 pluralis
891 3008 1003 3069 similes
1025 3018 1102 3070 sunt.
1148 3028 1219 3088 ergo
1245 3008 1362 3086 quando

41 3122 95 3175 set
120 3115 323 3174 nominativus
351 3110 510 3189 singularis
545 3120 575 3171 et
606 3111 804 3172 nominativus
835 3109 957 3189 pluralis
990 3110 1101 3172 similes
1128 3118 1212 3181 sunt,
1248 3112 1364 3179 numeri

70 3223 132 3275 sunt
153 3216 331 3276 communis.
376 3222 404 3274 et
432 3212 610 3292 generaliter
637 3216 734 3273 omnis
761 3216 864 3294 quinta
888 3212 1046 3274 declinatio
1069 3222 1098 3274 et
1120 3222 1222 3295 quarta
1247 3215 1363 3274 numeri

69 3326 132 3379 sunt
154 3319 337 3386 communis,
368 3324 401 3376 ut
429 3317 544 3396 species
566 3334 669 3376 versus
696 3316 812 3377 ductus.
859 3318 1011 3393 quaeritur
1035 3334 1119 3387 vero,
1143 3315 1220 3395 apud
1245 3315 1363 3376 Latinos

69 3421 90 3477 si
109 3422 206 3499 possit
225 3419 353 3479 inveniri
377 3436 520 3479 numerus
543 3417 654 3487 dualis,
678 3419 729 3497 qni
749 3419 893 3498 frequens
916 3426 960 3478 est
982 3416 1059 3496 apud
1083 3417 1220 3478 Graecos
1266 3427 1295 3477 et
1317 3418 1362 3476 in-

70 3524 182 3583 venitur
210 3523 241 3582 in
269 3518 386 3581 duobus
414 3526 543 3588 tantum,
571 3527 604 3580 ut
631 3520 690 3581 duo
718 3527 747 3581 et
775 3519 872 3580 aurbu.
917 3536 985 3579 nam
1015 3518 1087 3579 llaec
1117 3520 1236 3581 nomina
1266 3536 1362 3597 neque

44 3640 61 3672 n
70 3623 225 3702 singularia
241 3631 308 3683 sunt
328 3639 425 3700 neque
441 3620 575 3701 pluralia.
605 3621 763 3700 singularis
787 3623 904 3681 numeri
927 3638 985 3681 non
1008 3640 1130 3702 possum
1154 3622 1269 3691 dicere,
1295 3624 1361 3699 qnia

71 3745 118 3785 nec
139 3726 180 3786 de
204 3724 333 3785 duobus·
349 3742 469 3804 possum
499 3724 598 3785 dicere
627 3722 696 3784 ‘ille
719 3724 792 3784 mihi
814 3724 884 3784 lecit
906 3724 1079 3791 iniuriam’;
1097 3726 1216 3785 iterum
1240 3723 1362 3804 pluralis

71 3830 181 3889 numeri
212 3846 272 3888 non
300 3844 421 3907 possum
451 3826 551 3887 dicere
579 3832 701 3909 ‘omnes
734 3826 807 3887 milri
841 3826 978 3887 lecerunt
1003 3827 1143 3887 iniuriam
1154 3832 1173 3897 ²,
1207 3828 1276 3905 quia
1304 3825 1362 3885 duo

71 3939 157 3990 sunt·
187 3930 227 3990 de
255 3927 371 3991 duobus
401 3926 405 4012 Ι
435 3935 532 3989 autem
561 3931 612 4006 qui
641 3928 712 3989 dicit
744 3930 866 3988 omues?
902 3935 1023 4008 propter
1051 3928 1128 3989 hanc
1156 3929 1361 3989 necessitatem

73 4030 191 4094 dicimus
214 4031 310 4096 dualis
333 4050 397 4093 esse
419 4032 544 4091 numeri.
582 4030 710 4099 idcireo,
735 4032 872 4107 quoniam
895 4038 1086 4091 recesserunt
1115 4050 1131 4090 a
1160 4032 1274 4091 ratione
1297 4028 1361 4088 lati·

48 4135 172 4205 anitius,
199 4132 338 4195 anomala
358 4142 435 4203 sunt,
459 4135 488 4194 id
513 4140 557 4194 est
578 4132 744 4210 inaequalia
767 4139 846 4193 sunt.
878 4130 1077 4193 debueramus
1094 4130 1193 4193 dicere
1216 4131 1262 4192 his
1284 4130 1360 4201 duis,

73 4240 208 4315 quoniam
237 4236 365 4297 duorum
393 4235 528 4297 dicimus.
572 4234 690 4316 quando
719 4237 798 4295 enim
826 4236 981 4313 genetivus
1002 4232 1125 4313 pluralis
1147 4234 1177 4293 in
1200 4253 1267 4295 rum
1291 4234 1359 4305 exit,

133 4475 304 4526 scammuse
328 4491 374 4527 om.
399 4474 481 4525 ABG
550 4472 785 4541 5caliopeABG
853 4470 1058 4523 leminileBGa
1080 4471 1292 4537 pominileA(?)

76 4547 100 4596 ll
116 4546 226 4611 pumilio
240 4546 346 4613 pomilio
368 4544 416 4595 Ba
433 4544 549 4611 pomtilio
568 4546 684 4610 pomtilio
703 4544 728 4593 Α
745 4541 853 4610 pumilio
869 4543 975 4609 pumilio
993 4542 1014 4592 0
1083 4542 1115 4592 12
1133 4544 1223 4606 recipit
1242 4542 1357 4592 masculi-

77 4631 127 4666 num
144 4618 199 4669 Ac
217 4618 307 4683 recipit
323 4624 348 4665 et
366 4614 535 4665 mascnlinum
549 4616 597 4665 Bu
668 4614 700 4665 13
719 4616 751 4663 sit
765 4630 811 4663 orn.
832 4614 865 4677 A,
880 4612 941 4665 add.
959 4628 977 4660 a
1047 4627 1124 4678 specu
1142 4611 1194 4662 BC
1210 4628 1273 4678 pecu
1290 4627 1358 4662 corr.

76 4702 144 4751 specu
162 4689 248 4738 deleta
265 4694 358 4751 postea
376 4702 388 4736 s
405 4686 528 4736 litterati
599 4685 775 4734 lterminatus
794 4685 847 4735 Ac
864 4692 888 4731 et
906 4683 913 4731 l
934 4682 1080 4732 terminatus
1099 4683 1147 4732 Ba
1218 4684 1250 4734 14
1270 4691 1296 4731 ut
1311 4683 1359 4733 mel

77 4768 97 4803 rt
112 4773 126 4804 n
139 4772 243 4807 carmen
262 4765 288 4806 et
305 4772 330 4805 ru
350 4755 471 4822 ternplum
485 4768 502 4805 r
518 4770 635 4806 caesara
656 4756 745 4804 doctus
758 4754 782 4803 Α
855 4754 884 4805 ’15
901 4752 946 4801 sed
966 4753 997 4801 de
1016 4750 1064 4802 hoe
1083 4762 1188 4803 tractare
1206 4755 1242 4804 ait
1259 4770 1306 4807 oni.
1326 4753 1360 4811 A,

77 4828 163 4877 adde
237 4826 268 4878 16
282 4824 315 4893 si]
337 4826 424 4876 sedB
492 4828 526 4877 22
544 4826 613 4876 ethi
631 4825 686 4875 dies
704 4824 793 4874 Baet
812 4822 998 4874 liaediesAC
1067 4820 1182 4895 numero]
1205 4824 1359 4877 nominatius

78 4897 98 4942 A
163 4897 198 4949 al
218 4894 318 4965 iterum]
339 4898 399 4947 item
417 4892 470 4947 BC
534 4896 568 4949 35
587 4892 741 4963 inaequalia]
763 4893 954 4945 indeclinabilia
970 4894 1055 4948 ABG
