3350 5442
386 405 395 433 ο
456 373 656 436 excultum
677 370 881 434 contrusit
905 369 996 433 1-3
1308 368 1369 432 631
1421 388 1424 395 ’

705 608 748 694 ΙΙ

472 780 721 853 nxouann
746 779 810 851 DE
835 778 976 851 LlBRO

284 948 1162 1047 llllllldllllllllldlldlll

79 1122 152 1194 DE
179 1120 465 1195 VERBORVM
492 1118 687 1195 GRAECI
709 1118 780 1192 ET
796 1117 977 1192 LATINI
1003 1116 1371 1191 DIFFERENTIIS

52 1292 66 1329 s
110 1314 114 1324 ,
473 1256 578 1332 VEL
605 1253 982 1330 SOOIETATIBVS

653 1462 804 1470 -—·———-=

1371 1552 1389 1597 0
1428 1570 1429 1575 Ν

291 1612 530 1676 venenosius
553 1613 757 1676 SYMMACHO
780 1612 851 1674 SVO
875 1612 1049 1679 SALVTEM
1071 1611 1171 1674 DlCl'l

167 1769 240 1829 Cum
266 1768 312 1828 vel
339 1776 445 1829 natura
473 1767 519 1827 vel
541 1785 613 1828 usus
635 1766 774 1847 loquendi
802 1767 920 1844 linguas
943 1768 1075 1844 gentium
1098 1766 1254 1845 multiplici
1277 1766 1474 1841 diver-coqu

81 1870 169 1929 sitatc
197 1870 355 1938 variasset,
384 1871 494 1930 ceteris
516 1875 567 1930 aut
589 1868 721 1930 anhelitu
743 1878 793 1929 aut
814 1867 905 1928 sibilo
927 1866 1146 1947 explicantibus
1175 1868 1254 1947 loqui
1278 1886 1372 1935 suum,

80 1973 154 2031 solis
176 1988 300 2047 graecae
324 1969 491 2051 latinaeque
513 1980 543 2031 et
565 1974 630 2032 soni
650 1971 783 2051 leporem
804 1979 833 2031 et
857 1972 929 2031 artis
945 1969 1130 2048 disciplinam
1153 1978 1241 2050 atque
1264 1972 1295 2030 in
1310 1972 1373 2049 ipsa

40 2072 225 2152 eloquendi
253 2072 481 2133 mansuetudine
509 2073 638 2133 similem
665 2073 778 2133 cultum
805 2078 835 2132 et
865 2072 1135 2132 coniunctissimam
1169 2074 1373 2149 cognationem

79 2175 173 2234 dedit.
217 2193 286 2235 nam
314 2183 344 2235 et
370 2174 465 2235 isdem
495 2176 639 2235 orationis
665 2173 803 2253 partibus
830 2173 941 2253 absque
969 2173 1107 2243 articulo,
1138 2191 1228 2252 quem
1251 2173 1372 2234 Graecia

79 2276 143 2335 sola
172 2278 276 2336 sortita
305 2285 364 2344 est,
394 2283 424 2335 et
451 2276 547 2337 isdem
574 2266 668 2356 penes
701 2275 835 2353 singulas
863 2284 963 2355 partes
990 2272 1248 2336 observationibus
1276 2292 1374 2335 sermo

80 2385 208 2456 uterque
231 2377 436 2455 distinguitur,
459 2395 548 2457 pares
569 2378 634 2438 lere
656 2379 689 2437 in
711 2385 836 2457 utroque
856 2377 1043 2457 conponendi
1066 2378 1189 2455 figurae,
1211 2384 1244 2437 ut
1265 2395 1372 2457 prope·

79 2478 203 2538 modum
225 2480 276 2558 qui
299 2481 444 2539 utramvis
466 2489 560 2541 artem
582 2480 722 2539 didicerit
745 2477 847 2541 ambas
869 2480 995 2540 noverit
1039 2479 1091 2539 sed
1113 2481 1182 2558 quia
1204 2481 1245 2539 ita
1268 2488 1372 2539 natura

40 2599 64 2636 rs
80 2581 157 2647 lert,
187 2598 223 2639 ne
253 2580 324 2659 quid
352 2582 397 2647 sic
424 2599 488 2641 csse
510 2582 596 2641 alteri
619 2579 715 2641 simile
748 2582 856 2660 possit,
885 2589 917 2641 ut
939 2580 1019 2641 idcm
1046 2580 1091 2641 illi
1114 2583 1153 2640 sit
1175 2577 1306 2657 (necesse
1329 2590 1374 2640 est

79 2684 163 2741 enim
184 2700 271 2742 omne
293 2683 372 2762 quod
394 2684 491 2744 simile
510 2691 556 2743 est
578 2682 675 2762 aliqua
692 2681 860 2743 differentia
877 2680 914 2743 ab
937 2700 972 2742 eo
995 2684 1043 2743 cui
1065 2683 1218 2742 confertur
1233 2680 1372 2760 recedat),

80 2784 165 2854 ideo,
194 2802 261 2843 cum
288 2791 390 2863 partes
418 2760 562 2845 buationis
590 2786 621 2843 in
648 2791 773 2862 unaque
801 2784 901 2861 lingua
929 2792 993 2845 arta
1026 2785 1104 2845 inter
1126 2803 1157 2844 se
1179 2783 1373 2845 similitudino

79 2888 283 2957 vincirentur,
312 2886 452 2965 quasdam
480 2897 579 2947 tamen
601 2889 814 2966 proprietates,
844 2885 952 2965 quibus
985 2904 1119 2947 seorsum
1147 2888 1372 2964 insignirentur,

78 2986 260 3057 babuerunt,
283 3007 358 3067 quac
381 3005 490 3066 graeco
512 2990 632 3048 nomine
655 2987 796 3049 idiomata
817 2995 969 3048 vocantur.

39 3108 66 3144 20
167 3090 241 3150 ltem
264 3093 359 3169 prima
375 3092 529 3168 utriusque
546 3089 629 3150 verbi
652 3092 779 3150 societas
800 3092 831 3149 in
854 3089 910 3149 boc
932 3098 986 3159 est,
1010 3090 1087 3170 quod
1110 3098 1249 3151 neutrum
1272 3104 1373 3151 eorum
1386 3108 1445 3169 soe,
1458 3107 1490 3154 12

79 3192 112 3251 in
127 3190 222 3253 'casus
243 3192 389 3262 lleetitur;
413 3189 520 3252 deinde
541 3191 622 3271 quod
644 3195 801 3271 utrumque
824 3194 982 3252 comitatur
1003 3210 1131 3271 persona
1148 3194 1265 3253 numeri
1279 3195 1373 3271 ligura

81 3293 253 3370 coniugatio
267 3301 385 3372 tompus
399 3292 513 3362 modus,
535 3310 624 3371 quem
641 3296 752 3354 Graeci
771 3292 897 3354 enelisin
913 3301 1027 3363 vocant,
1050 3294 1147 3356 Latini
1165 3306 1167 3375 j
1186 3313 1253 3355 cum
1269 3296 1374 3355 lormis

80 3395 114 3454 in
142 3378 282 3473 qualitate
304 3402 481 3475 posuerunt,
509 3411 616 3471 genuS,
645 3395 723 3475 quod
746 3395 824 3474 apud
853 3395 980 3457 Graecos
1011 3396 1154 3458 diathesis
1174 3405 1371 3476 nutrcupatur.

80 3496 188 3555 borum
216 3497 341 3574 singulis
363 3496 507 3575 inspectis
529 3495 681 3556 sollertius
702 3514 777 3576 quae
800 3499 832 3557 in
855 3497 902 3559 his
918 3498 1033 3559 diversa
1056 3506 1125 3559 sunt
1146 3518 1205 3560 non
1227 3496 1372 3560 latebunt.

40 3614 66 3653 25
81 3596 164 3657 circa
185 3615 280 3668 casus,
303 3608 336 3659 ut
358 3597 497 3667 diximus,
521 3599 658 3677 utrisque
679 3600 814 3678 perlecta
832 3602 1001 3661 communio
1017 3609 1071 3661 est.
1100 3604 1195 3681 prima
1218 3602 1371 3681 utriusque

80 3697 168 3759 verbi
191 3702 316 3761 societas
331 3709 377 3761 est
397 3701 428 3761 in
450 3698 521 3760 hoo:
544 3718 611 3760 nam
634 3708 664 3760 et
680 3709 817 3761 neutrum
841 3700 961 3761 casibus
983 3701 1148 3763 declinatur
1169 3711 1200 3763 et
1213 3711 1371 3784 utrumque

80 3801 224 3861 similiter
244 3803 391 3863 universis
419 3820 513 3881 paene
536 3801 656 3863 casibus
677 3805 777 3873 servit,
800 3811 832 3863 ut
855 3803 999 3863 misereor
1020 3804 1111 3873 illius,
1134 3822 1225 3883 pareo
1246 3804 1299 3875 illi,
1323 3824 1371 3865 ve·

80 3902 287 3973 nerorillum,
311 3904 395 3963 venio
418 3903 544 3975 abillo,
568 3907 647 3965 nitor
674 3904 741 3975 illo;
768 3906 840 3965 item
869 3904 1035 3984 φροντίζω
1062 3903 1179 3983 τοῦδε,
1214 3904 1372 3987 πεύθομαι

78 4000 180 4085 τῷδε,
203 4004 292 4083 φιλῶ
313 3999 423 4066 τόνδε.
459 3991 618 4090 ablativum
648 4008 729 4066 enim
757 4006 802 4066 vel
831 4024 921 4085 quem
943 4007 1047 4068 dicunt
1068 4009 1227 4087 septimum
1250 4007 1377 4068 Graecia

39 4125 66 4163 ao
81 4125 145 4166 non
166 4108 282 4185 recipit.
328 4106 432 4167 eadem
453 4107 512 4169 illis
534 4115 565 4167 et
586 4110 618 4168 in
646 4110 782 4188 personis
809 4107 974 4169 similitudo
1002 4115 1060 4180 est,
1089 4112 1158 4188 quia
1186 4111 1217 4169 in
1248 4118 1372 4189 utroque

79 4204 176 4266 verbo
198 4206 239 4266 lll
260 4207 381 4269 eaedem
402 4229 547 4290 personae
570 4217 648 4278 sunt,
671 4212 768 4289 prima
790 4228 873 4279 voco,
896 4211 1024 4271 secunda
1047 4230 1141 4283 vocas,
1170 4214 1258 4272 tertia
1280 4219 1372 4281 vocat,

80 4316 114 4369 et
136 4309 214 4388 apud
237 4309 302 4370 illos
323 4310 415 4371 καλῶ
438 4311 550 4383 καλεῖς
570 4311 677 4372 καλεῖ.
722 4311 794 4373 hacc
816 4322 886 4373 sunt
908 4314 971 4373 lero
997 4332 1071 4392 quae
1099 4312 1211 4374 babent
1233 4315 1273 4373 ita
1295 4315 1373 4373 inter

168 4482 197 4537 B
218 4486 312 4541 codex
332 4483 482 4541 Bobicasis
503 4501 580 4542 itanc
610 4485 830 4544 Vindoboacneis
853 4486 892 4543 16
1008 4562 1012 4573 Ι

153 4667 166 4714 1
185 4666 311 4732 incipiunt
326 4681 408 4731 pauca
425 4678 543 4733 excerpta
561 4670 595 4718 de
605 4668 667 4717 libro
680 4669 799 4721 macrobii
812 4668 945 4720 theodosii.
971 4668 1120 4719 theodosius
1132 4697 1165 4705 -·
1178 4671 1245 4723 diclt.
1269 4672 1304 4721 lle
1318 4688 1373 4721 ver·

83 4736 404 4785 borum—societatibus.
428 4734 490 4785 (lum
504 4736 529 4784 B
586 4738 791 4787 8uarietntesset
801 4753 870 4787 rm.
884 4736 1030 4786 diuersitate
1043 4738 1207 4787 viarlassetB
1253 4739 1372 4790 lmnelatu

80 4801 292 4864 Banlrelatned.
310 4804 386 4854 Vina.
451 4807 481 4854 11
499 4802 604 4869 absque]
621 4804 734 4868 atqneB
801 4808 834 4855 22
852 4804 1037 4855 Graeciamll
1106 4807 1228 4871 perrelisiu
1246 4807 1272 4856 B
1340 4810 1373 4857 25

81 4871 197 4919 circasus
209 4869 234 4919 B
301 4872 335 4921 27
346 4868 481 4938 misereor]
495 4886 594 4921 mereor
606 4872 631 4921 B
699 4877 732 4923 30
744 4871 862 4937 utroque]
875 4882 931 4923 utro
943 4873 969 4922 B
