3350 5442
110 397 124 422 ,
313 339 375 404 318
890 341 1026 404 rvrrnvv

312 531 435 591 rationis
457 547 581 610 capaces
602 538 687 600 sunt,
711 532 787 592 sicut
809 538 838 591 et
866 530 1012 592 immines.
1057 531 1127 592 dum
1149 531 1223 592 dixit
1246 530 1416 601 ‘mortalc',
1439 530 1598 610 segregarit

312 630 349 692 ab
372 632 492 709 angelis
517 640 547 692 et
569 633 625 692 lroc
648 632 728 708 dixit,
753 631 832 713 quod
855 651 1014 694 commuue
1036 632 1125 694 habet
1147 633 1236 694 homo
1252 652 1318 693 cnm
1334 632 1513 694 animalibus
1534 634 1599 693 bru·

311 735 363 802 tis,
392 736 460 813 quia
489 734 625 795 animalia
654 734 740 794 lvruta
769 735 952 805 moriuntur,
976 736 1052 796 sicut
1074 744 1103 795 et
1130 735 1277 796 homines.
1320 735 1389 796 dum
1413 735 1487 796 dixit
1510 737 1599 795 ‘risus

310 841 429 915 capax’,
453 838 618 914 segregavit
639 835 676 896 ab
699 835 812 915 angelis
835 847 865 897 et
886 837 922 896 ab
946 836 1123 898 animalibus
1145 836 1257 908 brutiS,
1281 845 1311 897 et
1333 837 1390 898 lroc
1412 837 1502 907 dixit,
1525 837 1598 917 quod

310 946 425 998 tantum
449 937 536 999 modo
560 938 673 999 homini
695 939 817 1009 accidit,
842 957 902 1000 non
918 938 984 1001 aliis
998 939 1102 1010 rebus,
1127 941 1194 1019 quia
1215 939 1296 1000 solus
1316 938 1406 1000 homo
1429 939 1520 1009 ridet,
1545 955 1619 1000 nono

311 1039 366 1100 alia
388 1058 447 1101 res

353 1183 357 1195 .
372 1155 396 1196 os
407 1156 431 1198 n.

336 1167 349 1208 p
394 1225 435 1288 li‘a
458 1246 566 1288 nomen
589 1227 667 1307 quod
689 1228 859 1308 qualitatem
881 1229 1026 1307 significet
1048 1237 1078 1290 et
1100 1236 1297 1310 comparetur.
1327 1229 1453 1290 Sanctus
1474 1230 1600 1288 sanctior

310 1330 523 1390 sanctissimus.
569 1330 609 1390 lia
644 1330 723 1408 quod
756 1332 951 1409 quantitatem
987 1332 1134 1410 significet
1167 1341 1197 1392 et
1229 1338 1430 1411 comparetur.
1477 1330 1599 1390 Grandis

309 1431 449 1510 grandior
477 1432 699 1510 grandissimus.
743 1433 784 1494 Da
813 1432 891 1512 qnod
920 1431 1088 1513 qualitatem
1117 1442 1146 1494 et
1177 1435 1370 1513 quantitatem
1399 1433 1547 1510 significet
1573 1441 1598 1491 et

310 1552 370 1594 non
389 1544 585 1615 comparetur.
615 1534 780 1595 Perfectus.
812 1536 909 1607 Quare
930 1554 990 1596 non
1013 1537 1219 1615 comparatur?
1241 1535 1293 1596 llle
1315 1536 1422 1597 dicitur
1445 1534 1596 1614 perlectus,
1609 1555 1627 1590 u

309 1636 359 1714 qni
389 1634 462 1695 nihil
491 1636 527 1698 do
556 1655 609 1698 suo
637 1638 761 1698 artificio
790 1637 911 1716 indiget.
956 1639 1014 1697 iam
1043 1639 1068 1697 si
1096 1637 1199 1699 dixero
1221 1637 1398 1717 perfectior,
1422 1638 1543 1697 mentiri
1564 1636 1597 1695 de

309 1736 360 1796 illo
382 1737 499 1817 priore,
523 1740 590 1818 quia
613 1737 708 1799 adhuc
731 1739 829 1800 varinus
852 1737 942 1800 habet
964 1739 1001 1798 de
1024 1740 1147 1800 artilicio
1170 1757 1234 1800 suo.
1262 1739 1326 1810 Quo
1349 1738 1437 1799 modo
1460 1739 1597 1816 signifieat

309 1835 478 1914 qualitatem
502 1848 532 1900 et
554 1843 765 1918 quantitatem?
789 1841 824 1900 Vt
846 1850 916 1920 puta
940 1842 965 1900 si
988 1839 1069 1902 dicas
1091 1841 1164 1901 mihi
1186 1838 1272 1922 ‘quid
1294 1843 1350 1901 scit
1365 1839 1513 1910 Audaxt',
1536 1839 1597 1898 dico

309 1942 536 2018 ‘grammaticus
559 1945 630 2003 est'.
661 1942 735 2002 dicis
751 1943 822 2003 mihi
846 1941 1026 2022 ‘quomodo
1049 1941 1120 2002 illud
1142 1944 1234 2003 seitt'
1258 1942 1324 2003 dico
1347 1941 1516 2022 ‘perlectus
1530 1945 1595 2003 est’.

309 2060 378 2102 ecce
407 2042 540 2122 qualitas.
585 2047 656 2105 item
684 2047 849 2124 interrogat
875 2064 923 2106 me
946 2044 1048 2106 dicens
1071 2047 1146 2104 ‘scis
1168 2052 1200 2105 tu
1229 2043 1351 2105 illuml'
1380 2045 1489 2104 ‘scint
1531 2042 1597 2102 dicit
1607 2063 1626 2100 n

309 2143 381 2204 milri
405 2148 510 2225 ‘quam
526 2164 650 2225 magnus
667 2155 710 2209 est
730 2147 863 2208 aetatel'
885 2147 952 2207 dico
973 2146 1141 2226 ‘perlectus
1155 2147 1245 2207 homo
1262 2150 1333 2207 est'.
1357 2164 1427 2207 ecce
1443 2146 1593 2225 quantitas.

865 2248 883 2284 *
947 2247 964 2284 t
1029 2246 1047 2284 ἡ
1555 2260 1557 2271 ·

868 1128 884 1164 2
947 1128 963 1163 *
1027 1126 1045 1164 3

334 2277 478 2330 pffifflst

392 2348 508 2410 Genera
531 2367 623 2428 quare
645 2351 740 2411 dicta?
769 2353 793 2413 Α
815 2349 978 2430 gignendo,
1004 2370 1039 2411 eo
1061 2349 1139 2431 qnod
1163 2350 1199 2411 de
1223 2350 1385 2412 masculino
1408 2358 1438 2410 et
1459 2349 1595 2410 feminino

308 2453 444 2512 oriuntur
465 2455 522 2513 ista
544 2452 600 2514 alia
623 2471 742 2532 genera.
788 2453 818 2513 Si
841 2470 951 2532 genera
973 2448 996 2513 a¹
1011 2451 1161 2531 gignendo
1183 2451 1276 2522 dicta,
1306 2461 1447 2514 neutrum
1471 2459 1501 2513 et
1521 2470 1595 2512 com·

309 2573 412 2624 mune,
436 2553 514 2634 quod
539 2571 594 2616 nec
617 2557 711 2633 gignit
733 2573 787 2616 nec
809 2555 954 2632 gignitur,
978 2573 1033 2616 cur
1056 2553 1165 2614 dictum
1189 2562 1233 2615 est
1254 2557 1366 2632 genus?
1395 2555 1541 2626 Quantum
1561 2553 1594 2613 ad

309 2657 455 2718 rationem
477 2659 620 2736 pertinet,
645 2657 693 2718 illa
718 2657 828 2717 debent
849 2656 908 2717 dici
930 2674 1054 2735 genera,
1079 2675 1153 2736 quae
1176 2663 1205 2716 et
1225 2659 1352 2736 gignunt
1374 2665 1404 2717 et
1424 2658 1624 2735 gignuntumo

307 2760 362 2818 ista
384 2776 468 2829 vero,
493 2777 567 2837 quae
590 2777 647 2820 nec
668 2759 792 2838 gignunt
814 2776 871 2820 nec
896 2760 1071 2837 gignuntur,
1100 2760 1270 2839 usurpative
1292 2759 1370 2820 dicta
1391 2767 1462 2820 sunt
1482 2776 1594 2837 genera,

307 2878 366 2920 non
389 2862 520 2940 proprie.
565 2861 646 2933 Quae
674 2869 743 2922 sunt
769 2879 879 2939 genera
908 2860 1101 2940 principalia?
1138 2859 1331 2923 llasculinum
1361 2868 1390 2922 et
1417 2861 1593 2922 femininum.

308 2962 406 3034 Quare
433 2963 510 3023 dicta
537 2962 731 3044 principalia?
768 2963 843 3034 Quia
872 2981 908 3023 ex
935 2964 1008 3041 ipsis
1036 2964 1173 3024 oriuntur
1195 2963 1251 3024 ista
1273 2961 1329 3022 alia
1351 2979 1463 3040 genera
1487 2971 1517 3023 et
1535 2963 1592 3040 ipsa

308 3063 370 3125 sola
397 3073 476 3125 sunt.
521 3063 619 3136 Quare
648 3065 724 3126 dicta
752 3063 926 3145 principalia
960 3063 1005 3124 vel
1033 3061 1096 3124 sola
1134 3065 1264 3143 genera?
1300 3064 1479 3145 Principalis
1513 3063 1593 3132 dicta,

308 3168 376 3243 quia
399 3173 535 3226 neutrum
559 3174 589 3227 et
610 3185 766 3229 commune
790 3186 826 3227 ex
848 3168 919 3247 ipsis
942 3167 1095 3235 oriuntnr;
1123 3166 1200 3237 sola,
1224 3167 1293 3246 quia
1314 3167 1380 3246 ipsa
1401 3173 1516 3227 tantum
1536 3167 1625 3244 gig-ea

307 3276 383 3329 nunt
405 3276 434 3329 et
455 3269 625 3347 gignuntur.
667 3268 740 3330 Tota
768 3287 880 3348 genera
901 3267 1048 3330 naturalia
1070 3275 1154 3338 suot,
1183 3285 1220 3330 an
1243 3276 1313 3328 sunt
1335 3287 1370 3328 ex
1393 3274 1458 3329 arte
1480 3268 1593 3330 descen·

308 3369 424 3430 dantia?
457 3371 533 3431 Sunt
555 3369 715 3442 naturalia,
738 3379 868 3432 suntex
889 3379 953 3431 arte
976 3370 1196 3432 descendentia.
1242 3370 1322 3442 Quae
1345 3378 1415 3431 sunt
1437 3368 1591 3431 naturalia?

308 3471 396 3532 Cuius
418 3490 575 3551 personam
599 3473 790 3536 considerare
812 3491 984 3553 possumus,
1008 3479 1040 3532 ut
1058 3480 1110 3533 aut
1131 3471 1327 3534 mascnlinum
1350 3475 1389 3534 sit
1411 3479 1464 3532 aut
1485 3471 1591 3533 semini-

215 3637 220 3650 ,
308 3591 388 3634 num.
433 3573 516 3645 Quae
544 3582 613 3636 sunt
641 3595 676 3635 ex
704 3583 767 3636 arte
795 3574 1024 3636 descendentia?
1058 3574 1147 3636 Cuius
1169 3583 1304 3637 naturam
1326 3573 1516 3634 considerare
1536 3589 1590 3631 nou

306 3691 478 3752 possumus,
507 3683 540 3736 ut
567 3685 613 3738 est
640 3684 724 3755 petra
753 3683 831 3738 terra
861 3676 973 3756 lignum
996 3684 1026 3736 et
1047 3684 1154 3737 cetera.
1200 3676 1275 3749 Quid
1298 3674 1409 3736 ibidem
1432 3673 1624 3736 laciendumao

307 3777 369 3838 est?
391 3779 557 3840 Auctoritas
581 3780 725 3839 maiorum
749 3779 919 3857 quaerenda
942 3787 995 3840 est.
1026 3777 1063 3839 Et
1083 3778 1135 3838 ubi
1158 3780 1317 3839 auctoritas
1339 3778 1485 3839 maiorum
1506 3793 1591 3855 genus

306 3879 360 3940 tibi
383 3897 442 3940 non
465 3881 725 3951 demonstraverit,
749 3882 818 3962 qnid
841 3879 883 3941 ibi
906 3879 1074 3943 laciendum
1097 3881 1161 3941 est?
1193 3882 1320 3960 Scripsit
1341 3880 1434 3941 Varro
1457 3878 1493 3941 ad
1515 3879 1588 3938 Cice·

306 4000 410 4044 ronem
445 3985 666 4063 ‘potestatis
699 3990 855 4044 nostrae
884 3990 939 4044 est
973 3980 1056 4042 illis
1083 3982 1196 4044 rebus
1223 3983 1309 4044 dare
1331 4000 1482 4062 genera,
1505 3996 1589 4058 quae

306 4103 321 4143 a
345 4094 478 4146 natura
502 4103 617 4164 genus
639 4104 710 4146 non
733 4085 899 4147 habent'.
930 4083 985 4146 vbi
1008 4083 1153 4145 discernis
1174 4086 1229 4145 ista
1251 4085 1379 4162 genera?
1402 4083 1435 4144 ln
1458 4079 1588 4144 articulis.

306 4184 370 4256 Quo
393 4187 499 4248 modo?
523 4185 647 4259 Quando
664 4187 730 4248 dico
747 4187 810 4258 hic,
833 4206 890 4268 pro
913 4178 1076 4248 masculir'vo
1098 4187 1179 4255 dico;
1204 4186 1323 4264 quando
1345 4185 1413 4246 dico
1435 4185 1516 4254 haec,
1536 4201 1621 4262 prosa

305 4289 449 4349 feminino
478 4289 559 4357 dico;
594 4289 713 4369 quando
743 4290 809 4351 dico
837 4289 909 4362 hoc,
939 4307 994 4370 pro
1017 4297 1125 4350 neutro
1153 4283 1236 4357 dico;
1270 4287 1389 4367 quando
1411 4287 1476 4348 dico
1497 4286 1588 4346 hicet

306 4425 451 4432 ---..-....-

376 4495 408 4545 14
425 4490 499 4560 dicis]
523 4494 583 4543 dicit
601 4494 625 4544 R
696 4496 726 4546 at
750 4495 899 4562 usurpativo
918 4493 972 4544 RB
1042 4493 1144 4558 proprie
1162 4492 1187 4541 B
1204 4493 1349 4558 proprisit
1418 4491 1452 4541 3'2
1471 4488 1587 4540 Varronis

305 4563 444 4614 doctrinam
461 4565 493 4614 de
507 4565 643 4628 perietibus
658 4567 791 4626 commum,
810 4581 884 4630 quom
898 4580 934 4613 ea:
950 4564 1030 4615 Plinii
1046 4563 1117 4614 tium
1130 4563 1199 4613 dclvii
1215 4564 1335 4614 ammonia
1352 4570 1501 4624 acceperuut
1514 4563 1586 4610 iuter·

209 4663 210 4666 =
302 4643 392 4696 preter
406 4635 498 4683 Donati
514 4635 564 4699 (css
581 4637 691 4698 Pompei.
706 4653 733 4700 p.
750 4637 797 4687 vot
811 4635 852 4684 ed.
867 4633 966 4695 Lindi,
980 4637 1059 4684 minua
1071 4641 1191 4684 accurate
1207 4636 1346 4683 retum?
1361 4631 1491 4696 Pompeios
1503 4645 1528 4692 p.
1540 4625 1586 4677 143

305 4705 346 4754 erl.
362 4705 439 4754 Lind.
460 4705 563 4755 Seruius
580 4707 605 4754 in
621 4707 688 4757 Iton.
707 4722 735 4770 p.
751 4704 818 4764 407,
837 4704 880 4758 39.
899 4704 961 4768 492,
981 4703 1014 4754 ³7
1038 4704 1190 4754 Praesumo
1205 4705 1223 4757 l.
1242 4703 1265 4752 V
1283 4717 1310 4765 p.
1327 4702 1391 4762 141,
1407 4705 1423 4751 d
1448 4699 1586 4752 Consentius

302 4790 329 4838 p.
348 4773 416 4824 2023
441 4775 558 4824 Isidorus
579 4777 643 4840 ora'p.
664 4777 672 4824 1
692 4775 724 4837 d,
743 4775 786 4828 33.
809 4777 834 4824 iu
858 4775 984 4825 eademne
1002 4773 1067 4822 libro
1084 4773 1115 4824 de
1133 4775 1150 4826 t.
1168 4775 1186 4822 t.
1210 4775 1338 4824 Varronis
1355 4772 1495 4837 fropumto
1511 4783 1540 4818 eo
1556 4768 1587 4816 de

304 4861 334 4896 re
348 4846 433 4909 posuit
450 4845 627 4896 Wilmounrius
643 4846 675 4895 de
696 4847 776 4896 Vorr.
797 4845 840 4899 lid.
856 4860 960 4910 mamm.
978 4859 1005 4908 p.
1023 4841 1057 4894 32
1075 4850 1099 4892 et
1118 4844 1166 4895 151
1240 4843 1273 4893 34
1292 4839 1318 4908 a]
1339 4859 1371 4892 ex
1391 4843 1416 4894 B
