3350 5442
672 352 743 415 uns
1289 353 1351 419 537

1160 474 1182 516 p.
1196 463 1253 503 raro.
1265 464 1289 503 n
1303 462 1327 503 r.

64 540 138 619 quod
168 547 217 599 est
243 540 341 599 decor.
373 540 549 619 producitur
576 546 674 599 autem
702 539 832 607 decoris,
866 557 924 619 quo
952 540 1039 599 modo
1066 540 1189 599 bonoris
1216 541 1352 600 candoris

63 625 182 685 eoloris.
838 624 840 634 '

145 709 275 769 Nomina
303 727 378 787 quae
406 710 495 770 noem
525 710 693 786 significant
715 728 773 769 nou
797 708 1018 779 diminuuntur,
1041 717 1074 771 ut
1096 712 1160 788 ipse
1182 711 1264 779 linis,
1292 730 1351 771 non

64 795 192 855 dicimus
213 794 366 863 srniculus;
389 794 516 854 dicimus
531 796 722 862 norissimus,
745 812 804 854 non
827 795 954 855 dicimus
975 796 1202 864 norissimulus;
1226 795 1353 856 dicimus

44 887 231 949 textremus,
260 896 317 939 non
345 878 471 939 dicimus
499 878 695 948 extremulus;
725 878 852 939 dicimus
880 879 1016 947 ultimus,
1046 898 1105 940 non
1134 880 1261 940 dicimus
1283 880 1351 940 ulti·

65 965 169 1024 mulus.
216 972 246 1023 et
268 966 400 1033 ratione,
429 965 498 1042 quia
526 966 656 1042 quaein
684 965 741 1023 tine
765 972 833 1024 sunt
863 963 922 1023 non
949 964 1060 1024 babent
1089 983 1147 1043 quo
1169 966 1351 1024 minuantur.

146 1048 225 1109 Sunt
253 1050 373 1109 nomina
401 1050 432 1109 in
455 1048 598 1126 singulari
622 1066 745 1108 numero
768 1050 868 1108 neutri
890 1050 1024 1126 generis,
1054 1052 1085 1109 in
1108 1048 1215 1128 plurali
1237 1068 1351 1109 mascu-

65 1134 128 1202 lini,
153 1134 212 1192 boc
235 1132 348 1193 caelum
371 1132 401 1192 bi
425 1133 517 1203 caeli,
540 1152 599 1193 uon
623 1133 720 1201 caela;
748 1151 807 1213 quo
834 1134 922 1193 modo
945 1141 1028 1203 sunt,
1057 1152 1132 1212 quac
1155 1136 1186 1194 in
1208 1133 1350 1210 singulari

66 1218 235 1287 masculini,
260 1220 291 1278 in
313 1218 423 1297 plurali
445 1220 559 1287 neutri,
584 1224 615 1277 ut
637 1218 686 1277 bic
708 1216 866 1288 Tartarus,
890 1220 921 1278 in
943 1218 1049 1297 plurali
1073 1219 1145 1278 baec
1167 1217 1301 1279 Tartara.

37 1316 54 1353 1⁰
146 1304 275 1363 Nomina
302 1304 408 1363 tertiae
439 1302 645 1363 declinationis
673 1321 748 1382 quae
776 1306 806 1363 in
829 1322 848 1361 o
871 1312 980 1364 exeunt
1007 1306 1187 1365 nominativo
1209 1303 1350 1381 singulari

65 1390 182 1459 generis
205 1395 274 1447 sunt
295 1388 442 1455 feminini,
467 1388 600 1467 exceptis
622 1389 725 1466 paucis
746 1388 903 1449 masculini
926 1391 1055 1465 generis,
1079 1407 1204 1467 quorum
1227 1405 1352 1448 numero

66 1483 131 1532 ¹utut
154 1473 230 1532 ordo
252 1472 326 1549 ligo,
350 1480 380 1532 et
402 1474 441 1532 iis
462 1491 537 1552 quac
560 1474 725 1547 communis
746 1474 867 1549 generis
887 1479 971 1541 sunt,
1001 1480 1033 1532 ut
1054 1472 1141 1534 bomo
1163 1491 1251 1533 nemo
1273 1472 1353 1546 bubo

66 1566 93 1615 et
114 1576 234 1634 mango.
279 1576 345 1617 narn
378 1564 477 1617 cetera
504 1557 647 1619 feminine
679 1556 892 1637 enuntialmus,
922 1566 954 1619 ut
980 1557 1125 1635 Carthago
1154 1557 1351 1634 Carthaginis,

67 1644 147 1719 virgo
170 1642 307 1719 virginis,
331 1644 429 1719 imago
452 1644 605 1720 imaginis,
629 1641 736 1718 indago
758 1642 922 1720 indaginis,
953 1643 1040 1719 siligo
1062 1643 1205 1721 siliginis,
1234 1651 1352 1719 sartago

37 1740 56 1775 o
68 1728 241 1805 sartaginis,
265 1728 386 1805 ferrugo
408 1727 587 1805 ferruginis,
610 1727 728 1803 farrago
750 1727 920 1805 farraginis.

146 1812 200 1871 Est
221 1812 277 1871 alia
299 1813 450 1890 quaestio,
473 1817 566 1891 quare'
579 1812 712 1871 dicamus
733 1812 766 1870 in
781 1810 909 1872 ablativo
931 1812 1074 1889 singulari
1097 1811 1133 1873 ab
1155 1812 1212 1872 boc
1234 1830 1305 1871 arcu
1322 1820 1351 1871 et

67 1896 172 1974 plurali
187 1896 331 1975 datiroot
346 1896 473 1957 ablativo
496 1896 542 1957 bis
562 1904 592 1957 et
606 1896 643 1957 ab
659 1896 705 1955 bis
721 1895 862 1967 arcubus,
884 1905 914 1957 et
934 1916 993 1957 non
1009 1900 1052 1958 sic
1066 1898 1139 1957 iacit
1153 1899 1185 1956 in
1201 1896 1299 1957 dativo
1321 1904 1351 1955 et

67 1980 191 2042 ablativo
206 1980 316 2060 plurali
332 2000 347 2041 a
363 2000 450 2042 versu
466 1978 610 2041 versubus
625 1984 752 2055 astuctu
763 1984 923 2056 fluctum,
936 1983 989 2042 sed
1004 1981 1094 2042 biset
1109 1979 1146 2042 ab
1158 1981 1205 2041 bis
1217 1980 1353 2042 versibus

69 2073 95 2125 et
110 2065 261 2127 dumibus.
292 2068 458 2126 curatione
479 2067 525 2135 lit,
549 2065 883 2145 propter-differentiam
901 2068 1025 2127 alterius
1040 2066 1144 2127 similis
1157 2068 1296 2127 nominis.
1327 2068 1353 2125 si

36 2151 102 2209 eat
129 2170 166 2211 eo
192 2151 271 2231 quod
299 2158 346 2211 est
374 2169 460 2211 arcus
488 2150 607 2210 arcibus
635 2150 815 2221 diceremus,
844 2170 902 2211 non
931 2151 1073 2222 arcubus,
1107 2153 1193 2212 beret
1219 2150 1353 2211 conlusio

68 2236 146 2295 illius
172 2237 304 2296 nominis
332 2253 400 2295 cum
428 2254 464 2295 eo
491 2235 569 2315 quod
597 2242 642 2295 εει
669 2253 722 2295 arx
750 2238 842 2307 arcis,
872 2237 943 2298 licet
965 2238 1030 2297 sine
1053 2236 1232 2296 discretione
1254 2234 1352 2313 aliqua

68 2320 213 2398 specubus
235 2326 266 2379 et
289 2317 426 2381 tribubus
449 2318 581 2380 dicamus
602 2318 640 2379 ab
663 2338 699 2380 eo
720 2320 799 2399 quod
822 2328 868 2381 ost
889 2340 997 2400 specus
1018 2330 1048 2381 et
1069 2319 1180 2390 tribus,
1204 2328 1234 2380 ct
1256 2318 1293 2380 ab
1316 2338 1351 2379 eo

69 2406 142 2483 qnod
166 2412 211 2465 est
231 2423 305 2465 reru
327 2404 457 2465 verubus
479 2405 582 2465 eodem
611 2405 707 2465 modo.
752 2424 854 2465 versus
875 2424 945 2465 vero
966 2414 996 2466 et
1017 2406 1126 2466 fluctus
1147 2412 1179 2465 ει.
1199 2412 1298 2465 cetera
1320 2406 1351 2464 in

70 2489 175 2550 dativis
196 2498 227 2551 et
250 2488 386 2550 ablativis
407 2488 571 2569 pluralibus
593 2490 602 2549 i
625 2487 736 2550 habent
758 2489 835 2559 ideo,
859 2493 929 2570 quia
944 2490 1017 2551 baec
1032 2492 1151 2551 nomina
1174 2508 1232 2550 non
1248 2488 1351 2549 turbat

38 2575 209 2635 scientium
231 2576 384 2635 nominum
406 2574 539 2635 conlusio
561 2574 608 2634 vel
630 2573 803 2635 similitudo.
842 2592 914 2652 ergo
935 2594 994 2654 quo
1015 2574 1102 2635 modo
1125 2574 1255 2634 arcubus
1277 2574 1351 2634 dici-

69 2678 130 2719 mus
152 2658 190 2720 ab
213 2678 249 2719 eo
277 2657 356 2739 quod
385 2665 454 2719 sunt
476 2678 563 2723 arcus
585 2666 707 2739 propter
730 2678 826 2729 arces,
855 2662 900 2720 sic
922 2659 1045 2720 artubus
1067 2658 1104 2719 ab
1126 2678 1161 2718 eo
1183 2659 1261 2737 quod
1284 2666 1353 2718 sunt

69 2752 147 2804 anus
169 2750 293 2824 propter
316 2751 405 2804 artes.
440 2743 489 2803 bic
512 2746 591 2804 vitus
618 2742 655 2803 ab
683 2744 738 2804 boc
760 2746 821 2805 vitu
844 2743 962 2805 vitubus
983 2745 1069 2805 lacit:
1093 2762 1161 2804 nam
1182 2742 1293 2803 vitibus
1315 2741 1352 2801 ab

70 2848 102 2887 eo
122 2829 201 2908 quod
224 2836 293 2889 sunt
314 2831 399 2889 vites.
445 2830 489 2888 sic
516 2845 587 2907 ergo
617 2826 806 2899 observabis
830 2848 898 2889 cum
920 2829 1025 2889 similia
1047 2831 1168 2889 uomina
1189 2830 1351 2888 inveneris.

149 2912 290 2983 Quaestio
319 2921 378 2984 est,
406 2913 485 2974 unde
512 2913 697 2990 intellegitur
724 2933 739 2972 e
768 2914 945 2993 productum
966 2916 998 2974 in
1021 2914 1163 2982 ablativo,
1187 2912 1265 2972 unde
1287 2930 1352 2971 cor·

40 3005 193 3077 ereptum.
238 3000 262 3057 si
292 2999 400 3077 accipit
427 3016 493 3059 rum
519 3000 673 3076 genetivus
700 2998 837 3078 pluraliS,
869 3000 941 3060 lacit
966 3001 997 3059 in
1021 2997 1147 3059 ablativo
1169 2998 1351 3075 singularis

71 3084 259 3160 productum;
290 3085 314 3143 si
343 3102 408 3152 um,
439 3090 623 3162 correptum,
655 3090 684 3142 et
711 3092 844 3145 emutat
864 3085 895 3144 iu
918 3086 939 3143 i.
983 3084 1036 3144 sed
1057 3083 1163 3144 melior
1183 3082 1286 3160 regula
1308 3089 1355 3141 est

71 3176 99 3226 ut
120 3168 157 3227 de
185 3168 285 3228 dativo
312 3167 421 3247 plurali
449 3185 672 3245 cognoscamus
702 3175 800 3229 uuum
828 3168 1006 3248 productum
1034 3176 1079 3229 est
1107 3186 1144 3229 an
1171 3176 1351 3247 correptum.

73 3254 144 3313 unde
168 3254 194 3313 si
218 3252 395 3332 productum
418 3260 463 3312 est
484 3270 500 3311 e
523 3254 554 3313 in
577 3252 703 3313 ablativo
725 3253 884 3331 singulari,
908 3255 1035 3333 accipiet
1058 3252 1113 3313 bus
1135 3253 1258 3313 etfacit
1279 3252 1352 3312 tiati-

73 3354 134 3397 rum
158 3336 313 3417 pluralem.
357 3355 425 3397 nam
448 3338 474 3398 si
496 3345 666 3415 correptum
689 3344 748 3408 est,
772 3345 868 3399 mutat
889 3340 921 3398 in
944 3340 969 3407 i,
992 3344 1026 3398 ut
1047 3339 1136 3398 iaciat
1159 3336 1297 3407 dativum,
1321 3345 1354 3396 ut

43 3430 136 3498 epota
159 3421 195 3483 ab
218 3422 273 3483 hac
295 3440 342 3491 re,
366 3421 450 3482 adice
472 3420 542 3492 bus,
566 3422 689 3482 etfacit
710 3422 816 3493 rebus;
841 3422 878 3484 ab
900 3422 955 3483 bac
979 3424 1094 3501 specie,
1118 3421 1200 3483 adice
1222 3420 1293 3491 bus,
1323 3429 1353 3479 ct

73 3506 136 3565 iacit
158 3505 325 3587 speciebus.
370 3524 442 3584 crgo
464 3508 507 3567 sic
529 3506 677 3584 intellegis
698 3506 875 3587 productum
898 3526 974 3569 esse.
1016 3506 1054 3567 ab
1076 3526 1093 3565 e
1114 3525 1185 3566 vero
1212 3512 1352 3585 correpto

73 3607 125 3651 non
149 3594 206 3661 sic,
231 3593 256 3651 si
280 3590 391 3651 adicias
415 3590 485 3662 bus,
509 3598 542 3652 ut
564 3591 601 3651 ab
623 3592 678 3651 boc
701 3592 820 3652 bomine
843 3591 1034 3661 hominebus,
1058 3589 1110 3651 sed
1131 3596 1225 3651 mutat
1247 3609 1263 3650 e
1286 3592 1350 3650 ini

73 3683 98 3734 et
117 3678 226 3755 accipit
249 3675 320 3745 bus,
344 3682 374 3735 et
396 3677 439 3735 sic
461 3678 520 3736 erit
540 3676 679 3747 latinum,
704 3684 734 3737 et
755 3684 925 3756 correptum
947 3680 1015 3738 erit.

149 3761 259 3823 Omnes
279 3760 397 3821 litterae
419 3762 540 3837 generis
561 3763 661 3828 neutri
683 3767 752 3821 sunt
766 3764 883 3822 numeri
900 3769 1012 3823 tantum
1033 3760 1191 3839 singularis
1206 3767 1237 3820 et
1251 3766 1350 3839 aptote

41 3843 219 3917 edicuntur,
235 3852 268 3905 ut
282 3851 353 3926 puta
367 3844 423 3906 hoc
438 3865 468 3916 a,
485 3845 574 3907 huius
590 3864 622 3915 a,
638 3846 708 3907 huic
723 3864 753 3916 a,
770 3846 826 3908 boc
841 3866 873 3918 a,
890 3865 908 3907 o
923 3866 955 3917 a,
972 3845 1080 3907 abhoc
1098 3864 1132 3916 a;
1149 3847 1194 3906 sic
1212 3843 1247 3916 b,
1264 3847 1307 3906 sic
1323 3862 1349 3913 c,

868 3962 875 3997 l

131 4061 324 4132 lproducitur]
343 4064 460 4131 producit
481 4064 510 4114 V
514 4077 532 4120 ς
601 4066 912 4129 usitatissimus
964 4068 990 4117 ln
1009 4066 1072 4116 flues
1093 4073 1151 4115 sunt
1172 4066 1200 4115 V
1248 4062 1350 4129 8qnae

71 4134 91 4181 iu
109 4134 233 4201 singulari
251 4134 292 4184 hic
310 4142 419 4185 tartarus
441 4136 465 4183 V
535 4137 568 4188 12
587 4146 612 4186 ει
630 4136 662 4187 iis
680 4132 754 4203 quae]
777 4136 809 4185 iis
827 4150 893 4199 quae
914 4138 941 4187 V
954 4146 979 4187 et
994 4146 1092 4201 quaes
1154 4135 1186 4187 16
1201 4148 1279 4199 quere
1294 4148 1351 4184 oum

72 4204 180 4255 dimmus
196 4206 222 4255 V
237 4206 297 4269 quia
316 4218 373 4254 cum
386 4204 501 4254 dimotus
518 4217 535 4261 ς
588 4206 620 4257 18
637 4206 759 4255 versubus
773 4220 818 4255 om.
843 4206 871 4254 V
917 4222 933 4255 u
950 4206 1028 4257 linctu
1043 4206 1167 4255 lluctubus
1185 4220 1231 4254 om.
1253 4205 1282 4253 V
1283 4218 1300 4261 ς

72 4274 100 4323 19
115 4271 156 4339 ee]
172 4275 246 4324 etiam
259 4284 276 4328 ς
328 4274 361 4325 21
379 4276 489 4325 nominis
505 4276 536 4323 eb
550 4290 580 4325 eo
594 4277 662 4340 quod
679 4285 718 4325 eet
731 4290 776 4324 arx
795 4275 862 4323 ereis
875 4288 892 4331 ς
907 4276 1017 4325 nominis
1029 4276 1060 4325 ab
1079 4292 1108 4332 eo
1122 4274 1190 4339 quod
1208 4280 1267 4324 sunt
1280 4289 1352 4322 orces

74 4344 97 4391 V
141 4344 311 4409 discreptione
331 4344 358 4393 V
405 4346 439 4394 22
455 4352 481 4395 ει
497 4356 555 4397 ante
571 4345 602 4395 eb
620 4360 666 4399 om,
687 4347 713 4394 V
781 4345 886 4395 24111εο
904 4345 1039 4409 qoieheec
1056 4346 1159 4394 nomina
1177 4344 1309 4394 conturbet
1329 4344 1356 4393 V

71 4412 172 4479 ideoque
191 4414 254 4464 baec
273 4414 376 4464 uomina
395 4414 573 4469 conturbante
633 4416 667 4467 26
684 4423 787 4480 propter
806 4428 877 4464 orces
893 4430 938 4466 om.
962 4417 990 4466 V
1043 4415 1075 4464 27
1095 4414 1137 4463 hic
1155 4416 1237 4463 uictm
1255 4414 1286 4461 ab
1303 4412 1351 4463 boc

71 4483 132 4533 nictu
148 4484 265 4535 uictubus
284 4483 346 4535 iecit
363 4495 394 4538 ςι
408 4484 444 4547 cs.
462 4483 542 4537 Prot.
557 4484 635 4539 irretit.
653 4499 680 4548 p.
703 4482 767 4548 116,
784 4484 818 4533 22
888 4485 923 4535 29
940 4484 1093 4550 intellegitur
1110 4487 1137 4534 in
1153 4486 1245 4533 lacuna
1262 4498 1308 4532 oro.
1330 4479 1354 4530 V

131 4564 157 4603 et
175 4554 243 4605 uude
259 4561 401 4619 correptum
421 4555 443 4603 si
463 4554 554 4619 occipit
573 4566 590 4608 ς
609 4554 675 4604 unde
693 4562 850 4620 compertum
867 4562 907 4604 est
923 4556 947 4603 si
964 4556 1090 4618 acciperet
1113 4556 1140 4605 V
1205 4553 1240 4604 30
1260 4568 1274 4601 ε
1293 4568 1352 4618 pro-

71 4620 165 4675 ductum
183 4624 205 4672 si
224 4638 267 4673 unt
286 4632 428 4688 correptum
445 4632 483 4672 est
500 4632 524 4671 ει
541 4638 556 4672 ε
572 4630 681 4678 ηιειεις
696 4624 722 4674 in
734 4639 749 4673 ε
760 4623 910 4689 productum
925 4625 948 4675 si
965 4626 999 4675 nd
1017 4632 1160 4687 correptum
1176 4632 1216 4673 est
1232 4630 1311 4671 nrutot
1328 4622 1355 4671 V

132 4692 166 4743 31
186 4692 233 4743 sed
250 4692 339 4743 melior
354 4692 446 4760 regule
463 4702 509 4743 est.
528 4692 614 4743 datiuo
627 4693 720 4759 plurali
738 4707 793 4743 rum
810 4692 939 4758 producit,
956 4708 1000 4744 um
1017 4701 1101 4743 summ
1115 4704 1155 4743 est
1173 4700 1316 4757 correptum
1335 4703 1353 4746 ς

131 4762 166 4813 36
183 4763 333 4829 productum
348 4778 405 4813 esse
419 4763 450 4812 ab
468 4761 516 4811 hoc
531 4762 617 4811 uerbo.
633 4764 730 4829 pariete
745 4762 785 4811 cui
801 4764 824 4813 si
841 4762 947 4813 adiiciet
960 4764 1008 4814 bos
1027 4777 1078 4813 non
1096 4764 1135 4813 eie
1148 4771 1173 4812 et
1191 4763 1222 4811 ab
1239 4760 1289 4811 lroc
1306 4761 1352 4810 bo-

71 4832 131 4880 mine
148 4832 294 4881 bominibus
311 4832 340 4883 V
405 4831 440 4884 39
458 4842 482 4882 ει
502 4839 602 4897 εριοιεε
619 4844 635 4887 ς
655 4847 670 4883 a
688 4833 771 4898 poetis
787 4834 816 4883 V

113 4920 289 4965 crannunn
301 4922 434 4965 mrturv.
1108 4915 1151 4983 35
