3350 5442
579 351 814 417 conuuurvu
1287 350 1348 415 129

1189 487 1195 501 .
1209 462 1286 501 ιι-ιι
1299 459 1322 501 ι.

79 539 192 601 ruraliter
211 536 298 617 longa
322 548 377 607 est,
399 547 428 599 ta
451 540 624 601 naturaliter
647 539 746 601 brevis
768 546 828 610 est,
854 535 860 620 Ι
885 538 1107 601 circumflexum
1131 472 1222 600 habet
1243 557 1348 600 aecen-

78 652 132 703 un.
171 640 200 701 id
227 648 273 701 est
302 639 421 719 quando
449 649 495 703 est
522 642 679 703 trochaeus
700 640 892 711 naturaliter,
916 650 992 715 tune
1020 648 1065 701 est
1087 641 1296 703 circumflexus
1317 643 1349 702 iu

77 742 217 824 disyllabis
239 741 329 803 aliter
350 761 409 803 nou
433 740 517 814 lieet,
541 750 664 823 utputa
686 747 763 805 meta
779 743 866 804 Creta
883 744 984 805 llduta.
1017 760 1087 804 eece
1109 743 1197 804 modo
1221 745 1349 804 circum·

76 848 150 906 ierus
175 852 217 905 est
244 852 375 915 mutum,
405 844 482 922 quod
511 847 594 924 prior
622 845 798 907 naturaliter
819 843 908 924 longa
931 852 976 907 est
999 852 1028 905 et
1048 844 1151 906 ultima
1174 844 1350 906 naturaliter

59 948 163 1009 strevis.
190 946 276 1007 aliter
299 964 370 1007 vero
384 947 666 1029 quomodocumque
688 950 747 1007 iarn
769 955 888 1008 aeutum
911 948 1031 1009 iaciunt.
1063 947 1133 1026 quid
1156 949 1180 1007 si
1202 949 1350 1027 positione

76 1048 145 1127 leuga
165 1049 218 1108 sit?
247 1056 353 1109 acutus
380 1056 437 1119 est,
461 1056 584 1129 utputa
607 1049 705 1118 dnum
727 1057 831 1109 acutus
854 1055 907 1109 est.
953 1047 1025 1129 quid
1048 1050 1072 1107 si
1095 1050 1178 1127 prior
1201 1046 1300 1110 brevis
1322 1056 1351 1110 ει

76 1151 199 1231 posterior
226 1147 335 1229 longai
362 1157 466 1210 acutus
494 1157 554 1220 est,
583 1158 617 1211 ut
641 1160 714 1230 puta
740 1152 859 1232 pareus,
905 1149 975 1230 quid
1004 1152 1028 1211 si
1051 1148 1156 1211 ambae
1179 1149 1352 1211 naturaliter

76 1252 161 1331 longae
180 1253 256 1312 siml
284 1260 403 1313 acutum
426 1251 552 1321 babent,
577 1260 609 1313 ut
631 1261 675 1314 est
696 1252 787 1331 leges.
832 1261 863 1314 et
885 1270 977 1333 quare
1006 1252 1079 1313 boel
1106 1250 1155 1311 lex
1177 1252 1352 1313 naturaliter

75 1354 222 1432 longeest,
247 1361 278 1414 et
301 1354 428 1415 diximus
449 1355 625 1415 naturaliter
647 1354 752 1434 longas
774 1354 972 1436 paenultimas
994 1353 1217 1415 circumflexum
1240 1352 1352 1415 babere

51 1474 63 1507 n
76 1464 223 1524 recentum
246 1456 383 1517 sednon
405 1458 543 1534 sequitur
564 1456 679 1527 brevis,
703 1466 736 1518 ut
756 1460 796 1517 sit
818 1456 983 1518 troebaeus.
1013 1474 1082 1518 uam
1105 1455 1187 1535 leges
1202 1455 1353 1536 spondeus

76 1566 117 1619 est.
155 1575 224 1637 ergo
252 1565 326 1619 tune
353 1566 399 1619 εει
426 1559 650 1630 circumflexus,
679 1559 798 1638 qtrando
827 1560 911 1640 prior
939 1559 1113 1621 naturaliter
1141 1556 1228 1637 longa
1257 1565 1301 1619 est
1324 1564 1354 1617 et

77 1660 159 1721 ultima
173 1658 348 1721 naturaliter
365 1658 473 1722 brevis.
504 1680 574 1722 enee
595 1661 689 1723 babes
710 1664 770 1722 iam
794 1652 882 1722 etiam
907 1660 943 1721 de
959 1659 1125 1741 disyllabis;
1149 1658 1238 1720 modo
1255 1658 1351 1720 videa·

76 1782 127 1823 mus
146 1762 180 1823 de
200 1761 373 1842 trisyllabis.

143 1864 271 1927 Diximus
295 1866 434 1943 quoniam
457 1866 545 1927 tertia
567 1883 583 1927 a
606 1867 665 1927 ilne
687 1883 747 1926 non
770 1873 869 1946 potest
890 1864 1002 1925 babere
1025 1866 1083 1927 nisi
1105 1871 1223 1925 acutum
1247 1876 1423 1940 accen-tat,
1436 1876 1468 1927 at

52 1975 138 2035 stum
164 1985 222 2027 uon
251 1965 333 2027 lieet.
379 1986 451 2046 ergo
478 1966 539 2027 noli
567 1984 727 2045 quaerere,
756 1966 851 2045 qualis
879 1969 932 2029 sit:
965 1970 1026 2028 siue
1053 1970 1236 2027 naturaliter
1261 1968 1354 2041 lonpa

77 2071 124 2128 sire
145 2070 289 2148 positione
312 2068 400 2147 longa
422 2074 484 2129 slve
506 2068 680 2131 naturaliter
702 2069 817 2140 brevis,
848 2088 907 2130 nou
937 2068 1026 2131 babet
1047 2070 1104 2130 uisi
1126 2076 1256 2131 acutum.
1301 2065 1354 2127 sed

76 2170 131 2230 illud
150 2169 353 2247 quaerendum
375 2171 461 2231 nobis
483 2180 542 2241 est,
567 2170 684 2249 quando
707 2171 829 2243 babeat,
854 2172 921 2250 quia
945 2178 973 2231 et
994 2172 1050 2231 ista
1072 2169 1184 2231 babere
1205 2176 1304 2249 potest
1326 2176 1355 2229 et

75 2274 130 2342 ista,
153 2291 190 2333 ne
217 2291 354 2333 erremus
377 2279 406 2332 et
428 2270 560 2335 dicamus
583 2275 671 2335 istam
693 2272 833 2343 habere..
850 2291 917 2333 eum
941 2274 995 2333 ista
1018 2271 1136 2333 babeat.
1182 2288 1253 2351 ergo
1276 2272 1354 2331 seire

76 2374 195 2435 debemus
222 2374 282 2435 boe
309 2376 511 2435 firmissimum
540 2394 618 2441 esse.
649 2374 653 2456 l
682 2383 753 2436 tuuc
783 2377 901 2436 tertiam
929 2392 945 2435 a
975 2374 1032 2435 line
1054 2372 1167 2435 babere
1189 2381 1354 2442 accentum,

51 2476 174 2555 *quaudo
201 2475 335 2538 secunda
362 2495 378 2537 a
406 2478 464 2538 liue
493 2475 668 2538 naturaliter
689 2477 788 2538 brevis
810 2485 864 2537 est.
909 2476 1069 2545 Romulus,
1093 2494 1127 2537 ro
1150 2474 1236 2554 longa
1260 2481 1356 2536 estet

27 2611 28 2668 ι
76 2596 114 2637 mu
139 2578 312 2641 naturaliter
339 2577 438 2639 brevis
466 2587 524 2649 est;
555 2597 626 2658 ergo
654 2582 793 2659 quoniam
820 2587 851 2640 et
877 2597 912 2640 ro
942 2577 1113 2639 naturaliter
1141 2577 1227 2656 longa
1258 2584 1303 2637 est
1325 2584 1355 2637 et

27 2689 28 2771 t
76 2698 127 2749 nu,
148 2698 221 2759 quae
245 2689 293 2743 est
315 2680 444 2742 secunda
467 2700 484 2741 a
505 2682 579 2751 fine,
602 2680 775 2743 naturaliter
798 2679 898 2742 brevis
921 2688 980 2750 est,
1006 2688 1109 2741 acutus
1132 2686 1271 2740 accentus
1295 2685 1353 2739 est:

27 2777 29 2848 ᾗ
76 2786 214 2858 maximus,
246 2784 386 2862 optimus.
431 2802 492 2845 nou
518 2771 589 2845 llc'et
617 2794 649 2845 ut
677 2785 765 2845 tertia
786 2802 803 2843 a
824 2784 884 2843 line
906 2782 1014 2844 babeat
1036 2789 1204 2857 accentum,
1228 2781 1287 2841 nisi
1308 2798 1354 2841 se·

28 2925 29 2968 t
76 2884 153 2946 ruuda
173 2904 191 2945 a
211 2887 273 2947 fine
295 2883 469 2946 naturaliter
497 2884 596 2947 brevis
624 2888 669 2947 sit.
709 2904 780 2947 ecce
801 2885 894 2946 habes
916 2886 1060 2946 rationem
1084 2885 1188 2944 tertiae
1211 2881 1354 2961 syllabae:

52 2984 134 3045 auito
154 2990 270 3048 tertiam
292 3007 309 3049 a
331 2988 405 3056 line,
430 2996 460 3047 et
481 2989 539 3047 iam
562 2986 738 3069 disyllabum
761 2994 814 3048 est.
860 2990 885 3048 si
909 2987 987 3047 enim
1010 2984 1165 3047 sustuleris
1186 2986 1272 3045 istam
1296 2993 1354 3044 ter-

28 3085 29 3168 ἶ
76 3089 143 3155 iam,
164 3108 323 3151 remanere
338 3089 450 3151 babent
465 3089 551 3151 duae.
582 3091 608 3150 si
630 3091 829 3151 remanserint
845 3089 937 3159 duae,
961 3090 1036 3149 ratio
1052 3086 1265 3169 disyllaborum
1288 3087 1353 3146 erit.

77 3188 184 3253 bunius
209 3194 242 3252 in
272 3194 388 3252 ratione
416 3190 628 3272 disyllaborum
656 3210 717 3253 nou
744 3210 834 3271 posse
867 3192 994 3252 inveniri
1026 3190 1264 3258 circumflexum,
1298 3188 1355 3249 nisi

28 3277 29 3298 ³
77 3292 175 3367 prendo
196 3295 254 3355 ista
277 3293 449 3355 naturaliter
471 3294 559 3372 longa
582 3301 612 3354 et
634 3292 736 3355 ultima
759 3292 936 3354 naturaliter
959 3291 1057 3353 brevis
1078 3293 1124 3353 sit.
1156 3310 1228 3371 ergo
1250 3291 1355 3353 Cethe·

28 3379 29 3388 ¹
77 3410 134 3469 gos,
153 3394 223 3456 tolle
246 3396 318 3457 iude
339 3414 390 3466 ce,
414 3401 548 3456 remanet
569 3393 684 3475 tbegus.
724 3396 829 3474 tbegus
853 3397 904 3473 qui
925 3413 980 3474 pes
1004 3396 1065 3456 est?
1088 3394 1260 3455 trochaeust
1285 3409 1356 3470 ergo

54 3496 266 3559 aeireumllexus
294 3501 361 3559 erit.
407 3497 477 3576 quid
500 3499 525 3558 si
547 3496 628 3558 dicas
651 3496 757 3557 cethei
785 3499 928 3574 quoniam
950 3515 1010 3558 uon
1034 3504 1081 3557 est
1100 3496 1273 3565 trochaeus,
1296 3496 1354 3554 iarn

79 3604 164 3658 acutus
191 3602 258 3659 erit.
304 3598 374 3677 quid
403 3601 429 3659 si
457 3598 539 3660 dieas
560 3598 712 3663 Metellus?
741 3597 780 3659 tel
802 3598 898 3679 qualis
922 3598 986 3660 estl
1013 3600 1160 3679 positione
1183 3597 1270 3676 longa
1294 3604 1353 3657 est:

79 3716 135 3777 ugo
156 3719 278 3763 neeesse
301 3707 400 3763 estut
421 3708 524 3762 acutus
547 3708 687 3762 accentus
710 3702 756 3762 sit.
789 3719 860 3780 ergo
883 3699 944 3761 noli
966 3708 996 3761 te
1017 3702 1048 3761 in
1064 3700 1195 3761 diversas
1217 3698 1356 3777 ambages

80 3803 192 3873 mittere,
217 3803 271 3865 sed
287 3810 396 3873 tracta,
420 3802 539 3882 quando
562 3802 669 3865 debeat
690 3811 846 3865 aoeeutum
868 3801 996 3872 babere;
1020 3810 1091 3865 tuno
1114 3809 1213 3863 autem
1236 3797 1358 3861 babebit

80 3914 212 3967 utentum
249 3907 337 3967 tertia
372 3926 388 3967 a
418 3909 491 3977 fine,
526 3905 645 3983 quando
672 3904 803 3967 secunda
831 3924 848 3965 a
876 3906 935 3965 line
963 3905 1138 3967 naturaliter
1167 3902 1266 3964 brevis
1300 3906 1354 3965 est.

59 4004 175 4067 isublata
201 4009 290 4069 tertia
313 4026 330 4068 a
352 4007 411 4068 fine
438 4026 506 4069 cum
528 4009 727 4069 remanseriut
749 4008 838 4077 duae,
868 4006 948 4069 redis
970 4007 1006 4068 ad
1029 4009 1175 4069 rationem
1197 4002 1355 4083 disyllabo·

81 4124 143 4178 run,
164 4119 193 4170 et
213 4110 291 4171 bauo
314 4127 398 4172 serva
419 4112 577 4171 rationem.
601 4107 606 4190 Ι

147 4208 287 4292 Οιιιεφιιιι
310 4214 442 4292 pertinet
462 4211 498 4273 ad
523 4220 676 4282 accentus,
705 4211 763 4273 boc
785 4220 845 4280 est;
876 4229 932 4272 nee
953 4218 1053 4291 potest
1074 4210 1198 4271 ulterius
1219 4208 1355 4288 reperiri.

135 4434 258 4498 iperens
273 4432 300 4481 B
318 4434 505 4484 Liaaderaannua
522 4434 597 4483 erens
609 4434 662 4485 Au
731 4434 791 4497 quid
810 4435 831 4483 ei
851 4433 940 4485 ambae
960 4432 1052 4499 longae
1067 4433 1117 4483 siut
1136 4431 1198 4496 quid
1216 4432 1239 4481 εἰ
1258 4438 1358 4481 ιιειιιιιι-

85 4498 126 4549 liter
139 4504 228 4569 longae
251 4512 430 4553 sputaculum
447 4503 542 4553 babent
560 4514 588 4554 ut
606 4512 645 4555 eet
662 4503 734 4570 leges
755 4513 780 4553 et
798 4519 877 4565 quare
898 4502 941 4552 lex
960 4510 984 4552 et
1004 4517 1081 4565 quare
1100 4501 1148 4553 hoc
1169 4502 1211 4553 lex
1228 4501 1254 4551 A
1325 4500 1357 4551 12

86 4569 206 4623 iruetlam
224 4574 288 4625 Ba:
308 4576 385 4624 etiam
402 4588 448 4624 οιιι.
469 4573 519 4625 uA
590 4575 622 4625 15
641 4575 696 4624 sire
716 4574 864 4624 naturaliter
886 4571 962 4639 longa
983 4588 1029 4626 orn.
1052 4572 1135 4623 ABG
1204 4572 1235 4621 17
1255 4570 1316 4635 quie
1333 4578 1358 4620 et

85 4638 119 4688 bu
130 4643 311 4697 nummus
331 4645 392 4708 quia
409 4653 435 4693 et
452 4645 508 4709 ipsa
527 4643 583 4693 AB
589 4644 610 4695 0
679 4645 712 4694 22
730 4653 818 4693 uentus
835 4652 955 4693 accentus
977 4651 1015 4692 eat
1032 4641 1073 4691 Ga
1089 4650 1114 4691 et
1132 4651 1250 4691 accentus
1268 4649 1358 4690 acutus

86 4720 112 4758 et
126 4712 176 4761 AB
242 4717 276 4765 ts
290 4730 351 4765 ecoe
369 4713 449 4764 babes
466 4712 521 4765 Ao
537 4730 594 4764 ecee
612 4712 677 4765 babe
696 4713 757 4764 Bu:
773 4715 889 4777 sarturae
907 4728 965 4763 eece
984 4712 1063 4763 babes
1076 4713 1198 4763 rationem
1212 4710 1359 4776 trisyllabo-

87 4792 127 4827 rum
203 4784 471 4835 2'1iuuenireABC
547 4783 581 4835 28
600 4784 731 4852 longeest
748 4782 873 4833 etABO
953 4782 1110 4847 sequipes
1129 4780 1358 4848 CoquippeAB

139 4850 171 4903 33
187 4854 275 4905 debeat
292 4865 395 4905 neutum
414 4853 508 4903 babere
524 4854 606 4905 ABG
678 4853 712 4905 37
731 4854 843 4918 reperire
859 4854 883 4901 A

127 4942 290 4988 ιιιιιιιιιιιει
304 4944 397 4987 mimi
412 4945 440 4985 v.
1135 4936 1163 5022 9Ι
