3350 5442
324 350 389 415 392
866 350 1068 413 consenuit
1645 391 1646 467 ρ

351 473 372 513 ρ.
386 462 461 501 14-1s
475 459 499 499 a.
1525 472 1542 499 ι.
1554 462 1579 501 ιι.

325 542 440 620 coperit
461 558 516 619 pro
542 539 653 618 operit,
681 540 762 616 gruit
789 539 943 618 proruit,
973 545 1078 598 tottum
1101 546 1254 618 prototo,
1278 539 1397 601 cottidie
1419 558 1477 619 pro
1500 542 1596 609 cotidie,

324 642 471 722 quandins
491 659 547 721 pro
569 640 715 720 quandiu;
744 639 886 719 syllabae,
909 646 942 700 ut
964 640 989 700 si
1011 640 1092 701 dicas
1114 642 1236 702 tutrusit
1256 660 1311 721 pro
1333 642 1437 712 trusit;
1461 644 1595 721 temporis.

324 751 357 804 ut
384 743 504 825 quidam
532 743 634 805 dicunt
662 744 748 821 piper
776 742 919 821 producta
947 742 1046 821 priore
1076 741 1200 821 syllaba,
1230 760 1296 803 cum
1325 745 1364 803 sit
1391 742 1507 814 brevis,
1534 746 1596 824 quod
1646 777 1647 851 y

325 848 426 907 vitium
450 846 589 908 dirorum
610 844 755 905 familiare
778 852 838 914 est;
868 850 1021 913 accentus,
1045 852 1079 903 ut
1099 844 1191 923 siqtris
1214 844 1316 905 dicens
1338 846 1462 924 triginta
1484 847 1595 925 priorem
1646 856 1647 865 ’

324 948 466 1028 syllabam
489 954 576 1008 acuat
598 956 629 1007 et
650 954 824 1026 sequentem
847 946 976 1023 graviter
998 946 1147 1015 enuntiet,
1176 948 1227 1027 qui
1252 948 1356 1008 modus
1378 955 1410 1008 ct
1431 966 1488 1027 per
1507 951 1611 1008 imma-a

325 1052 467 1111 tationem
490 1050 555 1110 lieri
577 1050 710 1120 videtum
733 1050 937 1128 aspirationis,
966 1054 998 1108 ut
1020 1048 1114 1127 siquis
1135 1048 1243 1109 laomen
1265 1047 1401 1110 scribens
1424 1050 1530 1110 adiciat
1549 1052 1595 1127 pri·

325 1170 389 1212 mae
412 1151 541 1232 syllabae
565 1152 784 1231 aspirationem.
829 1169 882 1230 per
912 1151 1124 1211 detractionem
1152 1151 1226 1211 liunt
1249 1150 1427 1211 barbarismi
1450 1153 1506 1213 sio:
1533 1152 1594 1211 littr-

325 1274 392 1325 rae,
414 1264 449 1315 ut
471 1256 564 1335 siquis
588 1252 591 1334 l
616 1254 693 1314 dieat
709 1252 795 1313 vllam
810 1270 866 1331 pro
881 1251 993 1321 villam,
1017 1252 1085 1312 mile
1101 1271 1156 1332 pro
1172 1252 1266 1322 mille,
1289 1260 1340 1314 aut
1362 1270 1498 1313 socerum
1513 1253 1594 1313 rolens

325 1357 425 1417 dicere
448 1356 527 1416 dieat
554 1373 671 1416 socrum
699 1372 814 1423 meum,
843 1356 874 1415 in
896 1372 955 1433 quo
977 1355 1035 1413 erit
1057 1362 1087 1414 et
1109 1354 1315 1424 soloecismus
1343 1356 1413 1434 quia
1441 1364 1539 1416 contra
1558 1375 1594 1415 re·

325 1458 424 1537 gulam
453 1465 498 1519 est
526 1458 658 1519 eiusdem
688 1457 831 1525 nominis;
860 1454 1006 1535 syllabae,
1034 1462 1067 1516 ut
1094 1456 1272 1517 salmentum
1301 1474 1355 1537 pro
1388 1458 1616 1519 salsamentumo

284 1564 290 1577 ¹
328 1561 484 1641 temporis,
508 1568 541 1621 ut
563 1559 864 1639 siqnisdicatorator
880 1565 1017 1637 correpta
1039 1559 1139 1637 priore
1155 1558 1275 1638 syllaba,
1292 1559 1369 1638 quod
1392 1560 1488 1639 ipsum
1510 1561 1593 1620 ritum
1648 1549 1649 1623 l

326 1663 464 1723 dirorum
487 1662 614 1741 speciale
637 1667 698 1731 est;
721 1667 877 1729 accentuS,
901 1667 934 1721 ut
956 1662 1047 1735 siqmis
1074 1667 1222 1721 oratorem
1250 1663 1354 1723 dicens
1375 1662 1504 1741 priorem
1526 1662 1593 1741 sylla-

326 1765 394 1825 bam
417 1765 608 1827 ciroumllcxo
630 1770 754 1824 accentu
776 1762 964 1842 pronuntiet;
987 1762 1190 1840 aspirationis,
1215 1770 1247 1824 ut
1262 1764 1354 1843 siquis
1369 1782 1491 1824 onorem
1511 1764 1594 1823 dicens

326 1868 400 1927 citra
428 1867 638 1945 aspirationem
666 1866 797 1944 priorem
825 1863 967 1944 syllabam
1000 1865 1143 1943 proterat.
1187 1883 1242 1943 per
1275 1866 1506 1927 immutationem
1535 1866 1593 1925 liunt

326 1968 504 2030 barbarismi
525 1969 583 2029 sic:
605 1967 738 2036 litterae,
760 1973 794 2027 ut
815 1967 908 2047 siquis
928 1966 1007 2027 dicat
1023 1965 1108 2026 bobis
1129 1984 1184 2046 pro
1206 1966 1303 2036 vobio,
1326 1985 1415 2046 peres
1437 1986 1490 2047 pro
1510 1968 1621 2047 pedere

325 2071 423 2131 stetim
446 2089 500 2149 pro
523 2070 639 2138 statim,
662 2068 740 2149 quod
762 2069 865 2129 vitium
887 2068 1004 2147 plebem
1033 2068 1195 2129 Romanam
1217 2068 1342 2147 quadam
1370 2069 1506 2130 deliciosa
1526 2071 1592 2129 noti·
1649 2078 1650 2105 i

326 2174 393 2232 tatis
415 2172 570 2233 allectione
592 2170 772 2249 corrumpit;
795 2168 940 2250 syllabae,
964 2177 997 2230 ut
1012 2171 1104 2249 siquis
1119 2170 1196 2231 dicat
1210 2178 1354 2231 tartarum
1378 2190 1433 2249 pro
1455 2178 1592 2236 tartarum:

326 2276 482 2353 temporis,
511 2282 544 2335 ut
571 2273 664 2353 siquis
691 2273 774 2352 pices
803 2271 906 2331 dicens
933 2273 1063 2351 priorem
1090 2272 1244 2343 extendam
1279 2280 1434 2343 accentus,
1463 2282 1494 2333 ut
1518 2274 1592 2352 siquis

325 2385 472 2437 oratorem
501 2376 603 2436 dicens
631 2376 757 2454 primam
787 2380 888 2443 acuat;
920 2375 1122 2453 aspirationis,
1151 2382 1185 2435 ut
1215 2376 1310 2454 siquis
1342 2375 1478 2436 Traciam
1510 2376 1593 2435 diram

324 2480 450 2558 primam
478 2477 629 2539 subtiliter
651 2477 776 2543 eclerat,
805 2482 856 2536 aut
878 2475 1085 2554 Chartaginem
1112 2476 1213 2539 dicens
1241 2478 1367 2555 primam
1391 2478 1521 2539 enuntiet
1538 2488 1624 2537 cunae

325 2582 519 2661 aspiratione,
543 2586 594 2641 aut
616 2579 642 2639 si
663 2579 741 2639 dicat
762 2596 817 2657 pro
840 2577 920 2639 Ebro
946 2578 1095 2649 Hebrum,
1123 2587 1157 2640 ut
1179 2580 1390 2657 aspirationem
1414 2581 1498 2641 addat
1517 2580 1591 2659 priori

325 2682 470 2763 syllabae:
500 2683 552 2743 sed
579 2680 627 2742 hic
656 2680 761 2741 modus
789 2680 847 2739 erit
874 2687 904 2740 et
930 2699 985 2761 per
1012 2682 1218 2742 adiectionem.
1262 2699 1318 2760 per
1339 2685 1591 2743 transmutationem
1651 2707 1652 2773 y

325 2787 367 2847 sic
388 2787 463 2846 liunt
485 2783 679 2845 barbarismi:
703 2782 833 2851 litterae,
857 2790 890 2842 ut
912 2783 1006 2862 siquis
1027 2782 1106 2843 dicat
1126 2783 1244 2863 perlum
1266 2801 1321 2861 pro
1344 2780 1348 2864 Ι
1373 2784 1518 2863 praelum,
1538 2782 1592 2842 reil-

325 2905 415 2967 quum
438 2905 492 2966 pro
514 2886 677 2965 reliquum,
700 2884 883 2963 interpertor
911 2902 965 2963 pro
993 2886 1189 2965 interpretor,
1213 2886 1313 2946 coacla
1335 2903 1390 2964 pro
1412 2886 1522 2957 cloaca;
1546 2886 1593 2964 syl-

325 2988 425 3058 labae,
447 2995 481 3048 ut
503 2987 657 3067 displicina
678 3005 734 3065 pro
756 2986 926 3065 disciplina;
954 2988 1113 3066 temporis,
1141 2995 1174 3047 ut
1196 2988 1287 3066 siquis
1309 2987 1412 3049 dicens
1440 2990 1518 3069 pices
1537 3000 1626 3066 pro-³⁵

326 3091 414 3151 ducta
437 3090 535 3168 priore
558 3095 589 3149 et
611 3094 748 3167 correpta
763 3090 900 3168 sequenti
922 3090 1110 3167 pronuntiet;
1134 3098 1287 3159 accentus,
1311 3097 1344 3150 ut
1359 3091 1452 3170 siquis
1467 3098 1594 3151 oratorem

326 3193 521 3272 pronuntians
547 3192 673 3271 primam
701 3189 843 3269 syllabam
866 3190 1095 3261 circumuectae
1125 3192 1328 3272 aspirationis,
1351 3200 1384 3253 ut
1407 3194 1497 3273 siquis
1518 3192 1595 3253 Thra-

326 3296 402 3355 ciam
424 3312 564 3373 perversa
587 3292 765 3371 aspiratione
787 3292 921 3372 prolerat
943 3299 973 3353 et
995 3293 1072 3353 dicat
1094 3293 1261 3355 Trachiam.
1305 3294 1336 3355 bi
1358 3304 1429 3355 sunt
1450 3296 1511 3355 lere
1532 3292 1596 3354 modi

326 3395 595 3465 barbarismorum,
619 3392 783 3473 exquibus
806 3402 929 3474 apparet
952 3401 982 3454 ct
1010 3396 1187 3475 aspiratione
1211 3403 1241 3457 et
1263 3404 1388 3458 accentu
1410 3398 1527 3457 nonita
1548 3398 1595 3455 tre·

326 3505 453 3577 quanter
474 3496 539 3558 lieri
560 3496 784 3576 metaplasmos,
807 3504 838 3557 et
859 3496 988 3557 vicissim
1011 3497 1123 3577 aliquos
1145 3499 1248 3559 modos
1272 3498 1307 3559 de
1331 3500 1530 3578 metaplasmis
1549 3514 1595 3557 noo
1608 3510 1627 3548 a

326 3601 437 3679 positos
460 3619 476 3659 a
499 3598 709 3678 scriptoribus,
732 3604 766 3659 ut
788 3597 967 3659 barbarismi
990 3599 1125 3660 similiter
1140 3602 1205 3661 lieri
1226 3618 1313 3679 posse
1336 3601 1500 3671 videantur,
1523 3600 1597 3659 relati

327 3710 372 3763 est
394 3702 536 3763 diaeresis
564 3708 595 3761 et
623 3700 834 3781 episynaliphe.
881 3701 932 3761 sed
959 3701 1014 3763 hos
1041 3702 1144 3763 modos
1171 3711 1201 3764 et
1229 3710 1360 3773 ceteros,
1390 3703 1499 3784 quibus
1520 3710 1601 3763 meta·

325 3805 430 3884 plasmi
453 3806 542 3875 bunt,
571 3804 596 3863 si
618 3801 744 3864 velimus
770 3803 1005 3865 animadvertere
1034 3824 1089 3885 per
1109 3806 1180 3866 vitia
1202 3824 1261 3866 non
1283 3806 1377 3866 solum
1401 3805 1535 3887 specialia
1555 3804 1599 3863 ha-

326 3908 452 3976 minum,
481 3905 532 3967 sed
561 3905 711 3983 generalia
739 3906 925 3984 quarundam
953 3908 1119 3977 nationum,
1149 3908 1420 3969 animadvertemus
1448 3910 1533 3969 etiam
1554 3906 1600 3967 bos

326 4009 428 4070 modos
455 4009 486 4067 in
514 4006 707 4069 barbarismis
735 4025 816 4078 esse,
846 4026 919 4088 quos
948 4010 1108 4088 scriptores
1130 4012 1408 4089 praetermiserunt.
1454 4028 1519 4071 nam
1539 4020 1628 4068 erere

325 4129 422 4172 nonne
450 4110 567 4170 ridetur
594 4128 648 4189 per
676 4108 824 4170 diaeresin
853 4111 953 4171 lacere
982 4110 1214 4182 barbarismum,
1248 4113 1314 4192 qui,
1347 4121 1382 4173 ut
1408 4112 1487 4173 dicat
1515 4110 1598 4175 solvit,

324 4212 402 4293 quod
423 4217 468 4273 est
489 4210 679 4291 disyllabum,
704 4211 775 4272 dicit
797 4212 905 4273 soluit?
933 4220 962 4273 et
989 4232 1106 4273 rursum
1136 4232 1233 4274 nmine
1256 4214 1373 4275 videtur
1402 4232 1456 4294 per
1477 4216 1597 4293 episyna-

392 4422 456 4467 ιρι
474 4418 517 4480 qni
535 4417 622 4466 dicens
641 4414 673 4466 M
742 4418 888 4468 bearintiat
907 4418 938 4467 M
1006 4418 1147 4469 dedisciat
1166 4419 1199 4468 M
1266 4418 1449 4469 lbarbarismi
1465 4416 1597 4469 littersesic

324 4497 352 4535 nt
370 4487 403 4536 M
472 4487 505 4538 12
523 4493 551 4535 ot
568 4487 589 4535 si
608 4494 734 4537 oratorem
752 4488 862 4554 priorem
879 4486 912 4537 M
982 4489 1011 4537 17
1031 4488 1157 4538 terdenam
1176 4490 1281 4539 coniecit
1299 4489 1463 4541 Buttmonuus
1531 4486 1559 4537 18
1575 4493 1597 4531 ut

324 4557 406 4620 siquis
424 4558 576 4621 dieotpiees
594 4556 681 4607 diceus
700 4557 731 4606 M
818 4556 1030 4607 20enuotiatM
1115 4557 1147 4608 23
1167 4569 1194 4608 ut
1219 4558 1341 4623 leriquias
1363 4560 1450 4625 siper
1470 4560 1477 4609 l
1500 4560 1595 4607 litteram

324 4629 524 4691 pronuntiemus,
543 4642 599 4677 eum
617 4627 707 4678 debeat
724 4642 770 4692 per
789 4642 801 4675 r
817 4626 899 4693 prima
917 4626 1012 4690 syllaba
1031 4628 1090 4692 dici,
1110 4628 1230 4692 reliquiae
1248 4630 1382 4681 Diomedes
1397 4646 1425 4693 p.
1440 4631 1498 4691 452,
1514 4627 1545 4678 30

324 4696 358 4746 '25
374 4696 473 4764 dicens]
494 4696 561 4747 dieat
581 4696 613 4745 M
681 4698 714 4750 30
731 4694 840 4761 aliquos]
862 4696 926 4745 alios
941 4695 1051 4747 Clemens
1121 4698 1155 4749 32
1176 4698 1279 4750 dimisis
1299 4700 1330 4747 M
1399 4702 1486 4750 modos
1501 4714 1542 4749 on·
1561 4692 1594 4751 M·

324 4764 385 4819 add.
404 4767 515 4817 Clemens
583 4765 618 4816 34
634 4768 863 4817 animadvertemus
882 4766 1047 4819 Burmannus
1064 4768 1289 4819 animaduertirnus
1306 4770 1339 4821 M
1405 4770 1439 4821 36
1456 4770 1552 4819 diarisia
1569 4761 1595 4811 ll

393 4833 426 4886 37
444 4846 483 4884 est
499 4851 544 4886 aar.
565 4834 599 4883 M
665 4852 711 4902 per
728 4835 896 4902 episinalipbe
917 4835 948 4885 M
