3350 5442
328 333 392 397 614
879 335 1067 403 lincheon

355 456 377 497 p.
390 445 491 485 tut-49
504 442 528 486 P.

329 523 478 585 miliarem
498 521 558 584 sihi
581 522 797 602 diphthongum
820 518 824 601 l
850 531 1065 593 convenerunt,
1092 518 1233 584 ἐκάλεον
1256 516 1420 600 ἐκάλουν,
1456 514 1623 601 ἐχρύσοον

330 620 513 706 ἐχρόσουνι
537 645 559 685 α
581 631 697 685 vernet
718 644 737 685 ο
759 627 791 685 in
813 644 852 703 ω,
876 618 1013 705 ἐτίμαον
1034 619 1167 704 ἐτίμων.
1202 624 1270 684 ideo
1292 633 1323 684 et
1344 623 1474 687 mcunda
1496 641 1622 703 persona
1666 656 1667 695 ι

329 746 356 787 ω
378 729 410 787 in
433 748 465 805 α,
488 726 567 787 unde
582 729 681 787 fuerat
701 734 814 810 natum,
839 725 964 797 reducit,
989 722 1112 806 ἐτίμων
1134 721 1267 806 ἐτίμαςε
1290 745 1333 786 ου
1348 732 1446 787 autem
1461 724 1621 805 diphthon·

328 845 399 905 gum
426 829 487 889 illio
517 836 631 897 servat,
666 828 718 889 uhi
748 830 882 908 repperit
909 830 1036 908 primam
1065 831 1129 889 eius
1151 829 1280 890 litteram
1301 827 1481 889 familiarem
1509 828 1622 907 primae
1666 844 1667 917 ι

328 932 470 1010 positioni
492 930 600 997 fuisse
631 935 770 1010 χρυσοῖς
792 925 1001 1009 ἐχράσουν
984 924 1164 1009 εχράσονςι
1187 929 1229 991 ihi
1251 932 1387 991 transit
1379 948 1411 989 ιο
1433 948 1478 1008 ει,
1501 928 1558 989 ubi
1582 946 1667 999 εις
1666 982 1667 1031 p

328 1034 443 1111 primae
465 1034 606 1112 positioni
628 1034 765 1093 meminit
779 1034 949 1109 contigisse,
972 1031 1085 1103 καλεῖς
1100 1025 1246 1091 ἐκάλουν
1262 1027 1401 1103 ἐκάλεις.
1434 1032 1468 1091 in
1483 1028 1623 1091 omnibu:
1666 1054 1667 1099 ι

222 1192 225 1196 ,
328 1152 399 1195 vero
421 1133 646 1197 diversitatibus
667 1134 813 1194 detractio
835 1132 931 1195 finalis
954 1132 1069 1193 litterae
1091 1151 1257 1213 personam,
1281 1140 1314 1193 ut
1334 1132 1473 1205 diximus,
1503 1134 1621 1193 tertiam

328 1238 407 1307 facit,
431 1233 557 1309 ἐποίεις
572 1232 691 1314 ἐποίει,
713 1230 812 1314 ἐβόας
828 1231 921 1315 ἐβόα,
945 1227 1151 1315 ἐκεραόνονς
1166 1230 1366 1315 ἐκεραόνοο,
1387 1232 1503 1312 ἔλεγες
1519 1231 1622 1311 ἔλεγε.
1666 1252 1667 1305 ι

328 1336 446 1418 ἔφερες
467 1336 578 1419 ἔφερε.
608 1357 645 1400 ex
659 1337 716 1397 hoc
737 1343 862 1417 apparet
883 1336 961 1417 quod
983 1339 1015 1398 in
1030 1335 1145 1415 ἔλεγεν
1167 1343 1197 1397 et
1219 1333 1341 1415 ἔφερεν
1361 1355 1383 1395 ν
1403 1354 1621 1416 supervacuum

328 1448 375 1501 est
397 1448 427 1502 et
448 1442 599 1519 integrum
621 1448 667 1501 est
688 1437 782 1518 ἔλεγε
803 1436 916 1519 ἔφερε,
939 1439 1019 1519 quod
1041 1441 1149 1499 asserit
1169 1445 1200 1501 et
1222 1439 1425 1518 apostrophus,
1452 1456 1536 1518 quae
1559 1438 1651 1499 facite

328 1535 414 1621 ἔλεγ’
440 1536 547 1623 ἔφερ’.
593 1560 652 1621 quo
679 1541 767 1602 modo
787 1544 868 1601 enim
889 1540 963 1603 haee
986 1549 1194 1620 usurparetur,
1223 1544 1249 1602 si
1271 1561 1292 1602 ν
1313 1540 1491 1603 nattualiter
1516 1538 1622 1601 adine·
1666 1560 1667 1583 ι

329 1651 421 1714 reret,
445 1662 512 1705 curn
534 1645 608 1705 duas
630 1644 747 1705 litteras
768 1660 930 1722 numquam
951 1642 1131 1723 apostrophe
1152 1642 1240 1704 hceat
1269 1641 1404 1703 excludit
1440 1642 1563 1703 indicio
1584 1650 1624 1701 est
1666 1634 1667 1651 ³

327 1756 356 1808 et
376 1747 580 1826 imperativus,
604 1746 691 1807 cuius
711 1744 842 1807 secunda
864 1764 990 1826 persona
1012 1746 1179 1825 praesentis
1200 1762 1319 1824 semper
1338 1744 1376 1805 de
1406 1746 1497 1805 tertia
1523 1746 1621 1822 inper-

327 1849 400 1910 fecti
420 1848 572 1909 indicativi
596 1849 729 1909 nascitur
750 1849 859 1908 amissa
874 1850 905 1908 in
925 1848 1022 1926 capite
1051 1846 1096 1907 vel
1124 1845 1235 1926 syllaha
1258 1846 1303 1907 vel
1325 1854 1473 1926 tempore,
1511 1841 1624 1907 ἐκάλει

328 1946 440 2029 κάλει,
469 1946 564 2029 ἐτίμα
590 1948 687 2030 τίμα,
715 1946 840 2029 ἐδήλου
868 1944 991 2028 δήλου,
1023 1941 1110 2029 ἤρου
1132 1942 1229 2029 ἄγου.
1274 1965 1345 2027 erge
1372 1950 1398 2010 si
1425 1949 1651 2027 imperatione

327 2046 420 2130 λέγε,
443 2050 487 2111 ihi
509 2052 575 2111 sine
598 2050 690 2112 dnhio
712 2049 818 2130 ἔλεγε,
841 2069 901 2111 non
921 2047 1048 2127 ἐλενεν.
1093 2050 1144 2111 sed
1174 2068 1189 2110 ε
1217 2050 1320 2113 littere
1342 2068 1430 2131 saepe
1457 2049 1521 2111 sibi
1546 2042 1624 2111 τόν

327 2154 517 2215 familiariter
539 2151 671 2214 adhihet.
714 2160 807 2215 testes
827 2152 918 2215 huius
938 2154 984 2213 rei
1007 2148 1152 2231 Λίολείς,
1176 2152 1251 2233 apud
1273 2172 1348 2233 quos
1367 2147 1543 2231 λεγόμεθα
1564 2170 1621 2230 φε·

328 2251 458 2335 ρόμεθα
480 2266 511 2316 et
533 2255 640 2316 similia
663 2255 751 2316 finale
773 2248 866 2333 άλφα
889 2256 919 2315 in
943 2273 958 2315 e
981 2262 1105 2325 mutant,
1129 2264 1158 2314 et
1181 2272 1248 2315 mox
1270 2272 1287 2314 ε
1308 2254 1430 2315 advocet
1451 2253 1515 2315 sihi
1539 2245 1580 2315 τό
1595 2272 1625 2329 ν,

328 2366 358 2419 et
379 2360 412 2417 tit
433 2360 530 2436 prima
551 2375 680 2437 persona
703 2353 888 2437 λενόμεθεν
910 2352 1113 2437 φερόμεθεν.
1141 2364 1245 2417 contra
1268 2356 1412 2435 siquando
1434 2374 1450 2417 ε
1473 2358 1506 2415 in
1532 2348 1625 2433 ἄλφα

327 2466 470 2529 mutatur,
491 2479 513 2519 ν
533 2459 606 2519 inde
629 2458 763 2529 ‹liseedit
788 2462 866 2520 sicut
887 2460 1034 2539 Δωριεῖς
1053 2452 1091 2519 τὸ
1114 2452 1267 2539 πρόσθεν
1288 2454 1423 2538 τρόσθα
1443 2458 1557 2519 dicunt
1571 2453 1667 2517 auin

326 2554 365 2622 τό
387 2558 491 2623 ἐνθεν
512 2559 612 2623 ἐνθαι
637 2561 689 2622 sed
711 2568 742 2621 et
756 2554 883 2639 Ἴωνες,
906 2579 973 2621 cum
991 2552 1089 2642 ᾔδειν
1104 2554 1188 2645 ᾔδεα
1209 2562 1332 2631 faciunt,
1348 2554 1502 2640 ἑστήκειν
1527 2554 1667 2639 ἑστή-

327 2682 403 2731 κεα,
432 2683 453 2723 ν
481 2662 649 2742 repudiant,
672 2656 710 2724 ne
738 2682 805 2723 cum
832 2656 926 2743 άλφα
958 2665 1109 2741 iungatur.
1152 2682 1188 2723 ex
1212 2662 1260 2723 his
1281 2660 1417 2723 omnihus
1448 2661 1543 2723 facile
1566 2662 1667 2725 nal

328 2766 431 2844 ligitur
453 2767 589 2826 sulficere
605 2767 710 2826 tertiae
726 2783 870 2844 personae
893 2763 929 2825 de
946 2765 1073 2827 secunde
1093 2764 1256 2835 faciendae,
1279 2766 1305 2826 si
1320 2762 1422 2845 σίγμα
1436 2763 1624 2831 retrahamur,
1666 2776 1667 2849 ι

327 2868 406 2946 quod
434 2869 463 2928 in
492 2870 590 2947 capite
617 2869 717 2944 graeci
745 2869 930 2947 pronominis
958 2886 1045 2947 saepe
1075 2868 1234 2944 contingit,
1258 2862 1360 2929 σέθεν
1381 2860 1475 2943 ἕθεν,
1498 2862 1561 2925 σοὶ
1584 2852 1624 2925 οἷ.

327 2970 434 3031 Graeci
462 2972 589 3050 primam
616 2969 760 3048 pluralem
787 2969 1017 3051 ααρατατιαοῦ
1045 2970 1158 3031 faciunt
1186 2971 1410 3047 interponentes
1442 2985 1484 3047 με
1506 2975 1584 3029 ante
1606 2950 1667 3031 vel

327 3072 443 3135 finalem
466 3074 581 3151 primae
604 3071 772 3149 singtdaris,
797 3067 921 3133 ἐνόουν
944 3064 1169 3151 ἐνοουμεν,
1153 3065 1268 3151 ειόρων
1290 3064 1465 3151 ἑωρῶμεν,
1494 3064 1624 3147 ἐφανέ-
1666 3076 1667 3107 t

327 3192 412 3252 ρουν
441 3170 692 3254 ἐφανερουμεν,
715 3170 835 3251 ἐλεγον
858 3168 1032 3252 ἐλέγομεν;
1056 3181 1086 3233 et
1109 3172 1237 3235 secunda
1261 3171 1323 3233 illis
1344 3169 1469 3251 pluralis
1490 3171 1625 3233 efficitur
1666 3192 1667 3243 l

327 3274 426 3336 addita
441 3294 478 3335 τε
493 3278 599 3337 tertiae
616 3275 769 3353 singulari,
787 3271 894 3337 ἐποίει
909 3270 1098 3355 ἐποιεῖτε,
1082 3274 1177 3355 ετίμα
1192 3270 1335 3353 ἐτιμᾶτε,
1349 3268 1450 3352 ἰ’όρου
1472 3246 1667 3352 tomen,

326 3375 419 3455 ἐλένε
441 3373 587 3455 ἐλέγετεε
611 3397 646 3437 ex
668 3396 727 3456 que
749 3380 858 3438 iterum
880 3395 901 3436 ν
922 3376 1021 3439 littera
1042 3394 1224 3457 supervacua
1246 3373 1398 3454 probatur.
1443 3376 1540 3435 tertia
1555 3394 1624 3435 vere

326 3478 450 3557 pluralis
477 3483 508 3541 iu
536 3478 592 3540 hoe
618 3487 752 3559 tempore
784 3496 902 3560 semper
924 3478 1029 3539 eadem
1051 3484 1096 3539 est
1124 3481 1239 3559 primae
1261 3476 1414 3555 singulari,
1440 3476 1443 3557 l
1470 3472 1667 3557 ἐγάμοανε,

327 3575 405 3658 fyad,
428 3574 577 3661 ἐγάμουν
598 3578 738 3643 dereiner:
762 3584 805 3642 sic
828 3574 962 3661 ἐτίμων,
986 3582 1028 3640 sic
1052 3575 1273 3659 decemviroru,
1297 3582 1341 3641 sic
1362 3576 1512 3659 ἔτρεχον.
1544 3578 1622 3641 moe

326 3683 472 3762 Δωριεῖς
492 3685 525 3743 io
547 3683 607 3744 illis
630 3683 730 3744 verhis
751 3702 827 3762 quae
851 3686 881 3743 in
904 3701 944 3744 ον
966 3684 1088 3743 mittunt
1108 3684 1292 3762 paratatieon
1308 3689 1337 3742 et
1352 3688 1477 3760 propter
1490 3678 1620 3761 βραχυ
1666 3702 1667 3759 ]

326 3780 529 3864 καταληξίαν
555 3787 587 3846 in
610 3784 743 3845 tertia'a
765 3787 823 3845 line
846 3786 1000 3865 patiuntur
1028 3791 1182 3845 accentuum
1213 3784 1329 3845 tertiam
1351 3784 1471 3845 numeri
1491 3782 1621 3862 pluralis

326 3885 514 3946 discretionis
536 3887 631 3963 gratia
652 3884 916 3967 daemonorium,
939 3883 1076 3965 ἔτρεχον
1099 3878 1164 3963 lyei
1187 3880 1503 3966 προπαροξυτόνως,
1529 3881 1619 3965 ἐτρέ-

326 4006 388 4066 pov
416 3982 541 4049 ἐκεῖνοι
567 3983 772 4067 βαρυτόνως.
815 3990 913 4068 prima
940 4005 1066 4067 persona
1094 3990 1276 4067 paracimeni
1298 4006 1417 4067 semper
1447 3991 1482 4051 in
1510 4008 1534 4047 α
1562 3998 1667 4049 εει-ε’

326 4091 472 4159 minatur,
502 4096 532 4149 et
558 4089 595 4149 de
617 4090 673 4150 hac
696 4099 813 4152 ceterae
834 4092 900 4151 sine
933 4108 1058 4169 operosa
1080 4091 1257 4151 circuitione
1279 4096 1453 4154 nascuntur.
1498 4098 1618 4170 accepto
1666 4080 1667 4155 l

327 4193 407 4252 enim
437 4190 539 4272 σίμμα
567 4193 640 4253 lacit
662 4193 820 4255 secundam
844 4200 874 4253 et
908 4191 964 4251 hoc
985 4209 1089 4253 rursus
1111 4190 1227 4259 ahiecto
1250 4200 1337 4271 etque
1360 4185 1453 4271 ἄλφα
1475 4194 1507 4253 in
1524 4211 1616 4253 ειιιε-

327 4301 387 4356 tato
418 4296 538 4355 tertiam
571 4303 666 4364 creat,
704 4292 870 4373 πεποίηκα
906 4292 1089 4374 πεποίηκας
1124 4293 1300 4373 πεκοίηκει
1336 4295 1465 4374 primam
1501 4313 1615 4375 quoque

327 4395 474 4475 pluralem
501 4396 601 4457 addita
628 4395 688 4457 sihi
713 4416 777 4477 μεν
803 4394 926 4475 syllaba,
953 4395 1119 4476 πεποίηκα
1146 4392 1386 4479 πεποιήκαμεν.
1431 4398 1457 4457 εἰ
1479 4414 1538 4476 pro
1558 4414 1615 4478 μεν
1666 4466 1667 4515 1

395 4619 408 4667 1
423 4608 560 4683 ἐχράοοον
570 4614 652 4667 Ianua
664 4628 798 4682 exposcor
809 4616 833 4667 Ρ
900 4618 916 4669 d
929 4619 1047 4683 transitp
1060 4588 1160 4669 transiit
1169 4618 1222 4699 Ρ
1261 4620 1293 4671 to
1305 4626 1329 4667 et
1341 4619 1467 4683 integrum
1476 4636 1498 4685 μ
1510 4634 1543 4669 ex
1553 4620 1611 4671 inte·
1666 4584 1667 4645 ἐ

326 4685 439 4749 grnmP
505 4687 536 4735 11
550 4700 600 4746 quo
613 4684 702 4751 modo]
717 4686 857 4747 queodoP
925 4689 957 4736 13
970 4698 994 4733 ει
1006 4703 1052 4737 err
1066 4687 1091 4735 Ρ
1158 4690 1189 4737 15
1201 4700 1319 4753 ηρεαμε
1337 4686 1418 4737 Iam
1477 4690 1611 4739 18οιιιιιιιι

327 4752 408 4803 lenae
424 4753 573 4803 mutetan
639 4755 671 4803 21
689 4768 817 4819 ιατηκειν
834 4768 951 4819 turpare
969 4754 994 4802 Ρ
1060 4754 1093 4805 λ8
1111 4756 1228 4819 tertiaep
1246 4756 1357 4807 tertieP
1424 4758 1481 4807 33·
1476 4772 1501 4805 ιιι
1519 4758 1609 4805 tertiae
1666 4804 1667 4813 ,

327 4822 376 4871 flue
396 4806 741 4871 ZeuniustertinmafirteP
807 4821 1029 4889 ddpnrocirneil’
1666 4828 1667 4831 ’
