3350 5442
554 364 792 427 COMMENTVM
1264 361 1319 423 111

1151 470 1298 523 poa-non..

56 555 215 617 admodum
242 553 320 634 apud
343 555 487 622 Graecos,
515 554 545 613 id
576 562 621 614 est
647 574 665 635 y
692 572 747 634 pro
775 552 883 621 vocali,
913 570 1005 630 npro
1028 550 1146 629 duplici.
1192 549 1244 610 sed
1268 549 1323 609 lanc

55 662 158 718 interest
177 658 252 717 inter
274 674 289 714 z
313 661 343 715 ει
364 673 391 726 x,
415 655 492 735 qnod
516 674 535 714 x
556 663 658 716 nostra
681 673 799 734 semper
822 652 932 733 duplex
955 660 983 713 ει
1005 671 1060 733 pro
1083 650 1196 713 duabus
1219 648 1322 713 'conso-

55 758 171 820 nantibus
195 757 333 825 babetur;
362 776 476 827 anon,
505 756 558 817 sed
586 756 744 836 aliquando
771 774 827 835 pro
856 754 966 836 duplici
993 754 1134 825 habetur,
1166 753 1322 834 aliquando

54 880 95 939 pro
117 858 244 939 simplici
289 860 439 919 invenitur
466 859 590 937 duplex,
618 860 795 919 ‘Mezenti
822 858 930 920 ducis
958 858 1143 925 exuvias’;
1176 857 1323 917 invenitur

37 960 170 1041 vsimplen,
194 966 407 1021 ‘nemorosa
429 960 666 1041 Zacynthos’.
702 961 782 1020 varie
803 962 933 1039 ponitur.
979 958 1036 1020 hoc
1058 960 1182 1019 interest
1203 960 1281 1018 inter
1304 976 1322 1017 x

53 1073 73 1122 et
90 1082 111 1122 z.
137 1060 213 1123 unde
240 1063 274 1121 lit
301 1070 336 1123 ut
362 1060 440 1122 llVll
466 1069 610 1140 putentur
638 1060 762 1123 litterae.
808 1060 878 1121 tolle
908 1062 987 1121 enim
1011 1080 1099 1121 uuam
1123 1058 1271 1138 duplicem
1294 1078 1321 1127 n,

52 1163 105 1224 tolle
128 1163 204 1225 illam
231 1182 321 1225 uuam
346 1165 535 1242 aspirationis
562 1171 660 1223 notam
683 1164 721 1233 h,
744 1162 815 1223 tolle
837 1164 857 1223 k
881 1170 910 1223 et
931 1183 964 1243 q,
989 1180 1062 1240 quas
1084 1161 1250 1241 snperllnas
1273 1180 1321 1221 vo·

51 1274 117 1335 cant,
138 1264 207 1325 tolle
229 1265 305 1328 duas
326 1282 450 1343 graecas
472 1286 489 1346 y
514 1272 543 1326 et
564 1284 593 1334 a,
618 1272 648 1324 et
668 1264 745 1326 llVll
767 1274 932 1327 remanent.
1149 1344 1154 1355 Ι

115 1368 166 1427 l'ni
188 1370 294 1448 cuique
316 1367 431 1429 litterae
453 1369 510 1427 tria
533 1366 680 1438 accidunt,
704 1386 814 1428 nomen
836 1368 930 1445 ligura
953 1372 1092 1447 potestas
1132 1384 1240 1426 nomen
1264 1372 1318 1434 est,
1332 1377 1421 1439 atto

25 1480 74 1529 ont
90 1472 170 1540 scias,
193 1488 252 1549 qno
275 1471 397 1530 nomine
419 1477 548 1539 vocatur,
572 1488 588 1528 a
611 1469 630 1530 b
652 1488 683 1538 c,
708 1469 765 1531 hoc
788 1477 834 1530 est
856 1487 975 1529 nomen.
1002 1468 1005 1549 l
1031 1475 1060 1527 et
1081 1485 1191 1545 genere
1215 1474 1320 1528 neutro

48 1572 153 1650 legimns
174 1572 297 1633 litteras.
343 1570 454 1649 legistis
475 1574 506 1631 in
530 1572 674 1632 Cicerone
697 1578 730 1633 ut
750 1589 846 1649 usque
869 1572 991 1631 alteram
1015 1588 1029 1629 r
1050 1568 1179 1629 litteram
1195 1551 1320 1629 nonde·
1428 1566 1431 1571 ’
1464 1547 1468 1559 ’

50 1675 124 1733 clinis.
164 1673 243 1735 unde
272 1672 345 1733 illud
373 1676 403 1733 in
433 1674 634 1751 quaestionem
662 1674 758 1741 venit,
781 1676 904 1751 sigmata
927 1674 1037 1750 sigma,
1061 1672 1210 1748 ‘sigmatis
1233 1670 1322 1731 habet

48 1778 177 1853 iguram’.
207 1776 384 1853 figuraest,
408 1793 466 1854 qua
488 1773 638 1845 scribitur,
661 1782 694 1835 nt
715 1783 787 1854 puta
803 1794 819 1835 a
835 1778 875 1835 ita
891 1775 932 1844 lit,
957 1774 1030 1833 bita
1053 1773 1099 1841 iit;
1125 1772 1178 1834 sed
1201 1773 1320 1833 interim

48 1878 194 1956 quomodo
214 1896 271 1939 nos
292 1876 428 1955 legimus.
473 1885 623 1946 ceterum,
647 1877 717 1956 quid
747 1886 792 1937 est
818 1878 931 1955 ligura?
960 1878 985 1937 si
1015 1874 1084 1936 velis
1108 1893 1210 1935 verum
1233 1878 1320 1943 scire,

23 1982 141 2039 oinrenis
170 1978 248 2039 alind
276 1996 409 2058 pragma.
458 1978 508 2039 illa
536 1978 592 2039 alia
620 1981 696 2040 ratio
725 1988 778 2040 est
828 1985 957 2059 potestas
986 1986 1046 2046 est,
1077 1984 1108 2037 ut
1135 1979 1225 2046 scias,
1250 1976 1320 2056 qnid

48 2080 124 2139 ralent
143 2080 271 2150 litterae,
292 2088 366 2159 puta
393 2082 418 2142 si
440 2079 548 2141 vocalis
571 2088 631 2151 εει,
654 2083 680 2142 si
702 2098 885 2151 consonans,
909 2082 934 2141 si
957 2078 1158 2148 semivocalis,
1181 2080 1206 2139 si
1229 2087 1320 2147 muta,

48 2182 160 2241 sidiam
181 2200 401 2262 quamcumque
421 2191 599 2262 potestatem
621 2182 739 2243 babeat.

551 2353 601 2413 ΒΕ
622 2352 791 2413 vaLaBn

112 2471 224 2551 Syllaba
246 2480 294 2533 est
315 2472 392 2533 dicta
415 2472 452 2531 de
474 2489 596 2549 graeco:
626 2490 772 2550 agraeco
795 2468 942 2551 appellata
966 2478 1011 2531 est
1032 2467 1151 2549 syllaba,
1176 2488 1191 2531 a
1215 2488 1320 2548 graeca
1333 2486 1392 2548 423,
1407 2486 1437 2535 11

21 2575 249 2653 nsignidcatione,
273 2575 302 2635 id
327 2582 371 2635 est
393 2592 410 2634 a
432 2582 579 2653 conceptu
595 2572 777 2642 litterarnrm
800 2572 910 2652 syllaba
934 2572 1009 2632 dicta
1033 2591 1050 2631 a
1073 2580 1220 2653 conceptu
1242 2572 1320 2633 litte-

45 2694 134 2739 rarum.
163 2678 363 2738 Terentianus
384 2674 458 2736 illud
482 2677 629 2756 expressit
651 2673 820 2753 diligenter,

172 2777 363 2839 rinculnnn
385 2796 468 2838 narn
492 2779 618 2855 signat
639 2779 712 2837 ista
736 2774 965 2855 congregalc
989 2776 1115 2837 dictio.
1218 2780 1222 2787 '

45 2880 88 2941 'nna
105 2879 189 2940 dictio
213 2879 284 2960 quid
308 2879 471 2957 significati
495 2877 644 2939 vinculum
667 2878 845 2941 litterarum.
879 2896 949 2957 ergo
972 2879 1039 2939 ideo
1062 2879 1087 2938 si
1110 2877 1187 2938 dicta
1204 2886 1247 2938 εει
1262 2876 1319 2957 syl·

46 2980 109 3049 laba,
133 2982 162 3041 id
191 2989 276 3042 esta
303 2989 451 3059 conceptu
479 2980 662 3052 litterarum,
692 2984 814 3061 proprie
843 2979 892 3040 illa
921 2981 1029 3054 dicitur
1059 2974 1186 3062 syllaba}
1215 2997 1290 3061 quae
1315 2979 1318 3059 l

22 3082 131 3144 §unitas
150 3083 242 3145 babet
264 3083 392 3153 litteras,
416 3090 542 3163 utputa
564 3103 646 3164 prae.
689 3085 763 3143 istae
785 3082 927 3144 collectae
950 3090 1019 3144 sunt
1034 3091 1063 3143 et
1077 3084 1214 3143 lecerunt
1229 3100 1318 3142 unam

44 3184 170 3263 syllabam.
222 3202 295 3263 ergo
323 3187 442 3265 proprie
471 3185 549 3245 dicta
585 3193 631 3247 est
658 3183 785 3264 syllaba,
820 3184 888 3264 quia
918 3186 1041 3245 conexio
1070 3191 1113 3245 est
1140 3184 1318 3244 litterarum.

47 3294 122 3348 nmen
143 3289 232 3348 etiam
255 3286 376 3348 abusive
399 3286 524 3347 dicimus
551 3285 676 3365 syllabas
704 3286 741 3347 de
762 3287 887 3365 singulis
910 3287 1057 3347 vocalibus
1085 3286 1191 3355 lactas,
1222 3294 1254 3345 ut
1277 3293 1322 3345 cst

47 3406 68 3444 a:
85 3407 167 3459 amor,
198 3407 269 3451 ecce
297 3408 314 3450 a
342 3388 439 3449 littera
468 3396 528 3459 est,
557 3398 586 3449 ει
613 3400 711 3449 minen
739 3396 837 3468 potest
864 3388 975 3468 syllaba
1004 3388 1076 3457 clici,
1106 3386 1158 3447 sed
1187 3386 1318 3447 abusive.

47 3507 88 3549 non
106 3499 149 3551 est
169 3493 251 3551 enim
274 3500 438 3569 conceptus
458 3489 639 3560 litterarum;
670 3491 722 3552 sed
751 3490 808 3551 boc
836 3489 966 3551 abusive.
990 3489 1038 3551 illa
1061 3490 1184 3569 proprie
1206 3488 1317 3569 syllaba

26 3600 90 3658 sest,
108 3610 179 3669 qnae
202 3593 243 3653 de
264 3592 366 3653 multis
387 3592 492 3653 litteris
513 3593 559 3663 lit,
588 3592 637 3653 illa
665 3592 800 3664 abusive,
830 3580 906 3673 quae
921 3592 966 3653 de
993 3610 1051 3651 nna
1075 3590 1167 3651 vocali
1191 3597 1317 3651 constat.

96 3812 244 3881 lblezenti]
271 3816 351 3879 Verp,
368 3816 434 3865 Aen.
454 3813 489 3863 Xl
509 3814 526 3863 7
614 3815 721 3865 exuuias
745 3814 798 3863 nidi
822 3814 951 3865 inuenitur
970 3812 1079 3878 simplex
1096 3814 1121 3864 B
1140 3814 1248 3863 exunins
1265 3812 1318 3861 uidi

50 3884 169 3947 inplexi)
255 3886 272 3934 5
292 3882 437 3949 nemorosa]
461 3885 540 3949 Verp.
558 3884 626 3938 Aen.
648 3884 751 3934 111270
840 3884 1006 3934 zanclrintlnns
1025 3884 1050 3933 A
1075 3883 1215 3933 rucinnulos
1235 3882 1260 3931 B
1276 3898 1319 3931 aa·

51 3951 165 4014 onoma
252 3953 287 4005 10
309 3964 335 4003 et
358 3969 452 4019 genere
476 3966 563 4004 neutro
589 3955 614 4003 in
634 3956 749 4003 cicerone
768 3952 851 4020 ligura
869 3970 918 4017 qcnn
936 3955 1055 4003 scribitur
1072 3955 1105 4008 L,
1125 3955 1320 4017 dereliqueram

51 4028 101 4069 cvras
115 4025 234 4076 libram
248 4026 380 4087 scriptura
398 4028 520 4087 conplura
533 4042 550 4074 a
567 4025 681 4074 librariis
698 4027 789 4075 amessa
807 4040 863 4074 esse
881 4025 1002 4077 uidentur.
1019 4040 1075 4074 nora
1094 4027 1140 4075 boc
1157 4024 1320 4087 praecepisse

51 4093 120 4142 cidem
134 4097 321 4159 panacem,
339 4097 435 4145 nomina
451 4096 592 4145 litterarum
610 4103 698 4144 neutro
712 4110 805 4159 persero
824 4095 877 4143 dici
890 4103 914 4144 ει
931 4102 1018 4157 aptota
1035 4110 1099 4155 esse,
1119 4097 1182 4145 sicut
1199 4096 1319 4143 Varrone

53 4170 126 4213 satore
145 4166 287 4214 docueram
307 4167 458 4215 Priscianus
480 4166 535 4229 lp.
555 4166 586 4227 7,
605 4166 638 4213 27
661 4173 686 4215 et
709 4165 809 4214 Ρνοόιιε
826 4167 903 4215 instit.
927 4174 971 4213 art
999 4182 1025 4229 p.
1045 4166 1092 4227 48,
1118 4165 1160 4217 36.
1191 4164 1318 4213 Ciceronis

53 4234 181 4284 mensim
201 4235 272 4285 uode
286 4239 388 4297 petitum
405 4237 448 4294 sit,
465 4235 524 4283 mibi
537 4250 586 4285 non
603 4242 710 4288 constat.
727 4236 813 4285 eodem
831 4242 913 4285 antem
924 4238 1055 4297 pertinere
1072 4236 1189 4284 uidentur
1204 4249 1269 4299 qliae
1287 4232 1319 4279 ale

53 4304 110 4351 erden
124 4321 152 4354 re
165 4321 203 4355 esc
223 4305 344 4356 ὐῖεενοηε
361 4299 500 4367 adscripsit
516 4304 649 4355 Ctedonr’as
666 4320 694 4367 p.
713 4306 779 4355 1881
797 4313 823 4354 et
841 4304 915 4355 1883.
936 4306 1078 4356 denentiae
1096 4308 1196 4354 litterae
1209 4306 1287 4367 sigma
1301 4316 1318 4349 a

53 4378 185 4429 amnicis
200 4378 341 4441 quaesitior
359 4391 416 4424 esse
425 4376 556 4425 adnotavit
570 4374 670 4425 Probas
685 4378 766 4425 instit.
786 4383 837 4425 aar.
856 4390 882 4435 p.
904 4375 963 4433 121,
985 4374 1018 4424 20
1073 4376 1103 4425 11
1123 4386 1232 4435 utrisque
1246 4372 1319 4422 Aba

55 4455 154 4507 unusque
172 4463 190 4495 a
262 4447 370 4495 alterurn
385 4444 412 4495 B
480 4445 564 4495 liateri
581 4460 613 4494 nn
634 4458 684 4494 non
703 4446 791 4495 deletis
810 4460 843 4495 no
861 4446 951 4493 litteris
971 4443 996 4492 Α
1068 4444 1174 4493 declinis
1193 4443 1248 4492 AB
1274 4444 1317 4491 de-

56 4512 140 4565 tinesC
204 4516 240 4565 14
257 4530 306 4565 nos
323 4531 370 4565 ors.
392 4515 414 4565 0
465 4515 498 4565 15
516 4514 561 4564 illa
577 4531 623 4565 ovs.
642 4515 677 4570 Α,
697 4516 787 4564 adda
841 4512 873 4563 18
891 4514 1002 4577 expleuit
1020 4512 1165 4562 subnotatio
1184 4514 1216 4562 de
1236 4512 1318 4563 littera

57 4578 137 4633 darer.
159 4585 232 4635 nucu3
252 4601 287 4635 os
311 4599 423 4637 srnnnsa
441 4585 467 4634 Α
483 4600 555 4637 exon.
576 4599 730 4636 sonnorsrro
749 4600 781 4633 on
800 4585 857 4634 nuri
874 4583 919 4633 rui
936 4598 968 4632 nn
987 4596 1098 4633 srnnnnn
1118 4582 1143 4631 B
1212 4584 1246 4632 20
1265 4583 1318 4647 syl-

56 4649 158 4703 ldadieta
173 4670 189 4704 a
205 4667 331 4720 conceptu
349 4656 489 4705 liiternrnm
507 4671 554 4708 om.
568 4656 603 4715 A,
623 4656 684 4707 add,
698 4671 714 4704 a
769 4656 801 4705 ‘21
822 4650 999 4719 Terentianus]
1020 4670 1044 4705 o.
1065 4652 1131 4704 1317
1185 4652 1218 4701 22
1231 4653 1318 4718 signat

54 4717 103 4769 lca
118 4726 243 4789 signifieat
260 4726 335 4790 Ati)
390 4726 582 4790 congregatae
633 4722 717 4788 2301]
737 4724 773 4773 sic
790 4724 875 4774 ABG
927 4726 960 4774 25
979 4738 1099 4787 prueom.
1116 4721 1151 4778 Α,
1168 4722 1229 4775 add.
1248 4739 1264 4770 a

52 4788 76 4837 dt
87 4805 170 4844 constat
183 4809 251 4857 qnae
270 4810 322 4844 uon
339 4804 390 4844 tam
404 4794 502 4857 syllaba
516 4795 623 4844 dicenda
640 4802 679 4843 est
694 4808 768 4857 qrrnvn
783 4794 848 4843 ratio
867 4802 1008 4858 temporum
1022 4793 1121 4859 syllaba
1140 4792 1207 4841 enirn
1226 4792 1318 4841 dicitnr

51 4875 123 4914 orons
133 4904 140 4919 .
151 4905 174 4920 .,
188 4876 217 4915 st
234 4865 329 4916 sillabs
342 4880 405 4935 ergo
421 4866 524 4935 proprie
542 4865 574 4915 de
590 4879 642 4915 nna
659 4864 740 4915 uocnli
756 4872 856 4915 constat
873 4864 964 4915 silleba
983 4880 1045 4933 ergo
1064 4863 1168 4933 proprie
1187 4862 1279 4914 dicitur
1290 4864 1315 4913 A
