3350 5442
691 356 763 417 Ans
1307 352 1370 417 409

74 540 238 625 scriptum
264 560 456 625 persuasum
483 538 630 604 habeam.
674 562 751 603 uam
773 548 806 603 et
827 538 959 605 dicendi
980 562 1082 624 genus
1106 540 1266 626 quaedam
1288 561 1371 626 quae

73 641 120 705 ab
144 641 236 705 illius
257 663 404 705 sermone
426 640 533 705 aliena
554 652 631 705 sunt
651 642 811 723 continet,
834 652 868 705 et
890 664 998 706 rerum
1021 640 1264 706 tractandarum
1286 642 1369 706 ratio

74 752 149 805 tam
174 742 305 807 diversa
326 753 377 807 est
398 743 440 808 ab
462 743 505 807 iis
527 765 611 830 quae
635 742 676 807 de
692 743 805 807 eodem
821 754 1012 829 argumento
1035 767 1055 808 a
1076 743 1241 809 veteribus
1264 764 1370 827 gram-

73 844 209 908 maticis
241 844 410 930 conposita
442 853 532 925 sunt,
566 853 602 908 ut
633 845 812 909 recentiore
840 854 948 911 aetate
981 846 1061 910 haec
1092 868 1134 909 ex
1166 844 1372 931 antiquorum

74 944 323 1009 commentariis
352 954 507 1030 congesta
534 953 567 1009 et
594 946 714 1010 veteris
742 947 948 1031 grammatici
969 946 1099 1011 nomine
1119 946 1279 1032 inscripta
1301 968 1372 1010 esse

73 1055 204 1130 putem.
249 1046 353 1112 edidit
384 1056 493 1111 autem
526 1046 612 1110 hunc
643 1046 791 1111 libellum
825 1050 947 1134 primus
982 1048 1082 1112 Ianus
1115 1046 1308 1111 Parrhasius
1339 1048 1373 1110 in

74 1147 183 1212 Probi
212 1148 356 1214 editione
377 1147 531 1213 Vicetina
558 1172 588 1213 a.
614 1148 709 1231 1509,
739 1148 780 1213 de
802 1172 868 1236 qua
890 1149 1012 1215 dictum
1035 1159 1084 1214 est
1105 1147 1170 1215 vol.
1195 1148 1245 1212 IV
1266 1148 1371 1235 praef.

72 1272 107 1334 p.
132 1249 201 1316 IX.
236 1260 353 1337 postea
374 1250 617 1315 Lindemannus
645 1251 689 1316 ad
716 1272 834 1315 novam
862 1251 1037 1316 editionem
1059 1251 1208 1316 adhibuit
1229 1250 1373 1315 codicem

74 1349 272 1416 Gudianum
294 1352 358 1416 260
378 1352 420 1417 ab
443 1352 592 1433 Osanno,
616 1353 671 1438 qui
694 1375 735 1417 ex
756 1354 817 1418 hoc
837 1352 922 1417 libro
946 1352 1121 1440 Apuleium
1144 1374 1238 1417 suum
1259 1350 1373 1433 edidit,

74 1452 246 1539 descripto
269 1452 399 1540 Apulei.
422 1454 462 1517 de
485 1454 568 1519 orth.
592 1477 625 1540 p.
647 1453 726 1518 Vll.
759 1478 835 1518 nam
858 1456 945 1542 quod
967 1454 1211 1520 Lindemannus
1234 1463 1300 1518 tres
1323 1476 1373 1519 co-

73 1553 190 1637 dices,
213 1555 332 1641 quibus
354 1555 390 1619 in
411 1564 481 1620 arte
496 1555 625 1620 Phocae
647 1555 774 1621 edenda
787 1579 865 1621 usus
881 1567 983 1641 esset,
1007 1558 1236 1644 huncquoque
1254 1554 1375 1621 librum

72 1658 249 1721 continere
277 1657 362 1722 dixit
387 1660 421 1721 in
455 1656 674 1744 praefatione,
711 1657 751 1721 de
779 1658 907 1724 duobus
934 1659 1072 1741 erravit,
1105 1680 1210 1745 neque
1238 1659 1272 1722 in
1302 1660 1376 1745 ipsa

72 1757 227 1823 editione
248 1758 322 1844 plus
345 1782 442 1845 quam
464 1760 561 1823 unius
585 1759 707 1825 codicis
731 1761 926 1846 scripturam
948 1761 1106 1826 exhibuit.
1144 1759 1224 1824 mihi
1246 1768 1376 1846 praeter

71 1861 166 1925 hunc
192 1860 257 1924 duo
279 1861 348 1925 noti
363 1871 439 1926 sunt
454 1861 584 1928 codices
599 1862 664 1947 ipsi
678 1884 806 1949 quoque
821 1864 936 1950 quinto
960 1850 1092 1928 decimo
1102 1861 1232 1927 saeculo
1252 1862 1375 1947 scripti,

74 1961 205 2026 Veneti
227 1960 445 2028 bibliothecae
472 1964 505 2028 S.
528 1962 631 2028 Marci
654 1962 695 2028 cl.
719 1964 807 2029 XIII
833 1966 877 2031 30
902 1974 935 2029 et
962 1965 1041 2047 366,
1076 1987 1212 2052 quorum
1239 1972 1376 2051 uterque

73 2062 167 2127 hunc
195 2062 318 2129 librum
345 2067 409 2131 arti
436 2066 477 2130 de
503 2066 633 2131 nomine
660 2078 694 2131 et
726 2067 827 2132 verbo
856 2067 1039 2132 subiectum
1067 2066 1209 2131 exhibet.
1254 2065 1310 2130 sed
1335 2065 1375 2129 de

73 2166 126 2230 his
151 2187 223 2230 non
244 2170 428 2233 accuratius
450 2169 613 2256 quaesivi,
636 2167 693 2232 sed
716 2169 953 2233 Ascensianam
976 2168 1153 2233 editionem
1174 2189 1204 2230 a.
1230 2167 1311 2231 1516
1333 2188 1375 2231 ex

76 2267 237 2355 principe
258 2292 445 2356 expressam
467 2270 513 2355 (ς)
537 2280 570 2333 et
592 2269 780 2335 Gudianum
802 2270 947 2336 codicem
970 2268 1043 2356 (G),
1068 2271 1157 2334 cuius
1181 2270 1376 2354 scripturam

75 2370 304 2436 Lindemanni
327 2372 461 2437 editioni
484 2371 604 2454 debeo,
627 2381 758 2465 secutus
782 2395 865 2437 sum.

127 4933 319 4985 GRAMMATICI
333 4934 423 4979 curun
437 4936 464 4977 V.
