3350 5442
345 368 407 433 436
911 373 1060 436 enectis

370 491 391 531 p.
404 479 448 520 ate.
462 481 487 520 to
500 476 522 518 L.
1436 495 1458 536 p.
1473 484 1531 524 ms
1544 481 1601 524 ter.

345 559 431 620 aliter
452 558 594 619 declinari
616 564 749 639 possunt.
794 560 846 620 sed
869 563 967 621 omnia
989 569 1048 622 tam
1072 565 1103 622 in
1130 563 1231 624 futuro
1253 564 1418 643 imperativi
1441 563 1523 624 modi
1542 582 1621 643 quotu

343 661 493 731 infinitivi,
523 680 579 721 nec
608 681 665 723 non
694 663 782 723 etiam
805 662 931 740 gerundi
952 664 999 724 vel
1019 665 1257 745 participialihus
1278 671 1308 725 et
1329 666 1499 746 participiis
1519 667 1621 726 utrius

343 783 400 844 que
423 765 566 843 temporis
588 763 737 825 deliciunt.

426 865 576 927 lieiectiva
598 868 628 927 in
651 867 744 928 modis
767 875 836 929 sunt
855 868 944 928 haee:
967 887 1086 948 quaeso,
1110 869 1189 949 quod
1210 870 1335 950 primam
1358 887 1518 950 personam
1540 868 1619 928 debet

343 967 501 1029 indicativo
524 969 610 1030 modo
633 969 802 1039 dumtaxat,
825 970 897 1030 lieet
918 989 1061 1049 quaesere
1084 971 1193 1032 lectum
1215 973 1254 1032 sit
1274 972 1351 1052 apud
1373 971 1548 1032 Sallustium
1570 966 1575 1049 Ι
1595 980 1636 1030 ets

342 1069 486 1131 Tullium:
517 1078 597 1142 ovat,
625 1074 706 1142 inlit;
735 1073 808 1133 haee
837 1091 954 1153 quoque
982 1076 1102 1133 tertiam
1123 1091 1280 1154 personam
1302 1073 1413 1136 habeut
1438 1073 1551 1142 solam;
1576 1073 1618 1132 sed

341 1180 407 1234 ovat
435 1175 624 1253 participium
651 1176 724 1235 lacit
755 1175 922 1254 praesentis
953 1176 1109 1255 temporis,
1143 1194 1247 1245 ovans,
1277 1194 1344 1237 cum
1372 1177 1403 1237 in
1429 1175 1618 1236 declinatione

341 1274 426 1335 verbi
449 1275 574 1336 deliciet.
605 1275 743 1338 similiter
765 1277 858 1336 ausim
881 1283 912 1336 et
933 1276 1028 1338 duint.
1064 1281 1186 1358 inquam
1207 1281 1239 1339 in
1260 1279 1356 1356 prima
1376 1296 1505 1357 persona
1528 1285 1619 1337 centn

342 1395 456 1438 morem
476 1379 607 1439 omnium
630 1380 781 1458 protertur
804 1386 833 1438 et
856 1386 1014 1459 utrumque
1037 1398 1193 1442 numerum
1214 1379 1295 1440 modi
1317 1378 1466 1440 indicativi
1488 1381 1619 1458 temporis

341 1482 507 1558 praesentis
530 1486 560 1540 et
581 1481 747 1560 imperativi
769 1499 927 1542 numerum
950 1481 1130 1560 singularem
1152 1481 1256 1542 habet:
1279 1499 1348 1540 nam
1368 1482 1458 1561 inque
1478 1481 1559 1559 apud
1572 1481 1645 1541 Teo

342 1582 471 1642 rentium
494 1582 602 1643 lectum
625 1591 681 1643 est.
713 1585 759 1644 aio
775 1601 918 1663 praesens
933 1591 963 1644 et
977 1585 1170 1662 praeteritum
1184 1583 1382 1662 inperfectum
1396 1581 1489 1643 habet
1503 1590 1619 1642 tantum.

340 1685 408 1744 laxo
437 1685 569 1745 futurum
598 1692 714 1765 tempus
741 1668 945 1758 teutum'vel,
973 1693 1006 1747 ut
1030 1684 1094 1756 alii,
1116 1687 1326 1764 promissivum
1348 1685 1468 1746 modum
1489 1685 1619 1745 ostendit.

341 1786 435 1856 salve,
469 1788 635 1866 imperativi
668 1787 747 1848 modi
779 1789 909 1849 secunda
941 1806 1068 1867 persona
1101 1789 1132 1848 in
1158 1795 1284 1868 utroque
1311 1805 1436 1848 numero
1463 1787 1543 1848 lecta
1573 1795 1619 1854 est,

341 1888 419 1948 salve
442 1888 560 1957 salvete,
585 1896 614 1950 et
636 1889 741 1950 infiniti
763 1891 844 1950 modi
864 1898 982 1970 tempus
1002 1908 1154 1970 praesens,
1177 1889 1300 1950 salvere.
1323 1887 1396 1950 cedo
1419 1895 1449 1949 et
1471 1907 1526 1950 ave
1548 1876 1624 1949 simi·¹

340 1989 408 2050 liter
431 1991 597 2070 imperativi
620 1991 698 2051 modi
721 1992 881 2052 secundam
903 2009 1060 2070 personam
1081 1989 1193 2051 habent
1214 1993 1331 2050 numeri
1353 1990 1526 2068 singularis.
1556 1991 1646 2051 cedes

341 2095 431 2154 etiam
454 2093 571 2153 numeri
593 2093 718 2172 pluralis
740 2094 850 2156 lectum
872 2100 917 2154 est
938 2093 1015 2173 apud
1036 2092 1189 2161 Plautum,
1213 2100 1300 2153 cette.

424 2194 457 2255 ln
480 2193 738 2272 coniugationibus
760 2204 790 2256 et
811 2198 973 2276 praeterito
991 2195 1131 2257 deliciunt
1151 2194 1240 2255 haec:
1262 2195 1327 2255 lero
1349 2197 1412 2255 fers
1433 2196 1620 2275 praeteritum

339 2296 411 2356 lacit
433 2296 503 2366 tuli,
528 2315 592 2357 sum
615 2298 729 2369 esini,
757 2285 834 2359 ierio
863 2300 936 2360 ieris
963 2300 1113 2378 percussi,
1137 2296 1208 2371 tollo
1229 2295 1310 2359 tollis
1332 2297 1441 2357 sustuli
1462 2298 1551 2367 lacit,
1573 2297 1621 2358 edo

340 2416 373 2458 es
395 2397 458 2458 cdi:
481 2398 538 2458 hoe
560 2400 667 2460 infiniti
691 2400 771 2460 modi
792 2419 936 2480 praesens
958 2409 1076 2481 tempus
1097 2419 1156 2461 non
1178 2400 1208 2459 in
1231 2417 1265 2459 re
1287 2397 1444 2478 syllabam,
1467 2399 1522 2459 scd
1544 2401 1573 2459 io
1594 2419 1620 2458 se

340 2507 443 2560 contra
471 2519 583 2561 morem
611 2503 742 2562 omnium
772 2505 879 2573 mittit;
907 2521 971 2563 esse
1000 2505 1081 2564 enim
1108 2501 1266 2562 dicendum
1294 2507 1353 2560 est:
1377 2500 1442 2562 volo
1466 2503 1511 2562 vis
1533 2501 1646 2562 voluizs

339 2602 394 2662 hoe
417 2620 533 2682 quoque
562 2605 693 2664 incertae
722 2611 769 2664 est
796 2605 1014 2682 coniugationis
1042 2612 1072 2664 et
1100 2607 1131 2664 in
1154 2604 1253 2663 tuturo
1274 2603 1444 2682 imperativi
1465 2610 1496 2664 et
1518 2604 1620 2664 infiniti

340 2704 420 2764 modi
448 2705 549 2766 deficit
576 2712 605 2765 et
632 2708 663 2766 in
691 2707 820 2784 gerundi
847 2706 893 2766 vel
921 2705 1167 2786 participialibus,
1195 2723 1271 2784 quae
1299 2707 1406 2784 supina
1435 2703 1485 2765 alii
1507 2705 1619 2765 dieunt:

340 2813 419 2867 meto
440 2825 567 2866 messem
590 2809 664 2879 ieci;
688 2827 756 2869 nam
779 2808 866 2870 aliter
887 2809 1018 2888 prolerri
1040 2827 1099 2869 non
1122 2813 1227 2888 potest.
1259 2806 1356 2887 polleo
1378 2809 1465 2875 sisto,
1489 2807 1620 2867 similiter

339 2916 370 2968 et
391 2907 483 2985 glisco
510 2909 587 2969 turio
610 2917 640 2970 ct
662 2912 762 2990 quatio
795 2911 909 2972 nullum
937 2909 1049 2972 hahent
1074 2910 1278 2988 praeteritum.
1328 2909 1503 2970 memineris
1531 2915 1620 2969 tamen

339 3009 524 3070 inchoativae
547 3012 658 3072 termae
681 3010 770 3073 verba
794 3015 824 3073 in
847 3013 1009 3092 praeterito
1030 3011 1164 3090 perlecto
1186 3010 1324 3072 delicere.

426 3106 439 3193 {l
458 3109 630 3192 Participiis
658 3120 761 3174 carent
787 3113 880 3175 verba
907 3113 964 3174 alia
991 3115 1157 3193 praesentis
1182 3113 1340 3191 temporiS,
1363 3111 1420 3172 alie
1441 3112 1551 3181 iuturi,
1573 3112 1620 3172 alia

339 3214 505 3293 utriusque.
549 3214 579 3274 in
607 3217 757 3294 praesenti
784 3217 886 3295 itaque
913 3214 1014 3276 deficit
1041 3234 1106 3277 sum
1129 3223 1157 3274 et
1179 3233 1254 3294 quae
1277 3231 1313 3274 er
1334 3232 1371 3274 eo
1392 3213 1520 3274 adiectis
1541 3233 1617 3294 prae·

338 3315 538 3396 positionibus
552 3323 769 3395 componuntur
790 3324 912 3396 praeter
934 3317 1007 3386 duo,
1031 3316 1139 3378 absens
1161 3323 1191 3377 et
1212 3334 1364 3396 praesens,
1387 3333 1464 3396 quae
1487 3335 1505 3376 a
1527 3315 1618 3376 verbis

425 3535 456 3588 13
474 3536 544 3586 solve
563 3535 640 3588 Char.
660 3537 721 3600 254,
740 3539 772 3590 18
858 3539 890 3590 17
913 3540 937 3588 iu
961 3536 1183 3602 coniugationibus
1200 3535 1276 3590 Olor.
1295 3535 1354 3600 249,
1371 3535 1398 3589 8.
1416 3538 1478 3597 251,
1497 3537 1525 3586 7.
1542 3538 1614 3588 θέοι.

337 3605 398 3669 380,
416 3606 433 3656 8
522 3607 556 3656 20
574 3607 630 3657 volo
650 3607 725 3658 otor.
742 3607 801 3672 ent,
817 3608 852 3660 28
938 3606 972 3659 26
993 3607 1135 3673 participiis
1158 3606 1340 3656 cerenicum.
1360 3605 1426 3668 381,
1447 3607 1460 3658 1
1549 3609 1581 3656 27
1594 3607 1615 3653 io

338 3677 465 3742 praesenti
483 3675 559 3728 ctar.
578 3675 638 3741 260,
658 3677 692 3728 24

407 3882 420 3932 1
441 3881 509 3932 modi
523 3899 570 3934 ovs.
590 3884 615 3932 P
663 3884 680 3933 4
697 3897 791 3947 quaeso
808 3882 837 3948 qs
855 3882 924 3946 quod
940 3883 1047 3949 primum
1065 3895 1201 3948 personam
1218 3881 1295 3930 habet
1310 3882 1335 3930 iu
1350 3879 1475 3946 singulari
1492 3887 1518 3928 et
1532 3877 1614 3944 pionii

338 3951 468 4002 indicetiui
485 3953 553 4002 modi
569 3953 733 4020 dumtaxatp
780 3951 978 4004 dindicstiuum
998 3952 1100 4003 modum
1119 3951 1144 4000 P
1194 3965 1288 4015 quaese
1304 3949 1417 4000 relictum
1435 3950 1507 4000 sur
1554 3947 1613 4014 apud

337 4019 498 4088 Sallustium]
513 4022 547 4086 cs.
566 4021 673 4088 Eutpcl.
687 4037 713 4085 p.
726 4021 795 4074 2184
848 4032 873 4072 et
885 4021 994 4072 Tullium
1010 4038 1057 4073 om.
1068 4037 1094 4087 9.
1108 4022 1235 4072 Gicmnis
1248 4023 1384 4084 cucumim
1401 4023 1438 4070 ad
1452 4021 1529 4069 Aret.
1545 4036 1566 4066 o.
1587 4015 1613 4066 18

336 4093 422 4141 retulit
434 4093 618 4143 Liodanonous
627 4100 731 4143 auctore
741 4093 892 4144 Forcetlinio
902 4111 925 4144 o.
943 4107 1037 4156 quaeso
1090 4091 1192 4142 doceat
1203 4091 1257 4141 iniit
1268 4090 1294 4138 P
1342 4090 1359 4140 8
1376 4090 1492 4139 similiter
1503 4089 1580 4138 susim
1593 4097 1613 4134 et

336 4161 409 4211 duint
427 4163 529 4226 iuquam
548 4159 732 4212 PF'similiter
749 4164 831 4214 ausim
851 4163 953 4227 inquam
972 4163 1009 4228 sp
1031 4161 1146 4211 similiter
1166 4162 1250 4211 ausim
1267 4169 1292 4209 et
1312 4160 1433 4228 perdiunt
1452 4173 1497 4225 pro
1515 4158 1612 4224 perdum

337 4231 423 4282 dicunt
442 4233 584 4294 etinquem
604 4247 620 4290 ς
639 4230 755 4282 similiter
773 4235 854 4283 ausim
873 4243 899 4283 et
916 4233 1030 4298 perduim
1048 4232 1150 4295 inquam
1168 4231 1301 4281 Putsclo'ue
1353 4229 1484 4283 inoml'
1533 4226 1611 4292 epro-

336 4299 452 4351 icruutur
470 4309 602 4365 utrumque
620 4302 646 4351 Ρ
727 4301 760 4352 10
778 4302 846 4367 apud
864 4300 1019 4367 Terentium]
1045 4300 1147 4354 Pleno.
1167 4301 1190 4348 V
1208 4301 1233 4364 8,
1253 4299 1295 4359 26,
1313 4313 1361 4362 quo
1378 4301 1493 4362 campio
1510 4302 1611 4347 murat
1653 4334 1654 4337 ,

338 4371 486 4421 Prisciamcs
502 4371 606 4438 exp.
625 4372 685 4434 496,
703 4374 729 4430 4,
748 4371 866 4424 Heauton
883 4374 932 4425 tim.
955 4373 996 4421 illi
1014 4372 1078 4437 7,1
1151 4371 1181 4422 ll
1201 4369 1276 4420 hebet
1298 4369 1388 4420 em.F
1455 4367 1487 4419 13
1501 4367 1609 4416 solve-
1653 4388 1654 4439 q

335 4441 401 4490 lecte
420 4449 458 4490 est
474 4454 521 4490 orn.
541 4441 567 4490 Ρ
648 4442 738 4491 lectum
758 4452 796 4491 est
814 4442 885 4491 salue
902 4440 1000 4491 saincte
1017 4457 1032 4506 p
1051 4442 1115 4490 lecte
1133 4450 1172 4490 est
1189 4440 1285 4489 saluctc
1303 4439 1329 4487 P
1416 4438 1447 4488 14
1466 4438 1576 4486 similiter
1590 4443 1608 4481 ct

336 4511 480 4576 imperatiui
497 4511 564 4560 modi
583 4511 608 4561 P
624 4510 740 4561 similiter
758 4519 783 4560 et
799 4512 964 4576 imperatione
982 4512 1007 4561 Ρ
1062 4511 1094 4561 15
1112 4511 1224 4560 numeris
1240 4509 1377 4574 singularis
1393 4507 1418 4555 P
1476 4507 1508 4559 16
1526 4517 1608 4555 recem

337 4590 375 4631 est
392 4579 417 4630 Ρ
486 4577 560 4646 cette]
583 4589 636 4630 cete
655 4582 679 4630 P
690 4589 754 4630 celet
766 4582 790 4630 Ρ
805 4583 917 4646 ceditep
935 4580 1018 4632 cedite
1036 4580 1160 4646 mihipte
1178 4580 1256 4629 dicite
1274 4593 1306 4634 ς.·
1324 4577 1359 4640 cs.
1379 4576 1480 4627 Gtcdou.
1488 4593 1517 4640 p.
1533 4575 1608 4625 suu
1652 4616 1653 4652 q

406 4649 516 4700 18lcrio
533 4649 595 4700 ieris
616 4653 729 4715 percutio
747 4653 863 4716 percussi
880 4652 906 4700 P
994 4651 1042 4702 cdo
1060 4651 1102 4700 edi
1126 4650 1181 4700 sedi
1205 4649 1253 4698 hoc
1270 4648 1331 4697 Fr
1377 4647 1412 4698 23
1430 4661 1537 4696 messem
1556 4637 1607 4703 ret]
1652 4654 1653 4657 ’

336 4720 432 4769 messui
450 4734 467 4776 ς
486 4721 579 4769 messui
599 4719 659 4770 lacit
673 4735 691 4785 p
762 4720 844 4784 pelleo
860 4722 919 4770 sitio
934 4721 1051 4770 similiter
1064 4729 1089 4769 ct
1103 4719 1183 4785 glisco
1202 4719 1263 4768 iuvit
1278 4725 1302 4766 et
1315 4718 1401 4780 quatio
1423 4716 1449 4765 P
1461 4715 1542 4781 polleo
1559 4713 1608 4764 sitio

336 4788 412 4853 (sisto
424 4787 453 4853 s)
478 4791 593 4840 similiter
614 4797 639 4838 ct
656 4790 738 4855 glisco
757 4789 833 4840 luerit
851 4799 875 4840 et
893 4791 977 4853 quatio
996 4791 1021 4840 Ρ
1035 4790 1118 4856 pelleo
1140 4790 1203 4839 sisto
1222 4786 1337 4837 similiter
1352 4796 1377 4836 et
1395 4782 1475 4856 glisco
1493 4796 1516 4834 et
1533 4782 1606 4848 quatio

337 4871 354 4914 ς
370 4857 452 4923 polleo
470 4857 535 4908 lucio
550 4859 667 4908 similiter
684 4869 709 4908 et
727 4858 809 4925 glisco
828 4871 854 4910 et
871 4861 988 4927 gratiog
1057 4860 1090 4909 25
1108 4857 1193 4909 delicit
1211 4857 1236 4906 Ρ
