3350 5442
604 359 841 425 contumulet
1329 353 1391 419 207

1208 478 1230 519 p.
1242 465 1332 506 2511-52
1345 463 1368 504 L.

98 546 194 609 nibus.
240 567 298 628 quo
321 547 410 609 modo
432 548 557 611 dicimus
580 548 675 627 nubes
698 548 777 620 dies,
801 549 844 610 sic
867 550 955 609 etiarn
977 548 1009 607 in
1030 545 1258 626 pronominibus
1279 546 1393 606 inveni-

97 656 145 710 tur
166 652 334 711 communis
356 668 499 711 numerus
521 652 600 712 inter
621 649 802 730 singularem
826 657 856 711 et
876 648 1036 730 pluralem,
1065 649 1183 728 utqui:
1222 654 1252 708 et
1274 646 1311 709 dc
1332 665 1392 707 uno

97 769 217 831 possum
241 751 341 814 dicere
363 754 413 831 qui
436 751 525 815 etde
548 752 664 813 duobus
687 751 776 813 etde
797 750 947 832 pluribus,
972 753 1022 829 qui
1037 752 1081 811 rir
1104 759 1135 811 et
1156 750 1207 826 qui
1224 749 1292 819 viri,
1317 766 1393 826 quae

98 852 203 915 mulier
227 861 257 915 et
278 873 354 935 quae
376 853 525 916 mulieres.
557 861 626 916 sunt
641 856 730 917 etiam
752 855 931 934 pronomina
953 852 1120 914 deficientia
1141 869 1197 931 per
1219 848 1392 912 alterutram

71 962 223 1035 spectem.
267 974 326 1036 quo
347 956 437 1018 modo
460 956 587 1017 diuImus
610 957 641 1017 in
665 956 834 1018 nominibus
857 973 922 1017 esse
945 953 1042 1035 aliqua
1064 954 1184 1014 nomina
1208 950 1254 1033 [in
1277 970 1392 1012 mascu-

95 1054 159 1119 lino
181 1058 307 1140 genere]
336 1066 450 1121 tautum
479 1060 596 1120 numeri
619 1056 795 1137 singularis,
826 1057 962 1119 similiter
983 1057 1102 1118 nomina
1124 1062 1239 1115 tantum
1259 1052 1391 1133 pluralis,

95 1160 138 1220 sie
163 1162 251 1221 etiam
276 1167 306 1221 et
327 1161 568 1247 inprnnomine.
615 1167 685 1241 suut
705 1162 884 1240 pronomina
912 1178 949 1220 ex
969 1165 1095 1237 utraque
1116 1162 1201 1236 parte
1222 1154 1391 1234 singularia,

95 1269 129 1322 ut
151 1280 248 1333 meus,
278 1262 309 1323 id
338 1270 383 1325 est
409 1272 439 1324 et
466 1262 515 1325 ille
543 1264 593 1343 qui
623 1261 756 1342 possidet
785 1270 814 1323 et
841 1261 891 1323 ille
913 1262 963 1341 qui
984 1260 1152 1340 possidetur
1174 1276 1252 1319 unus
1273 1265 1333 1326 est:
1357 1275 1393 1317 ex

94 1372 223 1444 utraque
244 1371 329 1445 parte
350 1363 492 1444 pluralia,
516 1372 551 1426 ut
571 1366 680 1435 nostri,
705 1371 735 1425 et
757 1365 807 1443 qui
829 1364 930 1424 dicunt
945 1380 978 1423 se
998 1361 1152 1441 possidere
1175 1367 1204 1421 et
1226 1359 1263 1420 de
1285 1357 1393 1438 quibus

10 1524 14 1531 .
59 1478 83 1517 1⁰
97 1465 203 1527 dicunt
223 1466 328 1547 plures
349 1477 426 1528 sunt.
471 1468 651 1529 intrinsecus
673 1464 831 1546 singulare,
855 1465 1038 1525 extrinsecus
1060 1460 1191 1543 plurale:
1213 1462 1393 1522 intrinsecus

95 1568 205 1629 dieitur
228 1568 308 1647 quod
331 1571 461 1648 pertinet
483 1569 519 1629 ad
541 1587 699 1649 personam
728 1567 923 1649 possidentis,
952 1567 1138 1628 extrinsecus
1160 1562 1239 1644 quod
1261 1564 1392 1643 pertinet
1445 1636 1454 1653 .

96 1670 131 1731 ad
154 1689 314 1750 personam
339 1670 343 1753 l
367 1672 574 1751 possessionis.
597 1670 714 1751 quando
738 1688 809 1748 ergo
830 1669 1010 1730 intrinsecus
1030 1665 1146 1747 plurale
1168 1671 1223 1736 est,
1247 1667 1391 1727 extrinse-

95 1792 148 1833 cus
177 1773 345 1853 singulare,
376 1774 433 1834 erit
460 1772 509 1833 bic
537 1779 654 1843 noster,
693 1779 726 1833 ut
748 1759 836 1832 ‘multi
865 1774 925 1833 sint
956 1772 1009 1850 qui
1035 1768 1201 1849 possident,
1236 1783 1313 1829 unus
1341 1769 1393 1845 qui

95 1874 276 1953 possidetur.
321 1874 481 1955 aliquando
512 1876 692 1937 intrinsecus
724 1872 889 1953 singulare,
925 1874 1110 1934 extrinsecus
1137 1868 1268 1951 plurale,
1300 1879 1334 1931 ut
1366 1872 1392 1930 si

61 1976 178 2039 urticas
202 1978 270 2038 mei.

182 2078 258 2141 Sunt
280 2080 368 2141 etiem
391 2080 504 2157 figurae
525 2080 557 2140 in
578 2078 815 2159 pronominibus.
847 2083 893 2139 est
913 2077 1008 2156 ligura
1030 2082 1081 2137 aut
1102 2074 1228 2154 simplex
1249 2082 1300 2137 aut
1320 2093 1391 2137 con·
1404 2086 1463 2149 436,
1477 2087 1511 2136 30

95 2182 207 2261 posita,
243 2180 369 2275 simplex
402 2182 481 2262 quis,
515 2181 668 2261 conposita
702 2181 847 2261 quisquis.
891 2197 960 2239 nam
994 2179 1121 2240 diximus
1151 2179 1183 2238 in
1221 2177 1393 2239 nominibus

95 2283 238 2362 quoniam
266 2300 300 2344 ea
329 2284 449 2344 nomina
478 2301 553 2364 quae
583 2302 620 2345 ex
650 2282 766 2345 duobus
788 2280 960 2343 nominibus
982 2282 1137 2361 conposita
1159 2286 1229 2341 sunt
1251 2296 1286 2339 ea
1307 2284 1392 2358 parte

95 2384 292 2456 declinantur,
316 2404 374 2466 qua
397 2395 443 2448 est
465 2387 677 2456 nominativum
701 2393 731 2445 et
751 2385 903 2447 invenitur
925 2401 1034 2443 nomen
1057 2381 1135 2463 quod
1160 2387 1285 2459 utraque
1306 2387 1392 2459 parte

59 2484 263 2548 buccinator
291 2485 426 2569 [praetor
451 2486 583 2549 urbanus
605 2495 731 2567 utraque
758 2494 844 2567 parte
877 2483 1073 2566 declinatur],
1097 2484 1235 2565 quoniam
1267 2489 1391 2562 utraque

94 2597 181 2668 parte
203 2590 402 2651 nominativus
424 2596 478 2651 est.
523 2589 596 2650 baec
618 2590 784 2650 invenimus
807 2594 837 2648 et
858 2589 889 2649 in
911 2584 1149 2667 pronominibus.
1195 2592 1265 2648 sunt
1280 2602 1391 2665 prono-

94 2692 176 2752 mina
200 2692 354 2771 couposita
377 2709 452 2771 quae
475 2697 601 2769 utraque
622 2698 708 2772 parte
731 2690 933 2760 declinantur,
962 2697 1032 2751 sunt
1053 2705 1130 2766 qnae
1152 2687 1254 2767 priore
1276 2686 1392 2748 tantum

93 2800 181 2871 perte
205 2792 390 2855 declinantur
413 2800 442 2854 et
463 2782 629 2873 posteriore
644 2811 705 2855 non
721 2792 921 2873 declinantur,
944 2798 1014 2853 suut
1027 2808 1103 2871 quae
1118 2790 1285 2869 posteriore
1306 2796 1392 2869 parte

94 2896 285 2957 declinantur
308 2901 338 2956 et
358 2895 460 2974 priore
482 2914 542 2957 nou
565 2894 761 2957 declinantur.
792 2904 919 2975 utraque
939 2902 1024 2974 parte
1040 2891 1204 2953 declinatur
1225 2909 1392 2971 pronomen

58 2998 243 3077 eqnsqub:
267 2998 402 3078 quisquis
424 2998 594 3060 cuiuscuius
617 2998 713 3061 euicui
737 3014 917 3078 quemquem
938 2996 1071 3075 quisquis
1093 3012 1109 3054 a
1132 3012 1267 3074 quoquo,
1291 2994 1393 3071 quiqui

94 3115 352 3179 quorumquorum
375 3099 590 3181 quibusquibus
612 3118 761 3180 quosquos
783 3099 886 3179 quiqui
906 3117 924 3158 a
945 3095 1171 3177 quibusquibus.
1201 3096 1265 3158 noli
1285 3102 1392 3175 putare

93 3200 151 3262 boc
174 3220 261 3263 causa
289 3200 495 3281 declinatiopis
517 3220 595 3265 esse:
627 3209 657 3264 et
678 3202 756 3283 apud
779 3200 954 3263 Ciceronem
976 3201 1122 3261 remansit
1142 3200 1241 3261 cuicdi
1262 3205 1292 3259 et
1314 3195 1391 3277 apud

93 3302 279 3365 Terentium.
325 3322 394 3365 nam
416 3293 574 3367 Terentius
596 3304 669 3365 dixit

248 3405 333 3483 quia
355 3404 510 3486 spolies,
534 3405 697 3482 mutiles,
721 3404 879 3476 lateres,
904 3422 1123 3484 quemquem
1146 3410 1283 3465 nancta
1304 3403 1368 3465 sis.

58 3517 289 3587 ³⁰quemquem,
317 3507 401 3569 unde
430 3509 487 3570 crit
513 3510 570 3570 ista
599 3508 757 3570 declinatio
786 3514 879 3569 tracta
908 3508 965 3569 nisi
992 3525 1009 3567 a
1036 3508 1219 3568 nominativo
1249 3504 1391 3584 singulari

93 3610 248 3691 quisquis?
272 3612 407 3690 quisquis
422 3612 593 3673 cuiuscuius
609 3612 707 3687 euicui
722 3626 909 3691 quemquern.
940 3611 1012 3669 item
1032 3611 1064 3671 in
1078 3610 1213 3671 Verrinis
1229 3607 1346 3669 bebetis
1359 3608 1390 3667 in

92 3710 143 3772 illa
158 3712 357 3773 frumentaria
369 3712 520 3775 Ciceronis
535 3710 780 3775 ‘cuicuimodi
796 3716 876 3773 est'.
900 3710 1007 3782 euicui,
1023 3711 1102 3773 uude
1118 3712 1174 3772 erit
1187 3712 1245 3771 ista
1260 3709 1389 3771 declina·

92 3814 134 3873 tio
149 3814 209 3875 nisi
224 3832 240 3874 a
258 3814 438 3876 nominativo
455 3816 605 3895 quisquis?
627 3817 759 3891 quisquis
774 3814 945 3875 cuiuscuius
968 3815 1073 3875 euicui.
1110 3832 1182 3893 ergo
1206 3830 1277 3874 ecce
1298 3810 1392 3873 babes

93 3934 265 3994 pronomen
288 3915 367 3996 quod
391 3924 517 3996 utraque
538 3923 624 3997 parte
646 3914 826 3985 declinatur,
850 3917 993 3996 quisquis.
1025 3924 1071 3977 est
1085 3917 1174 3977 etiam
1189 3914 1268 3993 quod
1290 3915 1391 3995 priore

60 4026 180 4097 epacte
203 4016 370 4080 declinatur
393 4026 422 4079 et
442 4020 610 4098 posteriore
631 4037 692 4080 non
714 4016 896 4089 declinatur,
916 4024 951 4079 ut
966 4009 1012 4079 est
1025 4015 1113 4089 illud,
1137 4018 1299 4098 quispiam:
1322 4016 1390 4097 quis

93 4116 277 4190 declinatur,
300 4122 380 4200 piam
402 4138 464 4183 non
487 4124 668 4183 declinatur.
712 4128 761 4182 aut
782 4140 867 4182 versa
894 4122 958 4181 vice
979 4122 1063 4200 prior
1084 4139 1153 4201 pars
1174 4134 1235 4182 non
1257 4118 1389 4181 declina·

94 4229 142 4282 tur
172 4221 371 4284 declinatione
398 4224 429 4284 in
457 4224 624 4303 posteriore
645 4224 757 4304 posita,
781 4231 814 4284 ut
834 4222 953 4303 aliquis:
976 4222 1015 4284 ali
1038 4241 1098 4283 non
1122 4221 1300 4291 declinatur,
1324 4221 1390 4300 quis

165 4427 200 4481 12
218 4428 321 4493 quando
339 4444 403 4496 ergo
421 4427 447 4477 Α
466 4445 528 4497 ergo
544 4428 647 4494 quando
662 4427 725 4480 cac
744 4443 805 4494 ergo
821 4427 923 4493 quondo
943 4427 1038 4479 dicoO
1120 4426 1219 4493 plurale
1244 4434 1284 4477 est
1302 4434 1327 4475 et
1343 4440 1389 4475 ex-

95 4495 221 4548 trinsecus
238 4496 264 4547 A
348 4498 381 4551 19
399 4494 460 4563 que]
485 4500 528 4565 qni
546 4498 628 4549 ΑΒΘ
710 4497 744 4551 20
767 4498 908 4549 declinatur
928 4498 952 4547 A
976 4496 1116 4548 declinetur
1131 4498 1204 4549 eea
1287 4505 1390 4562 praetor

96 4566 211 4619 urbanus
227 4577 334 4633 utraque
352 4579 425 4633 parte
442 4569 584 4620 declinetur
602 4583 647 4618 om.
665 4569 700 4629 A,
719 4568 781 4619 add.
799 4588 815 4621 n
899 4568 934 4616 211
953 4564 1079 4633 quisquis]
1101 4568 1136 4631 cf.
1154 4567 1256 4619 Gledon.
1269 4583 1299 4631 p.
1321 4563 1390 4619 1908

164 4652 181 4688 a
198 4649 299 4703 quoquo
316 4638 401 4689 Aee
416 4654 432 4689 a
448 4653 498 4703 quo
514 4655 530 4690 c
547 4654 596 4703 quo
613 4638 647 4689 a*
734 4639 769 4691 26
792 4643 1008 4704 quorumquorum
1026 4638 1142 4702 quisquis
1161 4637 1346 4702 quibusquibus
1363 4634 1390 4685 B

2 4742 3 4761 .
165 4709 290 4769 aquibus
307 4723 323 4758 a
341 4708 433 4771 quibus
450 4708 476 4759 Α
546 4708 581 4761 28
599 4707 741 4775 Terentius]
757 4708 855 4777 Heeyr.
875 4706 959 4769 11,8
1028 4706 1062 4759 211
1078 4708 1180 4759 mutiles
1198 4705 1289 4758 Bca*
1307 4704 1390 4755 mules

2 4772 3 4843 f
97 4776 120 4826 Α
174 4776 276 4843 lateres]
299 4779 339 4829 lat*
357 4780 371 4827 d
391 4779 416 4829 B
467 4778 499 4831 31
520 4779 716 4833 uerbenisAG:
733 4782 759 4829 in
779 4780 857 4831 Verr.
874 4786 923 4832 act.
941 4794 993 4831 see.
1013 4779 1097 4843 1141,
1116 4778 1166 4829 107
1220 4776 1255 4829 34
1272 4776 1389 4840 quisquis

2 4846 3 4865 ³
98 4846 231 4901 ommno
282 4847 604 4914 Mquodinntraquerl
653 4849 687 4901 35
707 4847 1008 4900 nouutestilludBG
1060 4846 1391 4914 ddpinmnouautABC
