3350 5442
210 433 213 437 y
314 353 378 418 224
419 381 422 390 ·
781 439 783 445 Ι
883 356 1034 419 roman

198 3009 257 3066 am,
270 3007 303 3056 aa

199 3076 259 3139 soe,
272 3076 305 3124 aa

339 477 361 518 p.
373 463 499 514 rat—ffli-

315 546 406 613 citur;
430 545 515 606 tertia
538 545 568 603 in
591 545 686 604 activo
708 545 718 603 i
740 543 831 606 babet
853 553 1029 624 correptam,
1053 546 1084 606 in
1106 546 1223 626 passivo
1244 563 1304 608 non
1327 544 1416 608 babet
1442 547 1453 606 i
1474 544 1613 607 litteram

314 654 492 728 correptam,
515 645 567 707 scd
589 647 678 726 proi
700 666 725 708 e.
770 646 841 708 binc
868 655 991 728 apparet
1016 649 1154 728 quoniam
1177 655 1313 728 correpta
1336 654 1390 710 est.
1434 655 1508 729 puta
1542 647 1612 726 lego

313 747 400 828 legis:
424 748 520 829 qualis
541 751 580 810 sit
600 751 655 810 ista
678 748 774 811 littera
797 769 857 812 non
880 748 1033 828 intellego,
1062 751 1110 812 lac
1138 753 1286 832 passivum
1315 750 1398 830 legor
1419 750 1540 829 legeris.
1587 750 1613 809 si

314 858 460 913 servasset
480 853 575 930 ipsam
599 851 735 922 litteram,
760 861 823 913 erat
844 851 1000 932 producta.
1036 871 1096 916 nou
1118 861 1217 915 autem
1240 855 1374 923 servavit,
1398 851 1451 914 scd
1472 853 1611 922 mutant,

315 953 395 1014 unde
417 960 540 1034 apparet
560 955 627 1032 quia
650 961 785 1033 correpta
803 962 855 1016 cst.
886 973 1046 1035 numquam
1062 963 1161 1036 potest
1181 964 1306 1028 mutare,
1331 957 1388 1017 nisi
1404 954 1525 1036 quando
1542 971 1638 1019 cor-⁵

315 1057 435 1137 ripitur,
465 1063 498 1116 ut
523 1054 590 1134 lego
618 1054 706 1134 logis,
736 1055 819 1135 legor
841 1055 956 1136 legeris.
1002 1057 1146 1138 numquid
1171 1067 1222 1120 aut
1246 1057 1399 1138 produxit,
1434 1077 1495 1138 quo
1520 1055 1613 1117 modo
1661 1057 1662 1060 ’

314 1157 438 1219 dicimus
459 1157 570 1219 doceor
593 1157 718 1229 doceris,
742 1167 792 1220 aut
813 1161 948 1230 servavit,
976 1179 1035 1240 quo
1058 1159 1148 1220 modo
1170 1160 1295 1222 dicimus
1322 1161 1439 1224 nutrior
1461 1159 1614 1220 nutriris?
1661 1147 1662 1152 ’

315 1278 388 1338 ergo
414 1261 440 1320 si
467 1269 605 1340 correpta
628 1261 733 1331 inerit,
762 1255 792 1321 in'
823 1269 969 1331 emutat;
999 1263 1024 1323 si
1048 1261 1193 1342 producta
1220 1264 1311 1325 luerit
1338 1263 1519 1341 coniugatio,
1547 1279 1614 1334 nop

315 1369 423 1432 mutat,
451 1361 504 1423 sed
531 1369 630 1422 serrat
659 1362 753 1442 ipsam
783 1361 1067 1445 [coniugationem],
1103 1372 1134 1425 ut
1161 1366 1186 1424 si
1220 1363 1302 1426 dicas
1329 1366 1445 1426 nutrior
1472 1365 1612 1424 nonnis.

315 1483 374 1525 oon
398 1463 524 1526 dicimus
546 1466 685 1534 nutrcris,
708 1483 797 1544 quem
819 1466 855 1527 acl
878 1465 999 1527 modum
1021 1465 1139 1544 legeris,
1163 1466 1215 1528 sed
1237 1468 1338 1528 nutrio
1362 1468 1467 1535 nutris,
1489 1467 1616 1527 numios
1630 1485 1653 1525 ro

315 1567 447 1628 nubiris.
492 1585 562 1628 ecce
584 1566 678 1628 habes
699 1586 790 1629 unum
813 1567 974 1630 discrimen
996 1570 1105 1648 ipsius;
1130 1577 1175 1630 cst
1196 1568 1285 1630 aliud.
1329 1569 1446 1649 quando
1469 1577 1615 1647 correpta

316 1675 370 1739 est,
392 1671 422 1730 in
446 1687 462 1730 e
484 1677 578 1730 mutat
598 1671 820 1749 imperativum
844 1669 962 1748 quando
984 1669 1127 1750 producta
1150 1678 1207 1741 est,
1236 1672 1268 1732 in
1290 1673 1300 1732 i
1321 1679 1486 1751 permanet.
1539 1679 1616 1748 puta

315 1771 382 1850 lego
404 1769 477 1848 legis
498 1770 573 1850 lege,
598 1790 668 1833 ecce
689 1773 720 1831 in
742 1773 916 1851 imperativo
939 1773 1028 1834 modo
1051 1774 1172 1834 mutavit
1192 1773 1247 1833 iin
1264 1792 1289 1844 e,
1314 1780 1344 1834 et
1358 1780 1530 1852 correptum
1548 1781 1615 1834 est:

314 1875 414 1934 nutrio
435 1875 532 1935 nutris
553 1875 643 1943 nutri,
668 1891 739 1935 ecce
761 1876 885 1936 serravit
907 1876 1001 1956 ipsam
1024 1877 1034 1935 i
1056 1877 1086 1937 in
1101 1876 1285 1955 imperativo,
1309 1881 1339 1936 et
1357 1876 1538 1956 productum
1554 1883 1616 1945 est,

315 1994 375 2037 non
397 1975 468 2036 lacit
489 1983 586 2037 nuuc.
618 1983 662 2036 est
684 1977 754 2036 item
778 1974 857 2038 alicui
879 1978 910 2036 in
932 1977 1121 2058 paenultimis
1142 1975 1261 2059 syllabis
1275 1977 1411 2038 infinitivi
1434 1977 1524 2048 modi,
1548 1997 1616 2038 non
1631 2003 1662 2040 m

315 2079 347 2138 in
368 2077 488 2149 ultimis,
512 2077 616 2140 sedin
639 2076 829 2158 paenultimis
852 2077 980 2158 syllabis.
1025 2079 1142 2158 quando
1170 2081 1319 2142 invenitur
1343 2091 1458 2160 tempus
1480 2079 1617 2160 produc-

316 2187 389 2251 tum,
411 2179 602 2260 producitur;
627 2179 745 2260 quando
766 2182 917 2243 invenitur
940 2179 1064 2264 temlpus
1086 2188 1266 2261 correptum,
1291 2189 1427 2262 correpta
1445 2191 1490 2243 est
1504 2183 1616 2242 coniu-

316 2283 405 2360 gatio.
450 2290 519 2362 puta
541 2281 641 2362 legere
664 2282 781 2363 quando
810 2281 891 2354 dico,
920 2283 1064 2364 numquid
1092 2282 1217 2363 produxi
1245 2283 1472 2364 paenultimam?
1507 2283 1618 2362 legere

316 2383 414 2446 brevis
443 2392 495 2445 est.
541 2403 558 2446 e
585 2387 736 2446 contrario
762 2386 788 2445 si
816 2385 960 2464 producta
987 2387 1026 2447 sit
1053 2387 1236 2464 coniugatio,
1264 2385 1455 2465 producitur:
1493 2387 1617 2447 nutrire

315 2486 460 2567 producta
483 2493 536 2558 cst,
560 2505 619 2548 non
642 2487 766 2550 dicimus
789 2475 920 2550 nutrcrc.
965 2506 1034 2549 cccc
1056 2487 1148 2549 babes
1170 2495 1231 2548 tres
1252 2489 1400 2558 rationeS,
1424 2487 1501 2548 unde
1524 2487 1616 2548 colli·
1631 2497 1662 2550 eo?

315 2606 376 2668 gas
399 2589 518 2669 quando
540 2598 677 2671 correpta
700 2597 760 2660 cst,
789 2590 907 2670 quando
934 2590 1079 2671 producta
1106 2592 1162 2652 ista
1190 2591 1366 2668 coniugatio.
1412 2589 1482 2670 quid
1509 2598 1617 2652 antem

316 2691 403 2753 nobis
430 2691 554 2771 prodest
581 2693 659 2753 scire
685 2693 770 2754 biam
800 2695 1051 2772 coniugationem,
1084 2691 1202 2773 quaudo
1229 2692 1373 2772 producta
1402 2701 1462 2762 cst,
1492 2692 1616 2769 quando

317 2794 472 2874 correpta?
515 2794 605 2871 quirit
627 2801 753 2874 propter
775 2797 904 2857 rationes
925 2803 1105 2876 temporum.
1150 2795 1187 2856 de
1210 2794 1298 2857 nullis
1321 2796 1399 2858 enim
1420 2792 1511 2855 rebus
1541 2813 1617 2874 pos-

316 2914 420 2957 sumus
441 2903 578 2976 tempora
599 2895 740 2974 colligere
762 2898 818 2958 nisi
840 2897 878 2958 de
899 2898 966 2986 istis
987 2896 1252 2976 coniugationibus

401 2997 477 3058 Ecce
499 2999 594 3077 prima
618 3006 647 3058 et
668 2998 798 3061 secunda
821 3001 988 3077 coniugatio
1010 3001 1145 3062 loturum
1166 3007 1284 3079 tempus
1305 3000 1337 3059 in
1360 2998 1399 3060 bo
1421 3000 1518 3069 mittit,
1542 3017 1616 3060 amo
1631 3023 1659 3064 so

318 3117 398 3159 amas
420 3098 534 3170 amabo,
559 3099 652 3160 docco
675 3099 764 3161 doces
786 3100 902 3163 docebo
921 3098 1028 3183 [prima
1051 3119 1123 3181 ergo
1146 3108 1175 3163 et
1197 3100 1327 3163 secunda
1342 3101 1474 3163 loturum
1490 3108 1616 3181 tempus

316 3202 348 3261 in
376 3200 415 3262 bo
441 3203 534 3262 mittit
559 3201 709 3263 indicativi
737 3202 832 3275 modi,
867 3221 934 3265 amo
964 3222 1045 3264 amas
1072 3204 1193 3274 amabo,
1227 3203 1320 3264 doceo
1348 3203 1438 3264 doces
1467 3201 1614 3284 docebo}

319 3303 404 3364 tertia
426 3304 609 3382 coniugatio,
638 3305 663 3365 si
686 3312 823 3386 correpta
846 3305 948 3380 luerit,
977 3307 1113 3368 loturum
1141 3314 1260 3385 tempus
1287 3307 1316 3366 in
1346 3323 1393 3368 am
1415 3307 1519 3377 mittit,
1543 3307 1615 3384 lego
1661 3343 1662 3346 =

317 3403 390 3481 legis
416 3404 529 3484 legam,
557 3424 648 3468 curro
675 3408 772 3469 curris
794 3425 922 3469 curram.
967 3425 1036 3469 ecce
1059 3411 1116 3470 iam
1139 3407 1267 3470 diximus
1295 3407 1333 3468 de
1361 3415 1496 3488 correpta
1523 3409 1614 3468 tertia
1661 3399 1662 3408 ’

318 3509 534 3585 coniugatione.
579 3509 604 3569 si
625 3508 770 3588 producta
792 3511 891 3581 luerit,
914 3511 972 3572 iam
995 3509 1065 3572 noli
1078 3511 1224 3572 Donatum
1246 3511 1341 3588 sequi,
1364 3509 1416 3571 scd
1438 3519 1507 3571 tene
1524 3511 1614 3570 utam
1630 3535 1662 3574 ro

318 3608 452 3688 regulam
475 3629 562 3690 quam
584 3609 639 3671 tibi
661 3611 737 3673 dico.
768 3611 896 3674 diximus
918 3629 999 3692 ergo,
1021 3613 1117 3692 prima
1141 3621 1170 3674 et
1192 3612 1321 3674 secunda
1343 3613 1510 3691 coniugatio
1530 3613 1613 3673 lutu-

317 3729 384 3797 rum
407 3720 522 3792 tempus
543 3713 575 3774 in
594 3717 600 3789 1
618 3713 657 3774 bo
678 3716 776 3785 mittit,
799 3735 866 3776 amo
889 3733 970 3777 amas
992 3714 1106 3786 amabo,
1130 3714 1223 3776 doceo
1246 3714 1336 3776 doces
1358 3713 1481 3775 docebo.
1525 3716 1616 3775 tertia

319 3815 501 3892 coniugatio,
528 3816 554 3875 si
575 3824 712 3896 correpta
733 3817 833 3889 luerit,
855 3820 886 3879 in
910 3836 955 3879 am
980 3818 1083 3888 mittit,
1113 3818 1138 3878 si
1160 3835 1231 3876 vero
1252 3815 1397 3895 producta
1418 3815 1522 3890 luerit,
1553 3818 1615 3877 iam

318 3915 426 3977 recede
447 3935 463 3989 a
486 3918 601 3978 ratione
627 3919 683 3978 ista
711 3938 800 3998 quam
822 3919 947 3998 legimus
974 3918 1023 3979 lric
1045 3919 1076 3978 io
1098 3919 1229 3989 Donato,
1258 3917 1320 3978 noli
1342 3937 1410 3980 eum
1432 3919 1531 3996 sequi,
1560 3919 1615 3979 sed

318 4016 376 4078 boc
398 4028 466 4079 tene
488 4018 566 4096 quod
588 4018 643 4080 tibi
666 4019 769 4081 dixero
798 4020 885 4101 [ergo
907 4022 993 4083 tertia
1021 4023 1189 4100 coniugatio
1217 4019 1361 4100 producta
1388 4021 1537 4081 invenitur
1561 4020 1615 4081 ali·
1630 4045 1662 4086 aa

319 4121 457 4197 quotiens
479 4128 508 4181 ct
529 4122 559 4181 io
582 4139 629 4182 am
653 4130 682 4182 ct
704 4124 734 4183 in
758 4121 823 4202 bo].
855 4141 926 4201 crgo
949 4123 1014 4183 vide
1037 4123 1108 4200 quid
1132 4122 1213 4184 dico:
1243 4124 1330 4184 tertia
1353 4123 1524 4199 coniugatio
1541 4141 1615 4202 pro·

320 4222 406 4283 ducta
430 4224 578 4284 invenitur
604 4222 761 4303 aliquando
789 4232 818 4285 et
846 4227 877 4285 in
906 4243 953 4286 am
983 4230 1013 4286 et
1039 4227 1070 4286 in
1099 4224 1137 4285 bo
1171 4224 1259 4286 simul
1288 4225 1418 4295 mittere,
1452 4223 1618 4304 aliquando

319 4326 350 4385 in
373 4323 412 4385 bo
440 4333 555 4386 tantum
584 4325 682 4386 urendo.
727 4326 878 4388 videamus
906 4327 1023 4407 quando
1054 4334 1084 4388 et
1109 4328 1141 4387 in
1168 4345 1214 4388 am
1239 4334 1267 4387 ct
1289 4325 1320 4386 in
1344 4325 1381 4387 bo
1404 4323 1490 4386 simul
1512 4325 1619 4388 mittit.

320 4427 436 4488 dimitte
457 4429 516 4488 iam
538 4426 603 4488 illas
625 4430 756 4508 quinque
778 4449 836 4499 res,
860 4447 933 4509 quas
955 4427 1010 4490 tibi
1032 4428 1091 4489 dixi
1115 4429 1251 4508 superius
1274 4435 1307 4489 nt
1324 4429 1459 4508 requiras
1477 4423 1620 4510 [modum

537 4568 621 4575 -n-

391 4651 404 4701 1
423 4649 506 4717 tertia]
528 4652 554 4701 in
573 4652 646 4701 tertia
661 4650 748 4714 ABG
816 4652 833 4700 4
852 4657 906 4700 crat
923 4651 1046 4716 producta
1064 4649 1089 4700 B
1107 4661 1164 4701 er.t
1184 4650 1320 4716 producto.
1339 4649 1365 4699 Α
1388 4657 1442 4700 erat
1459 4649 1588 4716 producta
1607 4671 1622 4702 e

320 4717 354 4770 a*
371 4721 635 4786 erantprodnctocO
728 4720 761 4770 13
778 4720 837 4786 lega
854 4721 1079 4786 imperatinoeoee
1099 4722 1173 4772 modo
1191 4721 1274 4771 ABG
1362 4721 1394 4771 rt
1413 4729 1560 4771 autemom.
1584 4725 1621 4783 A,

321 4789 382 4840 add.
402 4806 419 4839 o
488 4790 523 4842 36
540 4791 693 4854 aliquotiens
712 4800 736 4840 et
755 4791 780 4840 in
797 4806 838 4840 am
856 4790 996 4842 BGo*:et
1014 4791 1099 4844 omri
1170 4789 1203 4842 37
1222 4787 1308 4857 simul]
1331 4790 1550 4841 similitcrABG

320 4859 355 4912 38
374 4860 474 4922 arraudo
488 4869 512 4909 et
527 4863 553 4909 io
572 4876 611 4908 am
632 4860 708 4912 Gala:
726 4869 751 4910 et
769 4877 815 4913 om.
833 4861 891 4911 AB
