3350 5442
334 418 396 483 628
865 418 1067 492 ,brunnen

358 540 379 581 p.
394 530 451 569 sacr.
464 530 490 569 es
503 527 527 567 e.

332 603 446 687 ψάμην
467 607 547 687 quod
568 602 753 689 ήλείφθηνι
782 609 838 669 boc
866 616 910 668 est
938 600 1073 687 ἡσάμην
1101 607 1179 688 quod
1209 600 1332 687 ἥσθην.
1379 612 1451 675 item
1475 604 1623 686 ἐγραψά-

235 721 240 737 “
332 729 398 789 μην
422 704 555 790 ἐφάμην
579 705 704 790 ἐδάμην
725 705 809 790 μέσα
832 707 997 789 appellant,
1021 726 1088 769 cum
1104 709 1179 770 nihil
1195 710 1364 791 significant
1379 717 1504 789 praeter
1520 718 1623 771 actum

332 812 388 873 boc
416 819 462 871 est
489 814 569 872 enim
593 808 790 893 ἐγραψάμην
812 811 891 891 quod
913 809 1060 891 ἔγραψα,
1090 830 1146 871 nec
1175 830 1314 891 umquam
1337 811 1450 872 dicitur
1473 804 1544 871 ὑπὸ
1568 813 1625 873 σοί·

289 923 292 934 “
333 909 547 994 ἐγραψάμην,
578 922 608 974 et
634 914 690 975 hoc
719 908 853 994 ἐφάμην
880 913 958 998 quod
988 912 1092 993 ἔφην,
1120 914 1177 974 hoc
1205 921 1252 973 est
1274 908 1401 993 ἐδάμην
1422 914 1506 993 quod
1531 910 1623 975 ἔδων.

332 1034 404 1093 crgo
426 1023 457 1075 et
478 1014 527 1075 illa
550 1034 625 1097 quae
649 1019 787 1095 superius
808 1017 952 1086 diximus
975 1012 1138 1096 φείδομαί
1156 1028 1231 1094 σον,
1247 1010 1403 1096 -κήδομαλ
1422 1030 1501 1094 σον,
1528 1012 1642 1077 ἱκάν’-ε

331 1118 425 1197 ζομαι
446 1112 592 1197 μάχομαι
614 1114 809 1197 διαλέγομαι
831 1115 1073 1198 περιβλέπομαι
1096 1112 1268 1197 δωροῦμαι
1290 1116 1464 1198 χαρίζομαι
1487 1110 1624 1198 εὔχομαι

330 1213 468 1299 άγαμαι,
491 1238 559 1280 cum
581 1226 679 1280 actum
701 1221 796 1281 solum
818 1220 1004 1299 significent,
1028 1216 1112 1299 μέσα
1137 1227 1235 1280 ιειιιειι
1258 1220 1462 1300 appellantur:
1486 1222 1562 1281 licet
1584 1222 1624 1280 bis

332 1321 441 1382 similia
470 1321 568 1382 Latini
601 1340 660 1382 non
693 1326 875 1392 communia,
911 1322 963 1383 sed
997 1322 1173 1401 deponentia
1207 1323 1369 1382 nominent.
1415 1331 1462 1382 est
1492 1330 1525 1383 et
1557 1324 1623 1383 baec

331 1424 513 1504 Graecorum
542 1444 558 1484 a
584 1424 730 1485 latinitate
759 1419 921 1494 dissensio,
951 1424 1049 1505 quod,
1080 1442 1146 1485 cum
1174 1422 1272 1484 Latini
1305 1442 1468 1503 numquam
1505 1424 1624 1485 verbum

331 1544 486 1586 commune
509 1526 624 1595 dicant,
654 1528 712 1587 nisi
734 1526 814 1606 qnod
837 1528 876 1587 sit
899 1526 993 1587 simile
1017 1526 1149 1605 passivo,
1174 1525 1280 1587 Gracci
1303 1534 1402 1588 tamen
1425 1527 1575 1606 quaedam
1597 1539 1652 1585 eto

330 1629 434 1688 activis
461 1628 570 1688 similia
597 1622 681 1706 μέσα
709 1628 862 1697 dixerunt,
892 1635 925 1687 ut
951 1622 1100 1707 πέπηγα,
1127 1627 1205 1707 quod
1235 1622 1338 1707 μέσον
1369 1628 1482 1689 dicitur
1513 1638 1544 1689 et
1571 1628 1623 1689 sub
1671 1622 1672 1635 ¹

331 1732 426 1789 activo
455 1749 526 1790 sono
554 1729 646 1791 solam
673 1732 821 1809 siguificat
843 1732 1025 1851 passionem:
1056 1730 1112 1790 boc
1135 1738 1181 1791 est
1204 1732 1284 1791 enim
1307 1725 1439 1810 πέπηγα
1462 1732 1545 1811 qnod
1567 1729 1622 1791 πέ-

331 1848 467 1911 πηγμαι.
512 1829 665 1912 πέπληγα
686 1851 755 1892 vero
763 1826 856 1912 ,άφ’
880 1818 923 1893 οὖ
944 1824 982 1891 τδ
1005 1824 1199 1911 πεπληγώς
1221 1825 1422 1912 άγορῆθεν’,
1448 1830 1506 1893 καὶ
1529 1832 1619 1893 κέκο-

331 1951 394 2011 πα,
422 1928 482 2012 άφ’
506 1922 550 1994 οὗ
571 1928 608 1994 τὸ
631 1927 826 2014 άμφοτέρω
856 1928 1037 2013 κεκοπως’,
1067 1942 1125 1993 tam
1155 1933 1191 1992 de
1220 1941 1288 1994 actu
1315 1952 1403 2013 quam
1426 1936 1464 1995 de
1486 1939 1672 2025 passione
1671 1946 1672 1989 l

331 2037 479 2096 dicuntur
523 2036 633 2096 lectum
662 2043 707 2096 est
734 2038 813 2096 enim
843 2044 873 2095 et
900 2029 1077 2114 πεπληγώς
1109 2048 1148 2095 σε
1180 2044 1210 2095 et
1244 2031 1422 2116 πεπληγώς
1450 2029 1520 2097 ὑπὸ
1550 2036 1672 2115 σοι’,

330 2134 523 2218 ‘asclepae
544 2134 732 2219 άγορῆθεν’
755 2134 811 2198 καὶ
834 2133 966 2219 “ράβδῳ
988 2136 1207 2217 ττεπληγνῖνι’Ι
1240 2138 1378 2199 similiter
1401 2140 1479 2218 apud
1502 2128 1672 2200 Latinos·

329 2240 475 2320 quaedam
502 2240 589 2301 modo
617 2249 738 2311 neutra,
766 2240 854 2301 modo
883 2241 957 2300 siunt
985 2240 1177 2319 deponentia,
1209 2247 1240 2300 ut
1267 2240 1333 2301 labo
1362 2240 1463 2311 labor,
1493 2240 1620 2301 labriror

330 2341 461 2411 labrico,
491 2343 577 2402 ructo
605 2350 635 2403 et
663 2350 777 2403 ructor:
806 2342 886 2421 quod
913 2343 1003 2403 etiam
1027 2341 1134 2423 Graeci
1157 2360 1215 2401 non
1239 2344 1394 2421 ignorant,
1417 2338 1621 2423 βουλεύομαι

330 2438 496 2522 βουλεύω,
519 2440 737 2523 πολιτεύομαι
759 2439 937 2521 πολιτεάω.

809 2626 845 2668 DE
862 2626 1020 2669 ollinc'rtvls
1040 2626 1139 2669 vensis

180 2741 357 2793 matred·
415 2733 489 2795 Tam
516 2733 593 2814 apud
620 2734 749 2794 Graecos
776 2752 865 2812 quam
893 2733 970 2814 apud
997 2733 1119 2795 Latinos
1147 2736 1289 2797 deficiunt
1317 2732 1408 2796 verba
1438 2738 1468 2795 in
1491 2734 1616 2797 declina-

330 2836 420 2895 tione.
445 2834 449 2919 Ι
473 2835 570 2896 tribus
591 2836 671 2896 enim
694 2835 789 2896 modis
811 2835 914 2897 dicunt
937 2836 1095 2898 verborum
1124 2840 1244 2899 evenire
1268 2836 1431 2906 delectum,
1461 2846 1513 2898 aut
1535 2838 1615 2898 intel·

330 2936 408 2997 lcctu
431 2940 567 3015 exigente
591 2947 641 2997 ant
662 2937 772 2998 litteris
795 2957 854 2998 non
876 2939 1122 3000 convenientibus
1145 2948 1196 3001 aut
1219 2958 1274 3001 usu
1296 2940 1471 3000 desistente.
1506 2942 1537 3000 in
1559 2942 1615 3018 pri·

330 3041 387 3098 mis
415 3039 531 3100 duobus
560 3040 742 3108 necessitati,
773 3041 804 3099 in
826 3042 916 3100 tertio
939 3058 1008 3101 vero
1031 3045 1217 3103 reverentiae
1240 3041 1434 3121 obsequimur
1456 3044 1614 3105 vetustatis.

330 3140 481 3200 intellectu
505 3142 646 3201 iledciunt
667 3142 716 3202 illa
736 3151 814 3222 quae
837 3142 975 3203 dicuntur
997 3138 1215 3224 πεποιημένα,
1238 3142 1268 3203 id
1292 3151 1337 3203 est
1358 3162 1434 3223 quae
1457 3144 1493 3205 ad
1517 3144 1645 3204 simili-:³

331 3240 463 3302 tudinem
492 3245 554 3303 soni
584 3243 709 3303 alicuius
735 3262 875 3322 expressa
903 3252 987 3315 sunt,
1016 3254 1048 3306 ut
1076 3242 1168 3325 λίγξε
1189 3240 1279 3325 βιός,
1302 3243 1369 3321 σιξε
1392 3240 1571 3327 ὀφθαλμός
1590 3256 1615 3304 ει

329 3344 448 3404 similia.
493 3348 524 3405 in
553 3345 599 3405 his
628 3348 707 3406 euim
734 3344 835 3405 vorbis
869 3364 923 3407 uec
952 3346 1011 3407 ulla
1039 3364 1166 3427 persona
1194 3366 1250 3408 nec
1278 3348 1383 3409 modus
1412 3348 1616 3409 declinationi>¹

330 3448 493 3525 quaeritur.
538 3448 707 3508 litterarum
738 3450 979 3510 inconvenientia
1014 3450 1171 3519 deficiunt,
1205 3453 1343 3530 rprotiens
1374 3449 1498 3510 verbum
1532 3449 1615 3510 babet

308 3554 397 3607 ante
422 3566 448 3606 ω
474 3569 497 3628 μ
525 3549 570 3610 vel
598 3568 662 3629 μν;
691 3550 765 3611 baec
787 3552 867 3610 enim
891 3551 1053 3612 secundum
1082 3551 1216 3629 regulam
1243 3570 1325 3613 suam
1352 3554 1485 3631 proferri
1517 3552 1560 3611 vel
1588 3554 1613 3611 in

329 3646 562 3731 παρακειμένῳ
596 3669 648 3711 seu
676 3644 953 3735 ὑπερσνντελικῷ
980 3652 1024 3713 vcl
1053 3656 1084 3713 iu
1118 3646 1262 3735 άορίστῳ
1295 3672 1348 3714 seu
1376 3650 1535 3734 μέλλοντι
1561 3672 1638 3714 non:¹¹

328 3760 466 3831 possunt,
494 3760 528 3812 ut
555 3748 644 3833 νέμω
673 3773 740 3815 cum
768 3753 948 3832 regulariter
976 3756 1041 3815 lieri
1069 3753 1222 3814 debuisset
1249 3750 1393 3835 νένεμκα
1416 3751 1614 3835 ἐνενέμκειν,

329 3856 478 3934 quianon
501 3863 664 3934 potuerunt
685 3857 741 3916 bae
763 3856 881 3917 litterae
905 3859 1079 3925 convenire,
1105 3859 1275 3917 intercessit
1296 3877 1332 3936 η,
1357 3854 1524 3937 νενέμηται
1547 3854 1613 3919 ἑνε-

329 3952 501 4036 νεμήκειν;
539 3960 611 4018 itcm
645 3952 794 4037 ένέμθην
826 3960 872 4019 vel
905 3955 1116 4039 νερνδήσομαι
1148 3958 1271 4019 eandem
1302 3978 1459 4039 sumpsere
1491 3960 1612 4020 litteram

327 4067 451 4138 propter
473 4058 665 4139 euphoniam,
690 4054 862 4141 ένεμηθην
883 4056 1127 4140 νεμηδήσομαι.
1164 4063 1236 4121 item
1260 4064 1346 4121 tertia
1369 4080 1495 4141 persona
1519 4064 1611 4138 singu·

328 4161 408 4230 laris,
432 4179 507 4240 quae
530 4180 548 4221 τ
570 4161 660 4222 babet
682 4164 711 4221 in
735 4162 837 4223 idtima
861 4162 986 4242 syllaba,
1016 4170 1136 4243 accepta
1158 4182 1179 4223 ν
1201 4165 1274 4226 iacit
1301 4163 1461 4242 pluralem,
1491 4159 1610 4241 λέγεται
1621 4176 1642 4213 τι»

329 4258 494 4342 λέγονται,
516 4260 656 4343 μάχεται
678 4261 857 4344 μάχονταιε
882 4282 983 4325 verum
1007 4262 1166 4346 κέκαρται
1187 4268 1219 4325 in
1246 4264 1354 4345 plurali
1377 4265 1609 4326 declinationes

328 4384 386 4425 non
408 4366 505 4444 potuit
527 4366 699 4436 admittere,
723 4368 849 4448 ideoque
866 4366 991 4427 deiecit:
1015 4370 1058 4427 sic
1081 4365 1248 4447 ἔσταλται,
1271 4368 1313 4427 sic
1329 4362 1488 4429 κέκοπται
1510 4378 1539 4427 ct
1559 4366 1606 4425 alia

395 4626 479 4689 3νκό
491 4651 543 4689 σον
530 4630 727 4703 ’ἐγραψάμην
740 4638 849 4689 Ζενκίιιε
866 4653 1092 4715 προεγραφαμην
1104 4638 1129 4687 P
1196 4636 1364 4703 brpeldoput
1378 4638 1487 4690 Ζειαιίαε
1499 4640 1603 4703 metopae

329 4707 353 4753 P
418 4696 573 4785 θεῦχομαι
590 4706 671 4757 Ianua
688 4708 845 4773 ερχομαιΡ
913 4710 944 4758 13
960 4698 1123 4773 πεπληγώς]
1142 4706 1218 4757 Hom.
1231 4705 1266 4757 Il.
1279 4708 1365 4765 3264
1432 4723 1521 4773 αγορη
1505 4704 1604 4771 pipo?

396 4776 428 4823 14
444 4765 606 4839 άμφοτέρω]
622 4775 654 4825 Il
668 4774 741 4826 Neo
811 4778 843 4826 16
860 4774 1049 4840 αγορηθηνΡ
1117 4766 1224 4839 ῥάβδῳ]
1243 4776 1318 4825 Hom.
1332 4774 1379 4826 Od
1392 4776 1487 4826 Kree.
1501 4777 1547 4825 319

327 4841 361 4889 26
380 4839 467 4905 λίγξε]
483 4842 559 4894 Hom.
573 4842 607 4894 Il
623 4844 709 4893 Alto
778 4860 805 4894 σι
803 4842 847 4907 ε]
865 4842 940 4894 Hom
960 4841 1006 4893 Od.
1021 4844 1037 4891 1
1048 4844 1098 4893 394
1166 4844 1200 4893 30
1217 4858 1263 4893 seu
1281 4841 1443 4893 mellonteP
1509 4843 1601 4894 33itcm

329 4908 481 4973 ενεμφθην
493 4910 533 4959 uei
546 4909 754 4976 νεμφθησομαι
767 4912 792 4961 Ρ
859 4912 910 4963 34’
905 4923 965 4962 item
978 4912 1002 4960 in
1015 4912 1087 4960 tertia
1100 4926 1210 4979 persona
1222 4911 1346 4975 singulari
1359 4912 1383 4961 Ρ
