3350 5442
295 353 358 418 652
852 358 1033 423 MACROBH

320 478 342 519 p.
357 466 401 505 17³.
415 466 440 505 rt
453 463 481 503 V.

294 555 445 627 grassatur
466 549 586 607 iteratio
608 555 654 607 est
676 566 692 606 a
714 548 866 623 graditur:
890 548 1011 609 Plautus
1034 550 1066 609 in
1087 547 1223 607 Rudente

442 652 564 711 sicine
587 650 646 711 hic
669 652 706 710 in
729 651 851 711 umida
874 658 978 711 veste
1001 650 1275 729 grassabimur‚

249 755 252 778 ¹
295 752 451 813 Sallustius
472 756 569 814 ‘cum
590 753 760 813 inferior
788 756 885 814 omni
909 756 965 814 ria
988 755 1261 830 grassaretur'.
1307 752 1384 813 banc
1407 753 1537 813 sormam
1561 753 1589 812 in

294 858 410 933 graecis
432 855 531 916 nullus
553 858 650 934 potuit
672 857 817 916 invenire.

698 1039 745 1085 Du
768 1038 965 1086 GENERIBVS
989 1039 1179 1088 VERBORVM
1601 1035 1612 1071 ⁵

192 1166 280 1222 622⁴
378 1158 464 1232 Quae'
482 1151 589 1224 Grae'ci
612 1149 782 1234 διαθὲσεις
804 1163 968 1241 appellant,
992 1162 1089 1223 Latini
1113 1181 1223 1241 genera
1247 1166 1488 1224 nominaverunt.
1519 1156 1590 1220 dcci-

292 1266 391 1335 θεσις
417 1273 514 1325 autem
543 1264 598 1324 boc
627 1264 774 1342 significat
802 1265 879 1343 apud
909 1265 1051 1333 Graecos,
1080 1265 1159 1344 quod
1190 1266 1267 1345 apud
1290 1266 1412 1325 Latinos
1442 1264 1590 1325 adlectus.

292 1385 360 1425 nam
383 1369 484 1446 etqui
508 1369 570 1444 agit
591 1368 694 1445 etqui
717 1367 829 1444 patitur
852 1374 951 1426 monte
974 1368 1121 1451 adiicitur.
1166 1367 1380 1447 sedquoniam
1405 1369 1435 1425 in
1460 1368 1592 1425 nomini-

292 1466 348 1528 bus
370 1468 582 1529 discretionem
598 1485 722 1527 sexuum
738 1485 847 1544 genera
865 1468 1065 1546 distinguunt,
1090 1488 1157 1528 cum
1181 1469 1378 1529 masculinum
1400 1488 1417 1531 a
1441 1469 1591 1528 feminino

291 1588 346 1649 per
368 1569 419 1631 illa
442 1577 631 1648 segregetur,
655 1569 722 1628 ideo
737 1569 1001 1630 discernendorum
1018 1566 1136 1650 quoque
1158 1570 1327 1631 adfectuum
1352 1578 1451 1631 notam
1476 1588 1590 1647 genera
1604 1582 1626 1615 1¹·

292 1674 506 1733 vocitaverunt.
551 1690 637 1731 omne
665 1673 758 1748 igitur
785 1670 910 1732 verbum
937 1672 1014 1752 apud
1044 1672 1178 1753 Latinos,
1203 1672 1282 1751 quod
1304 1671 1360 1733 sub
1382 1675 1592 1753 proportionis

292 1773 530 1835 observationem
552 1773 646 1841 cadit,
670 1779 721 1833 aut
742 1792 760 1831 o
782 1782 833 1835 aut
855 1754 889 1835 br
912 1772 1025 1853 syllaba
1047 1777 1239 1843 terminatur,
1264 1776 1342 1835 sicut
1364 1778 1422 1836 iam
1446 1778 1591 1854 superius

292 1859 405 1936 dictum
428 1884 483 1936 est.
513 1878 539 1936 si
563 1876 695 1935 eluerit
717 1876 922 1945 terminatum,
946 1884 997 1937 aut
1019 1879 1148 1937 activum
1171 1883 1216 1937 cst
1238 1884 1289 1937 aut
1310 1884 1468 1948 neutrum:
1493 1879 1518 1936 si
1544 1896 1590 1943 or.

292 1985 343 2038 aut
364 1980 513 2058 passivum
543 1977 652 2038 dicitur
679 1984 731 2036 aut
758 1976 909 2056 deponens
938 1986 988 2038 aut
1009 1997 1176 2038 commune.
1221 1982 1348 2040 activum
1372 1980 1486 2039 dieitur
1508 1979 1591 2058 quod

291 2082 323 2139 iu
344 2099 363 2140 o
385 2081 496 2141 desinit
517 2087 548 2139 et
569 2097 692 2139 necesse
714 2077 805 2139 babet
827 2085 878 2140 aut
901 2078 998 2140 dativo
1021 2086 1071 2141 aut
1093 2083 1261 2143 accusativo
1283 2084 1366 2158 iungi
1389 2088 1551 2161 potestque
1576 2098 1627 2139 rr·

291 2182 391 2243 littera
413 2189 533 2261 recepta
557 2182 588 2241 in
610 2165 757 2261 passivam
773 2182 903 2241 transire
926 2180 1170 2254 declinationem,
1193 2177 1226 2243 u't
1249 2182 1315 2243 dico
1338 2182 1410 2251 tibi,
1435 2183 1529 2243 caedo
1550 2192 1591 2248 te,

291 2284 375 2344 dicor
398 2304 414 2344 a
437 2291 481 2354 te,
511 2283 620 2344 caedor
648 2302 664 2343 a
692 2291 732 2342 te.
777 2289 925 2363 neutrum
949 2282 1058 2343 dicitnr
1081 2267 1175 2364 quod,
1199 2304 1265 2345 cum
1289 2287 1320 2345 in
1343 2304 1360 2345 o
1383 2284 1509 2353 desinit,
1535 2285 1591 2345 ali-

292 2404 350 2465 quo
372 2386 479 2445 erbis
501 2385 639 2445 deficitur
661 2393 729 2445 etr
750 2386 887 2464 accipere
911 2402 970 2445 non
993 2391 1104 2464 potest,
1128 2395 1163 2447 ut
1184 2386 1249 2447 volo
1271 2388 1336 2446 vivo
1358 2386 1452 2455 valeo.
1491 2390 1592 2465 passi-

292 2504 360 2547 vum
383 2487 493 2547 dicitur
516 2486 609 2567 quod,
641 2504 708 2546 eum
730 2488 763 2546 in
785 2505 801 2546 r
823 2484 954 2546 litteram
977 2487 1108 2556 desinat,
1138 2491 1244 2549 amissa
1272 2507 1306 2549 ea
1334 2496 1434 2567 potest
1455 2491 1490 2548 in
1513 2490 1591 2548 acti-

224 2593 227 2604 '
291 2608 359 2650 rum
382 2585 482 2649 redire
506 2597 536 2650 et
558 2607 680 2649 necesse
703 2587 794 2648 habet
810 2587 938 2648 ablativo
953 2591 1035 2648 casui
1058 2590 1179 2660 sociari,
1204 2597 1237 2649 ut
1259 2590 1367 2650 caedor
1390 2610 1404 2649 a
1429 2598 1458 2649 te
1483 2591 1590 2655 caedo,
1604 2606 1627 2641 n

291 2692 376 2751 dicor
399 2710 415 2751 a
437 2698 466 2750 te
490 2690 568 2750 dieo.
598 2699 628 2750 et
652 2698 684 2750 ut
705 2689 824 2750 facilius
846 2689 1033 2769 explanetur,
1058 2692 1186 2751 activum
1209 2700 1268 2762 est,
1293 2691 1344 2752 ubi
1369 2692 1463 2752 altero
1480 2701 1591 2769 agente

229 2799 235 2822 ¹
291 2791 366 2853 alter
387 2794 515 2871 patitur,
538 2795 748 2871 passivumque
771 2798 830 2861 est,
860 2791 977 2871 quando
1004 2793 1098 2853 altero
1121 2796 1251 2873 patiente
1275 2793 1520 2873 penesalterum
1546 2804 1593 2854 est

291 2901 384 2954 actus.
415 2913 483 2954 uam
506 2894 597 2956 multa
620 2895 710 2954 etiam
732 2911 752 2951 o
773 2876 931 2953 terminata
954 2896 1088 2973 passivae
1105 2896 1330 2971 signifieationis
1346 2903 1428 2965 suut,
1452 2904 1488 2956 ut
1503 2897 1594 2975 algeo

291 2998 406 3066 esurio;
430 2996 482 3055 sed
504 2999 645 3074 quoniam
666 2996 789 3054 minime
813 2994 907 3054 altero
922 2996 1052 3075 patiente
1067 3014 1161 3075 penes
1183 2998 1309 3058 alterum
1332 2994 1377 3058 est
1398 3006 1495 3069 actus,
1519 3000 1593 3059 ideo

291 3115 346 3157 nec
368 3099 485 3177 passiva
513 3098 669 3158 dicuntur:
697 3114 862 3176 rursusque
892 3096 978 3175 plura
1008 3088 1130 3159 suntin
1154 3118 1171 3160 o
1194 3102 1332 3159 exeuntia
1362 3099 1474 3179 quibus
1501 3109 1627 3161 actuss

291 3199 399 3278 aliquis
423 3200 514 3269 inest,
537 3206 570 3259 ut
592 3206 661 3259 nato
682 3196 803 3259 ambulo
826 3216 930 3267 curro;
954 3200 1005 3260 sed
1028 3204 1168 3280 quoniam
1191 3204 1314 3263 minime
1338 3202 1432 3262 altero
1454 3204 1591 3264 iaciente

291 3300 365 3360 alter
387 3302 515 3381 patitur,
546 3320 604 3361 non
627 3302 736 3370 activa,
765 3300 817 3360 sed
840 3309 946 3361 neutra
969 3309 998 3361 et
1021 3302 1153 3364 absoluta
1177 3304 1328 3364 dicuntur.
1374 3304 1505 3384 denique
1531 3324 1591 3365 nec

291 3403 388 3464 dativo
410 3411 461 3464 aut
482 3405 648 3465 accusativo
672 3402 716 3463 vel
739 3400 868 3462 ablativo
890 3404 1000 3464 sociari
1023 3413 1162 3483 possunt:
1192 3424 1260 3465 nam
1282 3423 1337 3465 nec
1360 3413 1430 3482 nato
1453 3406 1511 3468 tibi
1536 3418 1590 3467 aut

289 3513 319 3564 te
342 3512 392 3565 aut
414 3523 504 3566 curro
526 3503 582 3565 tibi
606 3512 658 3565 aut
679 3522 768 3568 curro
790 3511 820 3563 te
844 3522 898 3564 nec
922 3506 1023 3565 esurio
1046 3526 1061 3566 a
1085 3513 1113 3567 te
1136 3515 1185 3568 aut
1208 3507 1292 3585 algeo
1315 3526 1332 3568 a
1354 3514 1384 3567 te
1403 3487 1454 3567 ‘vel
1478 3510 1590 3587 vapulo

289 3626 306 3667 a
329 3613 358 3666 te
381 3593 523 3677 dicimuS,
552 3607 629 3687 quod
652 3625 712 3665 non
734 3613 780 3666 est
800 3605 941 3675 latinum,
970 3608 1023 3668 sed
1045 3608 1150 3687 vapulo
1179 3616 1206 3668 te
1230 3608 1383 3669 caedente.
1428 3609 1591 3688 deponens
1603 3630 1623 3665 s,

290 3709 400 3770 dicitur
421 3710 499 3789 quod
523 3711 554 3768 in
577 3727 611 3768 or
633 3709 753 3788 quidem
776 3706 899 3776 desinit,
924 3708 976 3768 sed
1000 3712 1107 3771 amissa
1130 3727 1145 3769 r
1167 3711 1267 3772 littera
1290 3709 1414 3771 latinum
1437 3729 1505 3771 esse
1529 3716 1590 3772 mi-

289 3814 368 3872 nime
399 3817 509 3891 potest,
539 3810 687 3889 habetque
716 3809 865 3870 interdum
896 3810 1024 3889 aliquam
1052 3814 1212 3883 actionem,
1243 3814 1377 3892 quamtis
1404 3814 1521 3891 passiva
1549 3817 1590 3874 sit

289 3913 463 3982 declinatio,
487 3919 521 3972 ut
542 3929 651 3992 sequor
672 3911 768 3971 luctor
788 3911 894 3991 loquor
916 3912 1035 3972 intueor
1057 3913 1211 3984 demolior,
1235 3922 1265 3975 et
1286 3915 1389 3975 itidem
1412 3918 1588 3994 passionem

290 4023 404 4076 tantum
432 4013 532 4082 modo,
562 4016 607 4073 uti
636 4032 742 4073 nascor
769 4016 881 4092 patior;
909 4014 961 4073 sed
985 4012 1043 4073 nob
1066 4023 1110 4075 est
1133 4018 1296 4095 passivum,
1320 4019 1460 4096 quoniam
1485 4036 1587 4097 neque

289 4119 320 4177 in
344 4118 471 4178 activum
494 4116 572 4175 redit
594 4114 691 4175 ablata
712 4133 728 4174 r
749 4112 863 4185 littera,
887 4134 983 4194 neque
1006 4118 1135 4195 patiente
1158 4114 1253 4179 altero
1275 4118 1398 4179 alterius
1420 4125 1467 4179 est
1489 4120 1586 4181 admi·
1601 4146 1622 4183 ss

289 4221 436 4279 nistratio.
467 4235 623 4278 commune
647 4216 758 4276 dicitur
779 4218 858 4296 quod
881 4220 912 4277 in
936 4236 969 4277 or
992 4217 1113 4297 quidem
1136 4218 1260 4289 desinit,
1285 4228 1317 4280 ut
1340 4219 1504 4300 deponens,
1529 4242 1587 4281 ner

289 4338 305 4379 r
325 4320 425 4381 littera
448 4336 551 4380 carere
574 4319 760 4398 potest,'sed
784 4328 941 4398 utramque
964 4321 1072 4399 recipit
1095 4322 1357 4397 significationem,
1382 4328 1443 4383 tam
1466 4329 1587 4401 agentis

288 4440 376 4501 quam
398 4423 550 4502 patientis.
596 4420 724 4500 denique
753 4422 842 4481 etiam
870 4420 917 4481 his
945 4419 1064 4500 casibus
1092 4424 1238 4499 iungitur,
1268 4424 1378 4504 quibus
1400 4427 1532 4486 activum
1558 4437 1588 4486 et

289 4497 455 4602 passivum,
479 4531 513 4583 ut
535 4524 679 4582 criminor
702 4528 731 4582 te
754 4524 899 4583 criminor
922 4543 938 4583 a
961 4530 1006 4593 te,
1030 4524 1147 4584 osculor
1162 4533 1190 4585 to
1207 4527 1323 4587 osculor
1346 4547 1362 4587 a
1384 4535 1424 4587 te.
1456 4536 1488 4589 et
1510 4528 1586 4589 baec

357 4779 416 4827 lin
432 4775 559 4844 Rudente]
577 4779 683 4841 1‚4,31
754 4777 962 4841 9distinguntB
1031 4782 1061 4829 12
1074 4781 1276 4831 terminanturB
1346 4781 1587 4851 34putiorlpotior

231 4892 240 4907 ,
287 4844 313 4897 B
380 4848 413 4896 37
430 4839 491 4911 tam]
508 4862 583 4909 quom
602 4855 732 4897 corutum
746 4844 772 4892 B
