3350 5442
265 369 269 377 “
314 354 375 419 132
886 356 1039 421 POMPEI!

337 476 359 518 p.
373 464 448 505 meo
461 462 484 504 c.

397 542 482 615 Quod
511 544 536 603 si
563 545 607 603 vis
635 543 768 605 codicem
797 543 997 622 distinguere,
1026 546 1066 605 ita
1090 544 1246 623 distingue.
1283 543 1401 623 quando
1425 545 1466 604 vis
1488 553 1589 607 acutum

313 653 469 706 accentum
491 646 604 716 iacere,
628 646 736 706 lineam
759 664 775 706 a
798 647 918 707 sinistra
940 654 1024 726 parte
1047 648 1077 707 in
1102 646 1252 708 dexteram
1275 654 1389 725 partem
1411 662 1525 707 sursum
1546 646 1590 707 du·

312 750 387 817 cito;
411 745 530 828 quando
552 749 596 809 vis
619 766 753 827 gratem,
777 765 793 808 a
815 764 930 808 summa
952 749 1071 809 sinistra
1095 750 1125 808 in
1148 748 1299 810 dexteram
1323 748 1507 819 descendito;
1529 768 1589 827 quo-

311 852 388 911 tiens
415 852 458 910 vis
489 848 727 922 circumflexum,
758 849 795 910 dc
824 851 906 927 gravi
935 857 964 909 et
992 848 1028 911 de
1057 858 1144 911 acuto
1166 852 1226 919 iac;
1257 853 1391 929 quotiens
1414 852 1456 911 vis
1478 850 1590 929 longam,

313 988 351 998 -
375 954 432 1012 hoc
454 952 592 1013 adiacens
614 952 674 1021 lac;
698 954 836 1034 quotiens
858 954 901 1012 vis
923 950 1058 1024 brevem,
1083 986 1101 1004 ν
1123 952 1179 1014 hoc
1202 952 1340 1014 adiacens
1361 953 1418 1013 lac.
1449 950 1494 1013 bis
1514 951 1611 1013 rebust

202 1090 210 1102 x
310 1056 444 1115 tractatis
472 1062 635 1134 supersunt
665 1052 713 1114 alii
742 1061 883 1115 accentus
911 1061 986 1124 tres,
1016 1053 1134 1135 hyphen
1162 1054 1358 1136 apostrophos
1380 1053 1512 1115 diastole.
1551 1056 1591 1114 isti

312 1164 452 1218 accentus
475 1156 544 1234 quid
567 1157 738 1236 praestant?
761 1155 879 1237 hyphen
902 1156 1037 1227 dicimus,
1054 1156 1172 1237 quando
1196 1156 1254 1218 duo
1276 1156 1365 1217 verba
1388 1157 1593 1235 coniungimus

312 1278 349 1319 uc
372 1264 453 1320 erret
474 1276 548 1338 puer
571 1265 600 1319 et
621 1258 698 1319 male
719 1260 908 1337 pronuntiet,
938 1266 970 1319 ut
992 1260 1016 1319 si
1039 1258 1164 1319 dicimus
1186 1257 1386 1320 ‘antetulit
1406 1260 1593 1337 gressum',

312 1378 350 1419 ne
379 1360 458 1421 dicat
486 1363 571 1421 ‘ante
593 1358 687 1420 tulit’.
733 1368 763 1420 et
790 1378 849 1440 quo
877 1360 965 1420 modo
988 1362 1139 1439 iungitur?
1162 1359 1302 1441 syllabam
1326 1358 1460 1421 ultimam
1483 1378 1593 1440 praece-

311 1460 408 1521 dentis
431 1460 521 1531 verbi,
544 1462 718 1541 posterioris
739 1473 913 1543 sequentem
935 1462 1068 1524 subiecta
1091 1461 1201 1542 virgula
1225 1461 1407 1531 circumdas,
1431 1462 1621 1541 ‘antevtolitu

311 1567 478 1641 gressum';
492 1562 508 1656 ,Ι
537 1570 639 1644 ἱεῌῐυ,
666 1564 745 1642 ipsas
766 1567 838 1626 istas
860 1564 991 1627 subiecta
1013 1566 1067 1626 ista
1092 1563 1203 1643 virgula
1226 1563 1402 1627 circumdas.
1449 1572 1478 1623 et
1499 1562 1595 1624 dicitur

310 1665 443 1744 hyphen,
467 1667 534 1744 quia
557 1668 711 1744 coniungit
731 1668 774 1727 sic
795 1669 876 1730 istas.
916 1666 1040 1728 diastole
1063 1666 1214 1745 disiungit.
1250 1675 1284 1727 ut
1307 1668 1332 1727 si
1353 1665 1434 1727 dicas
1457 1665 1593 1725 ‘viridi

311 1783 379 1844 qtre
406 1769 444 1827 in
472 1766 585 1829 litore
619 1770 875 1853 conspicitur)
898 1773 987 1830 sus'.
1032 1787 1069 1830 ne
1093 1776 1173 1831 erret
1194 1786 1270 1847 puer
1293 1774 1322 1827 et
1344 1767 1423 1828 dicat
1444 1768 1595 1847 ‘conspicit

311 1872 426 1940 ursus',
450 1868 487 1929 ad
509 1870 596 1930 istam
619 1877 667 1930 tur
690 1870 865 1941 addimus),
888 1871 917 1933 id
941 1879 987 1933 est
1009 1870 1227 1932 circumflexam
1252 1869 1409 1948 virgulam,
1434 1878 1464 1929 et
1484 1872 1523 1930 ita
1544 1868 1595 1929 dis·

311 1972 470 2049 iungimus.
502 1977 547 2031 est
568 1973 656 2032 etiam
680 1974 884 2053 apostrophos.
909 1992 928 2028 a
957 1973 1032 2053 apud
1049 1973 1169 2034 Latinos
1191 1990 1250 2032 non
1274 1970 1360 2033 laeile
1382 1974 1414 2031 iu
1437 1970 1625 2033 nominibusn

309 2076 473 2143 invenitur,
499 2074 555 2134 nisi
570 2092 659 2157 quem
683 2074 718 2135 ad
742 2074 863 2135 modum
878 2077 1057 2137 remanserit
1077 2076 1107 2134 in
1131 2075 1300 2135 nominibus
1321 2073 1379 2136 hoc
1394 2072 1470 2153 apud
1487 2072 1597 2133 Latinos

310 2195 387 2255 quae
414 2178 439 2235 si
466 2178 652 2236 remanserit·
698 2177 775 2257 apud
798 2177 928 2237 Graecos
956 2176 1027 2239 licet
1054 2176 1140 2238 nobis
1170 2186 1198 2237 et
1225 2175 1426 2257 apostrophon
1455 2176 1550 2235 lacere
1571 2181 1596 2233 ct

311 2278 412 2339 dicere
440 2275 559 2358 plenum
588 2278 729 2348 verbum;
752 2278 831 2359 apud
855 2278 974 2339 Latinos
1001 2297 1070 2341 non.
1116 2278 1241 2340 cervical
1265 2279 1411 2347 Graecus,
1436 2275 1550 2358 quando
1571 2277 1596 2333 in

311 2386 406 2440 metro
429 2378 575 2459 loquitur,
598 2382 641 2441 sic
664 2381 749 2450 dicit,
771 2399 861 2460 quem
884 2381 920 2441 ad
944 2380 1066 2442 modum
1089 2382 1274 2443 remanserit.
1306 2399 1365 2442 non
1382 2380 1472 2448 enim,
1488 2377 1597 2459 quaudo

311 2481 406 2543 soluta
422 2483 517 2542 oratio
534 2489 593 2552 est,
617 2482 689 2543 dicit
704 2482 845 2554 cervical,
870 2484 921 2544 sed
938 2483 1009 2543 dicit
1024 2482 1111 2563 plena
1128 2482 1225 2545 rerba.
1257 2482 1334 2563 apud
1349 2483 1471 2544 Latinos
1487 2478 1596 2559 quaudo
1608 2503 1627 2537 s·

310 2583 508 2663 apostrophos
536 2583 581 2653 lit,
610 2586 635 2645 si
662 2602 747 2665 passa
771 2584 876 2657 luerit,
904 2604 991 2665 passa
1014 2593 1058 2647 est
1079 2588 1214 2666 penitus,
1238 2587 1350 2647 sivein
1373 2592 1471 2646 metro
1493 2584 1596 2643 sivein

309 2684 403 2746 soluta
427 2686 571 2746 oratione.
617 2673 687 2748 item
715 2688 746 2747 in
774 2687 1033 2749 coniunctionibus
1067 2696 1186 2748 servant
1217 2690 1313 2767 legem
1344 2705 1492 2767 graecam.
1537 2703 1596 2745 uam

311 2786 355 2866 [in
379 2787 654 2867 coniunctionibus]
677 2790 708 2849 in
731 2798 826 2849 metro
849 2788 1005 2859 deliciunt,
1035 2792 1065 2850 in
1088 2790 1183 2851 soluta
1206 2792 1340 2852 oratioue
1362 2796 1490 2850 servant.
1533 2794 1596 2867 puta

310 2893 432 2949 lanton'
455 2908 517 2959 me,
548 2892 573 2952 si
600 2890 696 2951 soluta
725 2898 802 2951 esset
832 2892 936 2961 oratio,
965 2891 1085 2972 plenum
1109 2892 1224 2953 diceret
1247 2896 1386 2953 ‘tantone
1409 2910 1456 2951 me
1479 2891 1597 2951 crimine

310 2992 458 3069 dignum'.
489 2996 575 3052 men'
598 2992 739 3061 diciruus;
767 2993 862 3054 soluta
893 2996 986 3055 oratio
1009 2996 1033 3054 si
1057 3003 1148 3065 esset,
1172 3013 1258 3055 mene
1282 2994 1403 3055 diceret.
1447 3010 1519 3071 ergo
1540 3010 1627 3053 ser-s

310 3100 395 3154 vatur
416 3092 465 3153 illa
488 3094 535 3154 lex
558 3112 664 3172 graeca
686 3096 717 3154 in
739 3094 1015 3165 eortiuuctionibus;
1039 3098 1068 3157 in
1092 3098 1198 3157 ceteris
1221 3094 1352 3177 partibus
1372 3096 1516 3156 orationis
1530 3112 1599 3173 opus

310 3201 409 3254 estut
437 3194 527 3254 semel
550 3193 731 3275 per[tulerit;
761 3200 785 3256 si
806 3196 898 3257 semel
921 3197 1092 3277 pertulerit,
1123 3200 1180 3259 iam
1203 3200 1298 3278 ipsam
1320 3206 1426 3258 servat.
1471 3207 1597 3258 ceterum

309 3295 351 3356 illi
380 3301 519 3357 accentus
546 3297 698 3377 superlluo
724 3298 888 3371 adduntur,
918 3300 996 3360 dasiu
1019 3299 1055 3360 'et
1082 3300 1167 3379 psile.
1217 3320 1271 3361 nos
1300 3302 1378 3361 enlm
1402 3298 1546 3359 habemus
1567 3297 1598 3361 h:

310 3407 340 3459 et
367 3398 418 3459 ubi
446 3407 490 3459 est
517 3399 552 3469 h,
581 3398 661 3461 dasia
690 3408 747 3476 est,
777 3409 902 3480 utputa
928 3402 1032 3471 homo;
1057 3401 1106 3462 uhi
1129 3420 1187 3462 non
1211 3404 1268 3471 esi,
1292 3400 1366 3481 psile
1389 3408 1506 3475 est,·ut
1534 3406 1597 3478 puta

309 3518 407 3561 omen.
451 3509 521 3579 puta
549 3502 592 3562 sic
614 3502 686 3563 duas
708 3501 820 3565 litteras
843 3503 935 3565 hebes
957 3504 1034 3583 apud
1058 3505 1197 3565 Graecos.
1243 3503 1295 3565 sed
1317 3505 1394 3565 scire
1416 3502 1509 3565 debes
1531 3518 1630 3581 quo-u

309 3603 387 3663 niam
410 3602 507 3663 Latini
536 3604 629 3683 ipsam
657 3602 786 3666 litteram
814 3605 934 3667 latinam
962 3606 999 3666 de
1027 3605 1085 3666 illis
1115 3604 1230 3666 duobus
1257 3604 1428 3667 accentibus
1458 3606 1596 3665 iecerunt.

352 3905 357 3916 =
380 3878 394 3928 l
420 3878 456 3926 ita
478 3877 608 3945 distingue
629 3878 671 3929 Ga
688 3878 724 3926 ita
744 3878 887 3945 distingues
906 3878 939 3940 B,
958 3894 1003 3930 our.
1021 3877 1046 3926 A
1116 3876 1133 3928 8
1151 3887 1179 3928 ut
1197 3878 1218 3927 si
1237 3878 1345 3927 dicimus
1363 3879 1389 3930 B
1407 3886 1434 3928 ut
1451 3880 1473 3928 si
1491 3879 1599 3927 diximus

308 3962 345 3997 ac
362 3955 390 3996 ut
407 3950 429 3997 si
448 3947 654 3997 dixemusAut
671 3948 823 3998 diximusG
893 3946 1018 4013 antetulit]
1049 3948 1210 4016 Verp.Aeu.
1230 3950 1265 3999 Vl
1284 3948 1335 4000 677
1390 3950 1422 4000 12
1441 3948 1524 4014 yphsu
1544 3948 1598 4010 quia

309 4019 441 4083 coniungit
459 4019 497 4066 sic
515 4018 564 4067 ista
581 4016 606 4065 B
624 4016 708 4082 yphsu
726 4019 858 4083 coniungit
875 4021 913 4068 sic
931 4020 977 4069 ista
995 4018 1047 4067 AG
1098 4016 1235 4085 viridique]
1261 4019 1338 4083 Verp.
1356 4020 1421 4069 Aen.
1444 4019 1498 4068 Vlll
1516 4017 1551 4067 83

311 4089 342 4138 14
361 4089 480 4137 addimus
498 4103 544 4137 con
564 4088 590 4137 id
608 4098 647 4136 est
664 4089 783 4138 circulum
804 4088 898 4137 llaxam
914 4088 1037 4153 uirgulom
1056 4089 1081 4137 A
1153 4090 1186 4140 15
1203 4092 1325 4147 lacunam,
1344 4106 1394 4154 prta
1413 4090 1522 4151 destruitis
1541 4102 1598 4151 upo-

307 4158 406 4223 atrophi
425 4158 536 4220 excidit,
558 4158 681 4215 iudaeos
705 4161 730 4207 in
754 4160 860 4223 reliquis
877 4166 1021 4222 comrptom
1041 4160 1151 4210 codicum
1174 4161 1325 4224 scripturam
1342 4162 1444 4212 retiam.
1479 4159 1598 4209 amicalia

310 4238 388 4279 cartem
398 4230 556 4293 prmnmotici
571 4229 618 4278 hoc
633 4228 693 4290 sere
711 4230 784 4279 modo
802 4232 902 4279 restitui
922 4234 1025 4291 poterit,
1044 4230 1112 4294 apud
1131 4230 1236 4279 Latinos
1254 4244 1304 4280 non
1321 4229 1395 4279 lacile
1416 4231 1441 4278 iu
1459 4228 1599 4277 nominibus

311 4299 439 4347 invenitur
452 4299 634 4363 apostrophus,
648 4298 697 4346 nisi
710 4314 784 4360 quam
797 4300 830 4348 ad
844 4300 947 4349 modum
967 4300 1125 4358 remanserit,
1145 4299 1193 4349 hoc
1205 4308 1243 4349 est
1261 4301 1328 4365 apud
1342 4300 1446 4349 Latinos
1459 4312 1522 4363 quae
1538 4312 1597 4363 apo·

310 4368 442 4433 strophum
461 4368 597 4417 habuerint
614 4382 664 4417 uon
684 4368 742 4418 licet
762 4370 835 4419 nobis
855 4369 940 4419 dicere
959 4370 1008 4419 uisi
1027 4370 1065 4418 sic
1083 4386 1157 4433 quem
1178 4370 1209 4418 ad
1229 4370 1331 4419 modum
1350 4370 1517 4419 remanserint
1570 4366 1599 4416 16

310 4438 358 4486 hoe
381 4440 413 4488 ad
440 4439 532 4488 latinos
555 4439 628 4501 quasi
645 4438 672 4487 B
760 4439 792 4489 18
816 4454 907 4505 grecos
931 4440 1032 4503 quaudo
1053 4441 1090 4501 (in
1115 4440 1176 4489 odd.
1194 4442 1222 4498 a)
1242 4450 1321 4490 metro
1342 4438 1453 4502 loquitur
1472 4440 1509 4489 sic
1527 4438 1600 4500 (dicit

309 4508 370 4558 odd.
389 4508 419 4574 a)
438 4523 511 4573 quem
531 4508 563 4557 ad
581 4509 684 4557 modum
698 4508 723 4557 A
794 4510 829 4560 20
847 4510 909 4559 dicit
926 4510 1033 4559 ceruical
1048 4510 1093 4559 sed
1112 4510 1173 4559 dicit
1190 4508 1263 4560 Bra
1285 4508 1428 4561 deceruical
1448 4510 1493 4559 sed
1511 4508 1599 4557 dicitur

308 4577 334 4625 A
405 4581 438 4627 ‘id
456 4577 572 4641 tanton’]
598 4581 677 4643 Verp.
695 4579 761 4629 Aen.
781 4578 804 4627 X
823 4578 875 4629 668
944 4580 979 4630 25
998 4594 1059 4646 ergo
1080 4587 1195 4629 seruatur
1212 4579 1399 4630 Lindernonnua
1417 4594 1478 4646 ergo
1497 4576 1600 4627 soluitur

310 4647 395 4698 ABG
479 4647 513 4698 26
531 4650 556 4697 in
575 4647 676 4712 ceteris]
694 4649 801 4714 integris
816 4650 868 4699 AG
883 4649 908 4698 in
924 4650 1033 4716 integris
1050 4648 1076 4698 B
1164 4648 1198 4699 tto
1216 4658 1277 4715 puta
1296 4652 1319 4700 si
1336 4650 1408 4699 dicas
1427 4652 1491 4698 diras
1507 4649 1600 4697 litteras

309 4716 388 4765 habet
402 4718 471 4783 apud
489 4732 580 4783 grecos
598 4720 645 4768 scd
663 4720 728 4768 scire
747 4718 773 4768 B
788 4728 849 4785 puta
867 4721 889 4768 si
907 4720 983 4781 (dicis
998 4720 1058 4773 add.
1076 4720 1104 4779 cl
1122 4720 1187 4770 datus
1206 4720 1303 4769 litteras
1319 4720 1394 4770 habet
1415 4720 1482 4785 apud
1496 4730 1600 4783 graecos

309 4789 374 4836 scire
393 4788 415 4837 C
431 4797 493 4854 puta
509 4788 530 4835 si
549 4789 591 4837 dio
609 4789 674 4838 daras
694 4788 790 4840 litteras
810 4830 918 4843 ......
940 4790 1029 4851 (itabat
1044 4790 1104 4840 odd.
1124 4793 1149 4840 io
1169 4788 1262 4855 rrtarp.)
1278 4791 1344 4855 apud
1364 4805 1455 4855 grecos
1474 4790 1516 4839 sed
1534 4788 1600 4835 scire

308 4860 409 4922 Apula
428 4860 465 4905 sic
485 4858 525 4906 dic
545 4860 608 4907 diras
628 4857 725 4908 litteras
744 4858 835 4908 latinas
856 4860 924 4925 apud
943 4875 1033 4924 grecos
1052 4860 1096 4908 sed
1115 4862 1179 4909 scire
1195 4860 1218 4907 L
