3350 5442
313 380 355 446 38
877 377 1052 440 otnuouu

339 503 360 544 p.
378 493 433 532 asoa.
447 491 472 532 ει
486 488 508 530 r.

313 571 454 650 genetivi,
484 587 602 630 nomen.
647 575 783 630 metuens
811 564 1017 644 quaerendum
1039 573 1085 626 εει
1105 573 1206 628 ιιιιιιιιι
1228 566 1417 646 participium
1438 585 1476 628 an
1499 585 1609 628 nomeu

312 675 362 734 sit:
386 675 411 734 si
433 673 568 752 genetivo
591 671 694 742 servit,
718 685 828 731 nomen
851 676 909 740 εει,
934 675 967 729 ut
988 676 1124 730 metuens
1145 670 1204 737 tui;
1234 670 1260 729 si
1282 670 1465 738 accusativo,
1489 671 1610 748 partici-

312 777 408 856 pium,
443 781 476 836 ut
502 781 637 836 metuens
672 781 711 835 te.
761 773 917 852 participia
952 773 1105 851 praeteriti
1136 773 1281 851 temporis
1314 791 1331 832 a
1364 770 1535 832 nominibus
1568 774 1610 833 ita

313 878 530 946 discernuntur,
553 885 595 946 ut,
619 877 644 936 si
667 875 820 955 participia
842 875 963 944 luerint,
987 872 1137 934 secundae
1158 876 1218 934 sint
1239 873 1459 943 declinationis,
1482 881 1612 954 utputa

314 979 361 1040 laic
383 981 463 1042 visus
485 977 573 1040 huius
594 978 664 1046 visi;
693 979 719 1037 si
740 977 861 1038 nomina
887 976 1012 1045 luerint,
1037 984 1159 1055 quartae
1181 978 1241 1038 sint
1262 975 1483 1046 declinationis,
1506 985 1540 1036 ιιι
1561 975 1638 1039 hice

196 1093 253 1154 374,
270 1092 299 1142 15
313 1083 392 1143 visus
407 1081 495 1142 huius
509 1081 597 1142 visus.
616 1112 656 1122 -
672 1077 936 1157 superlativus
957 1079 1154 1158 positivus:
1178 1079 1323 1157 positivus
1344 1095 1405 1138 nou
1428 1086 1474 1139 εει
1489 1079 1613 1156 gradus,

313 1183 425 1245 nullam
453 1182 543 1243 habet
569 1179 690 1242 alterius
714 1183 937 1260 expressionem
959 1188 1157 1260 cooperatam.
1203 1178 1310 1241 doctus
1331 1178 1532 1259 simplicitudo
1555 1187 1612 1249 εει,

270 1295 301 1344 16
314 1304 376 1348 non
398 1284 526 1346 collatio.
550 1316 592 1326 —
613 1284 656 1342 vt
677 1283 830 1344 fortior:
854 1282 1018 1344 notandum
1043 1283 1122 1362 quod
1144 1284 1352 1363 conparativus
1375 1282 1486 1361 gradus
1507 1280 1614 1344 ablati·

314 1406 380 1449 vum
414 1385 594 1465 singularem
627 1402 746 1465 semper
778 1387 808 1448 in
843 1387 987 1456 emittit,
1021 1392 1055 1446 ut
1088 1385 1124 1446 ah
1151 1385 1209 1446 hoc
1236 1380 1378 1466 iorlltiore
1401 1385 1545 1445 doctiore.
1569 1419 1615 1429 -

269 1501 300 1550 tt
314 1489 466 1569 Semper
488 1489 690 1548 communis
713 1493 785 1547 est:
808 1506 869 1548 mm
891 1506 1010 1567 semper
1032 1491 1151 1566 generis
1175 1489 1340 1549 communis
1362 1497 1421 1557 εει,
1439 1489 1508 1564 quia
1531 1489 1614 1547 inve·
1628 1510 1650 1549 o

314 1593 393 1652 nitur
417 1608 525 1652 noman
547 1591 578 1649 in
601 1591 802 1669 comparativo
824 1589 933 1669 gradu,
967 1590 1047 1670 quod
1075 1609 1136 1651 non
1163 1591 1202 1651 sit
1222 1591 1341 1667 generis
1364 1590 1545 1661 communis,
1579 1598 1616 1651 ut

314 1694 422 1754 senior.
462 1693 563 1754 senior
585 1708 655 1752 vero
686 1690 723 1752 de
756 1693 818 1751 viro
842 1691 983 1762 dicimus,
1018 1691 1055 1753 de
1083 1693 1209 1753 muliere
1231 1691 1332 1753 dicere
1353 1710 1415 1753 non
1435 1690 1615 1775 poslsumus

268 1800 299 1848 21
314 1795 366 1856 sod
391 1794 518 1856 dicimus
546 1797 638 1872 magis
666 1812 748 1855 anus.
772 1826 815 1836 -
843 1793 928 1855 Nam
961 1813 1028 1872 pro
1062 1797 1320 1874 comparativo
1353 1797 1481 1873 magis:
1520 1797 1617 1873 magis

305 1899 528 1978 ,comparativus
551 1903 596 1957 est
619 1903 648 1955 ει
669 1895 736 1956 ideo
760 1915 827 1957 curu
851 1897 1050 1976 comparativo
1073 1915 1132 1956 uon
1155 1898 1289 1975 ponitur,
1318 1898 1387 1976 quia
1410 1896 1470 1958 doo
1493 1915 1616 1977 compa·

314 2001 399 2061 rativi
426 2001 498 2078 poni
526 2016 585 2058 uon
613 2006 739 2078 possunt
766 1998 844 2077 (nam
874 2007 919 2058 est
946 1999 1163 2078 soloecismus),
1189 1995 1195 2080 1
1218 1997 1271 2059 sed
1292 1999 1418 2078 positivo
1440 1998 1617 2078 adiungitur
1630 2021 1652 2058 n

215 2107 256 2154 ‘24-
270 2107 302 2156 25
315 2103 418 2180 magis
442 2100 618 2163 —Extra
641 2100 736 2162 hauc
758 2100 930 2161 lormam:
955 2099 1286 2178 extrahancregulam.
1310 2101 1616 2179 —Comparatio

314 2205 516 2264 nominum:
546 2204 728 2283 comparatio
756 2204 787 2261 in
809 2203 1010 2282 comparativo
1039 2210 1068 2262 et
1091 2202 1271 2283 superlativo
1293 2209 1346 2263 est.
1390 2203 1537 2282 positivus
1559 2221 1617 2282 pro

315 2305 408 2384 gradu
430 2323 491 2367 noo
514 2307 673 2384 accipitur,
709 2306 778 2383 quia
800 2307 866 2384 ipse
886 2304 917 2365 id
940 2311 1007 2383 cst„
1032 2304 1112 2381 quod
1135 2312 1180 2365 est
1202 2313 1232 2365 et
1253 2323 1378 2374 nomen,
1413 2304 1492 2384 quod
1516 2313 1563 2365 est
1587 2313 1618 2364 ει

270 2415 302 2464 at
315 2425 426 2487 genus,
451 2406 530 2486 quod
554 2415 598 2468 εει
621 2415 650 2468 ει
673 2425 766 2468 casus.
790 2439 833 2450 —-
854 2405 896 2466 Et
918 2406 1130 2469 absolutus:
1154 2407 1223 2487 quia
1246 2405 1327 2468 solus
1346 2425 1456 2469 nomeu
1471 2407 1616 2468 declarat.

315 2545 357 2555 —-
390 2511 674 2591 Comparativus
707 2507 847 2586 gradus
879 2511 1142 2589 praeponitur:
1181 2516 1262 2570 tanta
1283 2510 1327 2570 vis
1355 2517 1400 2570 εει
1422 2513 1651 2590 comparativiav

270 2613 438 2692 tagradus,
463 2621 496 2674 ιιι
516 2612 667 2673 interdum
695 2618 725 2672 ει
752 2613 964 2694 superlativum
992 2613 1099 2673 vincat.
1123 2647 1165 2656 -
1194 2614 1235 2674 Vt
1255 2611 1425 2673 stultior:
1450 2631 1518 2673 nam
1542 2614 1616 2674 ειιιι-

315 2715 374 2776 tior
394 2715 461 2795 plus
483 2715 628 2793 significat
651 2731 737 2793 quam
761 2715 966 2776 stultissimus:
991 2713 1110 2775 Ovidius
1131 2716 1162 2775 in
1185 2733 1264 2775 nono
1286 2713 1561 2794 lietamorphoseos

853 2834 926 2876 non
948 2815 1017 2876 hoc
1038 2817 1192 2877 inimica
1214 2824 1408 2896 precatur,

468 2918 532 2979 'sed
556 2934 809 2997 quaecumque
829 2915 901 2978 tibi
923 2919 1163 2979 iunctissima
1185 2919 1356 2981 iunctior
1380 2937 1461 2981 esse

471 3022 620 3100 expetit.
1630 3043 1652 3082 u

318 3157 359 3168 -
382 3123 501 3184 Doctior
524 3120 627 3182 dicunt
649 3122 833 3200 grammatici
855 3122 1046 3200 comparativi
1068 3121 1177 3199 gradus
1200 3141 1279 3192 εεεε,
1307 3140 1376 3184 cum
1404 3142 1453 3184 res
1474 3126 1541 3203 ipsa
1566 3125 1618 3186 do-

319 3233 384 3284 ceat
406 3233 435 3284 et
457 3242 563 3285 seusus
585 3242 651 3284 esse
673 3222 835 3303 praelativi.
881 3242 950 3285 nam
971 3241 1039 3285 cum
1062 3223 1128 3284 dico
1152 3224 1284 3286 ‘doctior
1305 3224 1354 3286 hic
1375 3223 1454 3296 illo’,
1477 3245 1539 3287 uon
1556 3237 1617 3290 tam

321 3328 347 3387 ei
362 3325 463 3387 videor
485 3325 612 3388 alterum
636 3343 799 3404 conparare
820 3320 824 3408 l
844 3343 933 3404 quam
955 3325 1129 3405 praeferre:
1163 3345 1255 3406 quare
1276 3329 1377 3408 potius
1399 3327 1450 3388 ille
1471 3328 1619 3390 dicendus

321 3435 365 3488 εει
387 3431 614 3507 comparativus,
637 3427 755 3507 quaudo
777 3438 836 3488 tam
860 3427 906 3487 vel
927 3429 969 3488 sio
992 3427 1130 3490 adverbia
1152 3431 1303 3507 iungimus
1324 3432 1466 3511 positivo,
1489 3439 1523 3492 ut
1545 3440 1620 3512 puta

321 3535 396 3590 ‘tam
419 3529 524 3592 doctus
546 3530 594 3590 hic
617 3549 704 3610 quam
727 3527 804 3600 ilie',
829 3531 890 3590 ‘sic
913 3530 1018 3592 doctus
1040 3530 1090 3590 hic
1110 3539 1143 3592 ut
1164 3531 1244 3592 ille'.
1289 3551 1360 3611 ergo
1382 3540 1525 3613 quattuor
1550 3544 1652 3596 sunta

274 3631 439 3711 aagradus.
463 3665 501 3675 -
527 3637 550 3694 Α
573 3634 752 3711 positivo:
777 3635 995 3712 comparativus
1017 3631 1195 3713 aliquotiens
1217 3635 1316 3694 miuus
1336 3653 1354 3695 a
1376 3637 1503 3714 positivo
1527 3638 1618 3717 signi-

321 3735 402 3804 ficat,
438 3741 471 3794 ut
507 3735 622 3794 ‘mare
654 3733 850 3796 Ponticum
883 3734 1033 3798 dulcius
1065 3755 1170 3816 quam
1204 3740 1350 3797 cetera’
1389 3735 1461 3818 [quo
1500 3738 1619 3801 dulcius

391 3937 551 3990 (toditem.
573 3935 732 3990 V15-6*.
811 3941 1040 4005 lparticipiaman
1111 3937 1213 4005 daint]
1237 3948 1297 3992 aaut
1366 3942 1620 4008 'lexpraeaaionetu

389 4007 406 4058 8
425 4008 526 4059 collatio
545 4009 653 4072 qualitas
674 4009 787 4059 utribus
808 4009 919 4060 trahitur
938 4011 1014 4060 rebus
1038 4010 1069 4059 ab
1095 4011 1180 4060 animo
1204 4019 1232 4059 ut
1253 4011 1343 4061 doctua
1361 4011 1453 4063 stultus
1472 4027 1488 4062 a
1509 4028 1620 4081 corpore

321 4088 348 4129 ut
366 4078 470 4142 pulcher
493 4078 575 4142 turpia
594 4079 751 4128 extrinsecus
768 4089 795 4129 ut
814 4080 887 4131 diues
905 4079 1050 4131 fortunatus
1074 4082 1200 4145 quantitas
1222 4094 1328 4146 corpore
1347 4090 1374 4131 ut
1390 4082 1455 4131 altus
1475 4097 1578 4148 paruus
1595 4093 1620 4135 ut

322 4149 410 4200 fortior
481 4149 514 4200 10
533 4149 674 4198 cummunis
690 4152 779 4213 priore
796 4151 851 4202 loco
922 4148 955 4201 13
973 4166 1038 4201 anua
1056 4151 1202 4215 qualitatem
1219 4151 1365 4215 aignidcaut
1378 4152 1487 4216 qualitas
1504 4168 1520 4202 a
1538 4157 1619 4206 tribua

323 4218 428 4270 trahitur
445 4219 521 4269 rebus
539 4219 570 4268 ab
590 4219 674 4270 auimo
693 4231 721 4269 ιιι
739 4221 828 4270 doctus
854 4221 947 4271 stultus
969 4236 985 4270 a
1006 4236 1111 4287 corpore
1134 4231 1161 4269 ut
1180 4219 1286 4286 pulcher
1308 4223 1390 4288 turpia
1413 4223 1580 4275 extrinsecus
1595 4233 1621 4275 ut

323 4289 394 4340 diues
415 4289 557 4341 lortunatua
579 4290 706 4354 quantitas
724 4305 785 4340 uero
803 4305 819 4340 a
837 4305 944 4356 corpore
965 4295 1012 4354 tut
1027 4292 1094 4341 altus
1112 4305 1208 4356 paruus
1222 4305 1279 4340 nam
1295 4306 1342 4358 pro
1412 4293 1444 4343 to
1463 4292 1619 4357 solycismua

392 4359 425 4410 18
443 4362 525 4424 ipsius
544 4367 571 4408 ut
589 4368 627 4407 εει
699 4360 731 4409 19
755 4371 782 4410 ιιι
802 4361 934 4412 absolutus
1003 4363 1035 4412 21
1062 4362 1147 4410 uincat
1165 4376 1224 4411 nam
1245 4376 1303 4412 nam
1323 4362 1420 4427 (deleto
1434 4364 1527 4426 priore
1545 4364 1618 4427 natu)

324 4429 423 4479 stultior
439 4430 498 4495 plus
517 4429 644 4494 significat
661 4445 737 4495 quam
759 4431 926 4481 stultissimus
944 4440 971 4480 ut
990 4431 1091 4481 stultior
1110 4432 1213 4482 ouidiua
1282 4435 1317 4483 22
1335 4432 1551 4486 metamorioreos

324 4497 357 4550 23
373 4507 506 4565 praecatur
576 4497 609 4549 26
629 4498 680 4567 rea]
707 4514 753 4566 pes
823 4503 855 4550 tt
875 4516 933 4550 nam
952 4501 1010 4551 dico
1081 4497 1135 4568 illo]
1158 4502 1208 4550 illis
1277 4502 1312 4554 28
1332 4499 1420 4569 quare]
1437 4502 1514 4566 quale
1589 4505 1618 4558 31

324 4569 420 4634 gradus
438 4569 582 4634 appositiuo

325 4691 625 4699 ——--.—.-.-

394 4740 428 4790 22
446 4741 472 4789 iu
490 4755 556 4791 nouo
576 4737 819 4807 metamorphoseos]
837 4757 860 4790 o.
880 4741 931 4793 548
985 4740 1019 4792 32
1034 4742 1102 4805 qood
1121 4741 1219 4791 dulcius
1233 4757 1303 4792 mare
1322 4752 1361 4794 est
1379 4758 1454 4807 quam
1470 4749 1619 4797 communia

325 4810 405 4860 maria
429 4820 497 4860 aunt.
517 4809 617 4860 dulcius
640 4825 715 4875 quam
735 4825 780 4876 pro
800 4811 899 4862 dulcius
920 4826 995 4875 quam
1019 4815 1052 4862 ait
1070 4812 1140 4861 aliud
1163 4827 1233 4864 mara
1250 4813 1325 4864 dulce
1343 4815 1486 4869 Paucum.
1502 4817 1619 4880 sortasse

325 4895 374 4946 quo
391 4880 467 4930 modo
486 4881 584 4931 dulcius
603 4892 737 4948 marceat,
756 4895 813 4931 cum
832 4883 917 4931 omnia
929 4883 1008 4931 maria
1025 4897 1111 4931 amara
1130 4882 1197 4933 aiut?
