3350 5442
291 343 354 409 252
861 341 1014 406 POMPKll

318 467 338 507 p.
353 453 441 496 sac—52
456 452 478 492 L.

292 534 410 595 modum
434 533 591 612 loquimur.
623 532 742 610 quando
764 550 818 593 nos
840 530 930 612 aliqui
951 534 1116 610 interrogat
1137 539 1208 612 puta
1228 530 1322 618 funde
1344 531 1480 593 venistii'
1510 530 1586 612 [Mc-

292 636 401 697 diolani
423 635 519 717 veni],
550 635 694 697 debemus
716 644 819 696 tenere
842 636 912 697 istas
933 632 1060 712 regulas.
1105 632 1161 695 alia
1191 642 1260 694 sunt
1281 635 1401 695 nomina
1423 634 1585 704 civitatum,

292 739 347 800 alia
369 740 591 818 provinciarum
615 747 645 799 et
668 739 802 799 locorum
826 745 856 798 et
882 754 984 798 rerum
1012 744 1042 797 et
1063 735 1239 797 insularum.
1283 735 1396 797 idcirco
1418 741 1532 796 tantum
1552 737 1586 797 in

291 840 462 903 nominibus
484 841 633 902 civitatum
656 840 712 901 hoc
734 837 893 900 observare
916 837 1068 909 debemus,
1092 846 1123 898 ut
1145 854 1306 918 numquam
1326 839 1484 916 iungamus
1499 857 1586 918 prae·

291 945 462 1024 positiones.
508 940 620 1020 reliqua
645 941 722 1003 enim
745 943 843 1003 omnia
871 943 1015 1003 rationem
1044 948 1186 1002 secuntur
1209 937 1215 1021 Ι
1238 941 1470 1020 provinciarum.
1514 949 1587 1021 puta
1612 957 1625 996 5

292 1044 366 1106 duae
398 1051 469 1105 sunt
495 1046 568 1106 istae
596 1043 728 1123 regulae,
762 1045 798 1105 dc
821 1043 992 1104 nominibus
1021 1045 1169 1103 civitatum
1198 1052 1229 1103 et
1254 1043 1484 1122 provinciarum.
1532 1043 1587 1104 sed

292 1146 377 1225 quid,
390 1148 426 1206 -si
447 1145 542 1208 insula
567 1147 628 1207 esti
662 1145 721 1207 iam
744 1148 786 1207 sic
809 1145 889 1207 illam
911 1145 1036 1224 incipies
1059 1144 1173 1216 dicere,
1202 1163 1292 1226 quem
1314 1145 1351 1206 ad
1373 1145 1495 1205 niodum
1516 1164 1588 1224 pro·

290 1251 426 1310 vinciam.
456 1247 535 1328 quid,
559 1249 584 1308 si
605 1246 688 1310 locus
710 1249 765 1309 siti
794 1249 836 1309 sic
859 1247 994 1318 dicimus,
1018 1249 1103 1326 quasi
1124 1235 1163 1308 de'
1189 1247 1350 1328 provincia.
1389 1265 1449 1308 non
1471 1246 1587 1308 discer-

291 1360 402 1413 nuntur
425 1353 482 1412 uisi
504 1351 649 1419 civitatem
672 1351 791 1411 nomina
816 1351 965 1411 civitatum
988 1367 1047 1410 non
1069 1368 1226 1430 possumus
1247 1351 1288 1410 ita
1309 1349 1455 1429 prolerre.
1485 1351 1516 1410 in
1531 1368 1588 1410 no·

292 1453 420 1515 minibus
436 1453 584 1513 civitatum
600 1453 729 1531 propriis
744 1451 818 1513 haec
833 1451 919 1513 nohis
934 1451 1076 1524 servanda
1092 1463 1174 1514 sunt:
1197 1443 1294 1531 aliqua
1309 1457 1378 1512 sunt
1388 1470 1465 1532 quae
1475 1452 1589 1530 signiti-
1602 1477 1626 1514 ro

292 1563 359 1616 cant
371 1556 405 1617 ad
423 1554 530 1625 locum,
546 1553 645 1635 aliqua
662 1571 738 1633 quae
754 1555 920 1634 significant
935 1554 972 1614 de
987 1553 1062 1623 loco,
1079 1554 1174 1632 aliqua
1190 1556 1267 1632 qua'e
1282 1555 1447 1632 significant
1461 1555 1493 1614 in
1508 1552 1588 1622 loco,

292 1663 324 1718 ui
339 1657 466 1717 diximus
481 1655 570 1735 paulo
590 1663 657 1717 ante
674 1654 760 1736 [ergo
774 1657 853 1737 siqui
865 1655 926 1718 vult
940 1656 1041 1717 dicere
1051 1655 1207 1717 Mediolani
1219 1658 1296 1716 veni,
1320 1657 1369 1717 hic
1380 1654 1591 1718 Mediolianius

292 1759 378 1820 huius
391 1757 559 1820 Mediolanii
573 1767 606 1819 ut
621 1759 690 1820 huic
703 1757 880 1819 Mediolanio
896 1757 975 1819 hunc
988 1757 1195 1819 Mediolanium
1208 1778 1226 1818 o
1238 1757 1395 1820 Mediolani
1406 1756 1443 1818 ab
1455 1757 1513 1819 hoc
1524 1759 1590 1819 Me·

293 1860 433 1939 diolanio]
448 1878 520 1939 ergo
532 1859 683 1922 videamus
698 1859 817 1938 regulas
832 1860 1050 1929 adverbiorum,
1063 1879 1121 1938 quo
1138 1859 1226 1921 modo
1239 1861 1402 1922 decurrunt
1416 1862 1490 1922 istae
1504 1862 1590 1941 ipsae

292 1962 421 2042 regulae.
458 1971 492 2023 ut
506 1971 576 2043 puta
593 1962 628 2023 ad
645 1961 757 2025 locum:
790 1961 907 2042 quando
928 1960 1063 2024 volumus
1083 1963 1250 2041 significare
1273 1962 1310 2023 ad
1324 1962 1437 2032 locum,
1460 1971 1494 2022 ut
1514 1971 1590 2042 puta
1604 1985 1627 2024 rs

293 2062 506 2128 ‘llediolanum
528 2064 624 2125 vado'.
648 2065 700 2126 sed
717 2065 773 2127 hoc
788 2082 898 2127 nomen
913 2065 984 2127 lacit
999 2063 1084 2125 nobis
1099 2064 1323 2126 dubitationem.
1347 2074 1376 2126 et
1391 2066 1593 2127 nominativus

293 2169 371 2228 enim
395 2175 424 2228 et
445 2169 629 2228 accusativus
658 2175 687 2228 ct
710 2170 858 2231 vocativus
879 2167 990 2228 similes
1015 2174 1092 2228 sunt.
1136 2168 1320 2229 inveniamus
1347 2185 1440 2228 unum
1466 2185 1590 2239 nomen,

294 2269 346 2332 otu
369 2287 437 2329 vore
460 2268 516 2330 hoc
538 2271 685 2350 possimus
707 2269 896 2348 intellegere:
927 2288 995 2330 occe
1018 2276 1088 2348 puta
1109 2268 1260 2348 Karthago
1287 2270 1377 2330 huius
1398 2268 1592 2347 Karthaginis

293 2371 465 2450 Karthagini
493 2371 704 2449 Karthaginem
731 2389 748 2430 0
771 2372 922 2448 Karthago
944 2369 980 2432 ab
1003 2371 1059 2431 hac
1081 2371 1276 2450 Karthagine;
1310 2378 1389 2432 stant
1414 2374 1465 2433 isti
1491 2391 1591 2434 casus.

293 2474 410 2552 quando
425 2472 462 2534 ad
477 2473 575 2534 locum
592 2473 728 2542 volumus
751 2475 928 2550 significare,
952 2472 1096 2534 debemus
1118 2471 1232 2534 sublata
1247 2473 1466 2554 praepositione
1480 2493 1591 2536 secem·
1605 2497 1629 2534 eo

292 2578 361 2638 dum
384 2579 585 2638 accusativum
608 2575 721 2646 dicere;
756 2595 816 2636 non
844 2574 940 2636 debeo
962 2574 1062 2636 dicere
1085 2575 1140 2636 ‘ad
1162 2575 1374 2654 Karthaginem
1395 2574 1502 2647 vado',
1531 2577 1591 2638 sed

292 2678 525 2762 ‘Karthalginem
547 2677 649 2748 vado',
674 2677 840 2740 secundum
863 2679 1079 2740 accusativum:
1103 2677 1314 2757 Karthaginem
1338 2679 1418 2739 enim
1440 2681 1592 2740 accusati-

292 2800 343 2843 vus
372 2787 424 2842 cst
474 2780 592 2858 quando
621 2780 657 2840 de
688 2780 753 2842 loco
782 2781 823 2841 vis
846 2781 1023 2859 significare,
1047 2779 1292 2861 septimo'dicis,
1325 2778 1356 2839 id
1384 2787 1429 2841 est
1456 2779 1592 2842 ablativo

292 2882 404 2945 sublata
434 2885 670 2962 praepositione,
701 2881 899 2961 ‘Karthagine
927 2881 1042 2944 vinio’.
1087 2880 1145 2943 hoc
1171 2900 1227 2943 nec
1249 2881 1464 2944 dubitationem
1486 2883 1591 2954 habet,

292 2989 323 3047 in
345 2987 445 3048 locum
467 2983 631 3045 secundum
653 2987 868 3054 accusativum,
898 2983 1024 3046 deloco
1048 2984 1211 3047 secundum
1234 2985 1392 3064 septimum
1416 2982 1462 3064 [et
1483 2983 1590 3063 plura·
1605 3009 1631 3046 ss

292 3087 356 3168 lia],
380 3093 450 3167 puta
473 3085 597 3146 Romam
619 3085 702 3157 vado,
726 3087 819 3147 Roma
841 3089 936 3157 venio,
960 3087 1162 3148 Beneventum
1185 3085 1273 3156 vado,
1296 3086 1466 3147 Benevento
1488 3089 1591 3159 veuio,

293 3191 421 3270 Capuam
450 3186 537 3256 vado,
567 3189 664 3268 Capua
693 3189 795 3259 venio,
820 3189 969 3252 Sermium
996 3188 1085 3260 vado,
1116 3189 1232 3250 Sermio
1255 3190 1350 3249 venio.
1395 3189 1439 3249 sic
1461 3198 1594 3251 currunt

292 3294 347 3352 ista
371 3291 469 3376 omnia
490 3280 654 3351 secundum
676 3292 769 3371 ipsam
792 3289 1025 3352 similitudinem.
1061 3299 1091 3352 et
1111 3292 1143 3352 in
1165 3290 1336 3351 nominihus
1358 3291 1446 3352 etiarn
1469 3294 1595 3354 numeri

292 3401 405 3454 tautum
434 3391 569 3472 pluralis,
600 3411 675 3472 quae
705 3394 823 3454 nomina
852 3393 989 3455 videntur
1016 3412 1082 3454 esse
1105 3391 1248 3463 diflicilia,
1278 3411 1399 3454 necesse
1427 3391 1521 3454 babes
1545 3395 1592 3455 sic

292 3495 387 3575 loqui,
419 3503 452 3554 ut
478 3496 521 3555 ud
547 3493 623 3555 hanc
646 3495 748 3556 llectas
775 3493 1012 3566 similitudinem,
1045 3505 1115 3576 puta
1143 3494 1257 3555 Puteoli
1285 3495 1383 3556 Baiae.
1434 3513 1473 3576 ne
1502 3495 1633 3559 dicasse

293 3596 380 3666 mihi,
409 3615 447 3656 ne
475 3597 553 3657 lorte
580 3596 652 3659 illud
681 3597 897 3658 adnumerum
920 3601 1103 3672 singularem
1126 3596 1240 3666 llectas;
1273 3615 1349 3666 non,
1372 3596 1425 3658 sed
1448 3597 1593 3659 similiter

285 3687 335 3760 'sic
357 3699 506 3778 sequeris:
543 3706 643 3761 utrunv
668 3701 783 3760 numeri
805 3702 844 3761 sit
864 3699 1037 3778 singularis,
1065 3717 1103 3760 an
1127 3705 1238 3760 tantum
1261 3696 1398 3778 pluralis,
1429 3699 1511 3761 ideru
1535 3711 1593 3762 est.

363 3922 376 3972 1
399 3922 554 3988 interrogant
574 3922 655 3973 ABG
737 3924 753 3972 5
773 3923 896 3971 rationem
919 3929 1058 3986 sequuntur
1082 3922 1211 3972 nominum
1230 3929 1292 3986 puta
1309 3920 1334 3970 B
1350 3920 1447 3971 ratione
1465 3933 1596 3972 secuntur

292 3991 447 4056 (sequuntur
463 3990 495 4055 O)
515 3995 692 4056 pronominum
712 4003 774 4057 puta
792 3992 846 4042 AC
915 3993 930 4041 7
949 3991 1164 4056 quemadmodum
1187 3992 1377 4057 prouinciarum
1395 4006 1466 4044 corr.
1486 4007 1542 4042 -em
1567 3996 1594 4042 A

363 4061 395 4112 10
413 4060 474 4110 lraec
494 4063 597 4112 nomina
612 4063 656 4122 (ob
674 4062 736 4115 odd.
754 4061 780 4125 c)
798 4062 926 4113 seruanda
944 4071 1004 4113 sunt
1016 4060 1100 4112 ABG
1169 4062 1198 4111 ll
1220 4069 1246 4111 ut
1263 4061 1376 4112 diximus
1388 4061 1519 4126 (dicemus
1538 4062 1595 4128 ὤ)

292 4131 442 4198 paulopost
460 4131 622 4197 ergoABG
709 4133 739 4182 13
758 4145 773 4180 ο
792 4132 962 4182 mediolanius
978 4132 1030 4182 AG
1113 4132 1266 4198 tempusa
1284 4131 1454 4181 mediolanius
1472 4133 1521 4182 scd
1541 4135 1596 4183 hoc

292 4201 374 4252 ABG
443 4202 476 4254 ld
494 4211 518 4250 et
538 4202 710 4253 nominativus
730 4203 797 4252 enim
821 4211 847 4253 et
864 4203 999 4268 genetiuos
1022 4203 1104 4266 (corr.
1122 4210 1147 4251 et
1172 4200 1349 4266 accusatione)
1367 4208 1391 4250 et
1410 4202 1547 4252 nocntiuus
1567 4203 1597 4254 B

292 4282 317 4322 et
334 4271 505 4321 nominaturus
523 4274 589 4322 enirn
606 4283 631 4322 et
646 4273 778 4323 uocatiuus
795 4281 819 4322 et
840 4274 1003 4323 accusatione
1020 4273 1042 4322 G
1060 4281 1084 4323 et
1102 4272 1275 4322 nominativus
1290 4271 1358 4320 enim
1374 4281 1399 4320 et
1412 4272 1552 4323 uocatinus
1567 4276 1596 4324 A

363 4341 395 4392 18
414 4343 543 4405 possimus
561 4342 609 4392 Ba
634 4357 771 4409 possumus
790 4344 842 4393 Ac
911 4343 945 4393 ⁶20
967 4343 1067 4392 sublata
1090 4343 1279 4409 praepositione
1302 4340 1485 4392 dicereABO
1558 4347 1597 4395 22

292 4411 430 4462 secuudum
449 4414 515 4462 enim
535 4413 712 4480 karthaginem
731 4415 891 4464 accrvsatiuus
907 4423 945 4462 est
965 4413 1048 4464 ABG
1130 4413 1163 4463 et
1180 4411 1308 4478 kartagini
1327 4427 1397 4462 corr.
1418 4426 1463 4459 -ne
1481 4411 1507 4460 A
1529 4413 1596 4464 har-

208 4504 211 4513 ,
295 4481 435 4548 thuginiG
520 4482 629 4533 lroenco
648 4483 706 4533 dom
724 4483 947 4533 dubitationemA
1035 4485 1069 4534 25
1088 4481 1236 4547 etpluralia
1254 4479 1597 4549 AGetpluruclinBa*

363 4553 395 4600 27
418 4567 525 4618 papyam
547 4554 614 4604 uado
635 4567 716 4621 cappa
737 4555 811 4603 uenio
833 4554 858 4602 A
928 4554 963 4605 28
984 4560 1009 4603 et
1023 4554 1048 4603 iu
1068 4553 1212 4602 nominibus
1231 4550 1363 4616 (omnibus
1379 4551 1417 4615 B)
1431 4551 1509 4600 etiarn
1523 4569 1597 4617 qnae

291 4621 407 4685 (quando
425 4623 449 4672 A
473 4638 540 4674 corr.
561 4626 635 4674 ctiam
654 4639 719 4687 quae
739 4623 770 4686 a)
789 4625 893 4673 uomina
912 4625 1030 4674 uidentur
1046 4639 1104 4673 esse
1128 4622 1242 4672 diih'cilia
1260 4637 1366 4672 necesse
1382 4621 1455 4686 (esse
1472 4623 1499 4672 A
1516 4639 1596 4678 corr.

293 4705 397 4742 necesse
415 4693 443 4756 o)
463 4693 539 4744 habet
559 4697 597 4744 sic
616 4695 684 4756 loqui
703 4701 730 4742 ut
752 4695 818 4744 banc
838 4695 921 4744 {lactat
938 4694 1128 4744 similitudinem
1147 4692 1232 4743 ABG
1312 4691 1347 4743 30
1365 4692 1437 4741 baiae
1455 4691 1496 4742 ct
1514 4693 1598 4744 ussine

292 4761 421 4881 Zanade
441 4763 466 4812 A
535 4764 568 4814 31
588 4765 619 4813 ud
641 4779 771 4815 ruvnserunv
790 4765 948 4832 singularem
971 4766 1057 4815 llectas
1075 4764 1261 4814 Lindemoaaue
1277 4763 1308 4812 ad
1331 4777 1463 4812 rrumerum
1488 4762 1598 4815 deciam
