3350 5442
333 341 396 405 ‘218
902 348 1055 410 POlll’lill

359 464 381 505 p.
395 454 484 495 era-u
499 452 520 493 r.

332 550 399 593 rum
426 535 620 612 apertissime.
666 554 734 597 nam
761 537 785 597 si
813 534 886 597 dicis
913 538 1068 619 participia
1101 557 1166 600 csse
1198 536 1359 608 declinata,
1392 535 1504 599 debent
1534 542 1613 601 etiam

332 642 467 714 tempora
488 638 628 697 retinere.
674 638 733 699 duo
755 645 823 700 sunt
844 640 998 720 participia
1021 641 1085 711 ista,
1108 660 1200 703 unum
1222 641 1371 710 luturum,
1393 658 1487 701 unum
1507 653 1612 721 practe-

331 739 431 798 ritum.
475 737 593 817 legendi
616 740 673 801 erit
695 741 787 801 luturi
808 743 1014 827 participium,
1037 742 1164 821 legendo
1186 743 1279 804 lutnri
1301 744 1500 823 participium,
1522 742 1613 822 legen·

332 839 402 900 dum
429 840 520 902 loturi
542 843 744 922 participium
775 842 885 905 lectum
907 847 966 906 iam
987 846 1141 925 praeteriti
1163 846 1351 924 participium
1374 846 1439 906 erit.
1487 863 1555 923 ergo
1572 847 1614 907 iac

333 939 546 1012 elocutionem
576 943 724 1005 rideamus
751 947 776 1006 si
804 952 863 1007 stat
884 944 1021 1009 elocutio.
1066 958 1138 1027 puta
1162 945 1306 1024 ‘legendo
1328 946 1453 1007 didici’:
1490 946 1556 1027 quid
1575 956 1636 1010 ests

332 1043 477 1123 ‘legendo
500 1044 627 1106 didici’?
655 1044 684 1105 id
709 1054 753 1107 ast
775 1047 863 1109 ‘dum
885 1047 968 1127 lego,
992 1047 1110 1118 didici',
1133 1067 1195 1110 non
1216 1046 1393 1127 ‘legendum
1416 1048 1489 1110 mihi
1511 1057 1567 1119 cst,
1586 1058 1617 1110 ut

332 1146 472 1207 discam’.
518 1147 676 1226 legendum
704 1151 892 1231 participium
922 1158 967 1212 est
988 1152 1081 1213 loturi
1104 1152 1260 1231 temporis,
1285 1153 1310 1211 si
1332 1150 1407 1212 dicis
1428 1154 1514 1213 istam
1535 1151 1617 1213 dmli·

332 1251 481 1310 nationem
505 1249 574 1311 inde
597 1250 789 1313 descendere.
836 1272 909 1331 ergo
931 1252 1048 1333 quando
1072 1252 1138 1313 dico
1161 1253 1306 1332 ‘legendo
1335 1252 1452 1324 didici',
1483 1274 1541 1315 non
1565 1254 1617 1315 ltoc

333 1351 415 1421 dico,
439 1352 524 1412 ‘ideo
541 1351 645 1423 didici,
663 1356 801 1432 quoniam
817 1353 904 1433 legi’,
920 1354 973 1416 sed
990 1356 1047 1415 orit
1061 1354 1132 1426 hoc,
1156 1359 1294 1435 ‘possum
1309 1356 1439 1426 discere,
1463 1358 1489 1417 si
1503 1356 1616 1435 lcgam'.

333 1462 363 1514 et
384 1455 460 1514 ratio
482 1454 539 1515 hoc
561 1455 679 1516 refutat.
711 1474 779 1517 nam
801 1457 921 1536 quaudo
943 1457 1010 1518 dico
1032 1456 1208 1519 ‘scribendo
1232 1457 1352 1527 didici',
1377 1458 1523 1519 ‘natando
1544 1458 1616 1527 ieci',
1629 1479 1649 1515 u

332 1558 391 1618 iam
408 1557 450 1617 sic
473 1556 554 1627 dico,
578 1560 662 1635 quasi
677 1557 714 1619 de
730 1552 762 1620 re
777 1560 911 1639 perlecta
928 1566 957 1619 et
972 1561 1056 1639 quasi
1071 1559 1109 1621 de
1124 1578 1157 1621 re
1173 1567 1330 1621 transacta.
1362 1577 1434 1639 ergo
1455 1580 1514 1640 quo
1537 1560 1618 1621 modo

333 1660 442 1738 poterit
461 1677 568 1720 sensus
591 1678 657 1721 esse
685 1660 853 1740 perlectus,
883 1680 950 1722 cum
980 1663 1019 1721 sit
1047 1663 1233 1743 participium
1263 1661 1359 1723 adhuc
1387 1662 1538 1724 loturum?
1564 1681 1617 1723 non

332 1763 479 1840 congruit.
514 1779 583 1821 ecce
605 1780 661 1842 qua
689 1764 805 1823 ratione
828 1762 940 1823 iactum
963 1770 1007 1824 est
1029 1772 1144 1825 utnon
1166 1763 1492 1845 dicanturparticipia.
1535 1766 1619 1844 parti·

333 1864 409 1943 cipia
431 1866 529 1924 omnia
551 1882 713 1942 numquam
736 1867 928 1927 inveniuntur
950 1867 981 1925 in
1002 1885 1021 1926 u
1044 1867 1135 1926 exire.
1178 1865 1298 1945 legendi
1319 1865 1446 1944 legendo
1467 1866 1618 1945 legendum

284 2030 287 2039 ,
332 1965 442 2026 lectum
464 1964 557 2026 lectu:
580 1968 605 2026 si
626 1968 815 2047 participium
840 1975 897 2038 est,
922 1985 998 2045 quae
1022 1964 1026 2050 l
1051 1975 1097 2029 est
1117 1968 1173 2029 ista
1196 1966 1373 2029 declinatio?
1406 1970 1431 2030 si
1456 1970 1536 2029 enim
1557 1986 1650 2048 par-u

333 2068 466 2147 ticipium
490 2075 580 2138 esset,
605 2070 636 2129 in
658 2088 676 2129 o
700 2071 781 2131 exire
804 2069 941 2142 deberet,
964 2088 1025 2131 nun
1047 2072 1078 2131 in
1100 2089 1131 2131 u.
1169 2076 1214 2131 εει
1235 2071 1324 2131 etiam
1345 2072 1434 2132 tertia
1456 2088 1508 2131 res
1528 2069 1619 2130 valon·

332 2169 459 2239 tissima,
489 2176 592 2231 contra
615 2188 702 2249 quarn
725 2189 786 2231 non
814 2179 900 2251 potes
922 2172 1121 2252 respondere,
1147 2180 1177 2233 et
1198 2178 1244 2233 εει
1265 2170 1349 2233 illud.
1393 2170 1481 2252 quale
1505 2179 1549 2233 cst
1568 2171 1619 2231 hoc

331 2272 539 2351 participium?
561 2274 706 2351 passivum
730 2279 781 2345 εει,
805 2271 923 2352 legendi
938 2276 1126 2353 participium
1142 2275 1288 2355 passivum
1304 2282 1363 2344 est,
1386 2281 1417 2334 et
1438 2274 1535 2336 lectus
1556 2292 1619 2353 par·

331 2376 466 2454 ticipium
494 2376 642 2453 passivum
670 2380 724 2435 cst.
770 2376 819 2437 hic
847 2384 947 2437 autom
976 2376 1081 2437 modus
1109 2377 1238 2456 gerundi
1259 2376 1389 2438 trahitur
1412 2374 1504 2458 [non]
1527 2384 1618 2438 tama

331 2478 545 2555 significatione
567 2479 682 2556 passiva
704 2496 791 2561 quam
815 2498 831 2539 a
853 2479 1067 2557 significatione
1088 2480 1192 2539 activa.
1631 2498 1652 2535 o

483 2578 647 2658 frigidus
669 2581 705 2640 in
728 2582 852 2659 pratis
874 2579 1059 2641 cautando
1081 2582 1271 2660 rumpitur
1293 2582 1444 2659 anguis,

331 2682 479 2745 cantando
506 2684 672 2760 rumpitur:
696 2682 766 2763 quid
790 2690 835 2743 est
857 2683 1023 2743 cantando?
1055 2684 1124 2743 dum
1148 2685 1175 2744 ci
1197 2684 1375 2744 incantatur.
1419 2700 1491 2744 ecce
1513 2684 1621 2762 passiva

330 2786 504 2863 significatio
534 2794 580 2845 est
606 2783 655 2845 illo
684 2785 758 2845 luco.
804 2784 1007 2846 ‘cantando
1039 2792 1077 2846 tu
1110 2783 1243 2855 illum’,
1278 2802 1348 2846 ecce
1369 2783 1421 2844 illo
1444 2782 1511 2845 loco
1533 2785 1621 2844 activa

330 2888 504 2965 significatio
528 2894 581 2947 est.
614 2885 690 2965 elige
712 2886 815 2957 modo,
839 2887 917 2964 quod
941 2889 984 2948 vis
1006 2906 1071 2949 csse
1093 2885 1292 2967 participium.
1323 2888 1348 2946 si
1370 2886 1451 2946 dicas
1472 2884 1511 2945 ab
1532 2886 1622 2945 activa

332 3006 396 3048 esse
418 2988 646 3065 significatione,
670 2991 700 3049 in
724 2986 775 3050 illo
797 2988 863 3050 loco
885 2989 1079 3051 soloecismus
1101 2990 1172 3059 erit,
1196 2996 1229 3049 ut
1250 2988 1331 3049 dicas
1354 2987 1520 3049 ‘cautando
1542 3006 1653 3047 rum-c

331 3092 410 3169 pitur
433 3092 564 3168 anguis',
588 3094 728 3169 quoniam
750 3089 810 3152 illic
831 3109 926 3170 acqua
949 3101 994 3154 cst
1014 3092 1198 3170 significatio.
1228 3093 1254 3152 si
1270 3090 1350 3152 dicas
1364 3091 1512 3170 passivam
1534 3091 1621 3168 signi·

330 3193 511 3261 ficationem,
540 3194 613 3253 item
641 3191 836 3256 soloecismus
864 3194 921 3255 crit
940 3196 972 3254 in
994 3192 1045 3254 illo
1073 3193 1153 3262 loco,
1183 3193 1345 3254 ‘cautando
1369 3199 1401 3253 tu
1423 3189 1542 3262 illum';
1565 3210 1623 3252 non

332 3293 421 3355 debet
443 3295 617 3371 significatio
641 3296 733 3355 activa
757 3297 857 3356 venire
880 3314 897 3355 a
919 3298 1076 3376 participio
1103 3297 1230 3375 passivo.
1274 3312 1343 3355 nam
1360 3294 1414 3387 'hic
1436 3293 1544 3354 modus
1566 3301 1622 3354 tam

332 3416 348 3457 a
370 3397 486 3476 passivo
514 3394 604 3457 verbo
633 3416 719 3476 quam
748 3397 786 3458 ab
808 3398 903 3457 activo
925 3416 982 3458 una
1005 3399 1120 3459 ratione
1142 3397 1315 3459 declinatur.
1359 3395 1487 3475 gerundi
1509 3396 1621 3465 modus,

331 3507 402 3578 puta
424 3496 557 3577 legendi,
586 3496 623 3559 ab
652 3500 745 3559 activo
773 3506 817 3560 est
845 3506 875 3559 et
901 3502 1026 3580 passivo.
1071 3498 1152 3564 unde
1172 3518 1330 3579 possumus
1352 3498 1409 3560 hoc
1430 3499 1653 3559 confirmarciu

332 3620 370 3661 ne
392 3601 472 3662 dicas
493 3599 580 3671 milri,
605 3600 760 3662 conlusum
784 3609 845 3671 est,
870 3608 900 3662 et
924 3602 927 3682 l
952 3620 1011 3663 nou
1032 3601 1190 3680 intellego,
1213 3601 1346 3663 dicamus
1367 3619 1385 3661 a
1407 3599 1535 3661 neutrali
1558 3608 1588 3659 et
1609 3618 1622 3659 a

331 3704 501 3783 deponenti.
547 3722 562 3764 a
586 3701 713 3763 neutrali
734 3702 824 3764 verbo
848 3704 1037 3766 manifestum
1059 3713 1104 3766 εει
1126 3704 1264 3784 quoniam
1287 3722 1347 3764 non
1369 3709 1415 3764 εει
1435 3703 1551 3782 passiva
1574 3700 1622 3761 de·

332 3807 464 3875 clinatio,
494 3815 524 3866 et
550 3807 581 3865 in
609 3804 770 3885 deponenti
797 3805 889 3868 verbo
916 3805 1107 3867 manifestum
1135 3814 1180 3866 est
1206 3806 1347 3883 quoniam
1375 3822 1436 3865 uon
1465 3810 1510 3865 est
1531 3806 1622 3865 activa

332 3906 498 3970 declinatio.
544 3924 615 3986 ergo
637 3909 743 3968 sinon
765 3917 864 3989 potest
885 3908 922 3970 ab
945 3917 1071 3989 utraque
1092 3916 1177 3988 parte
1200 3908 1315 3982 venire,
1347 3913 1463 3968 constat
1484 3908 1622 3983 quoniam

331 4009 369 4071 ab
391 4016 516 4087 utraque
542 4016 627 4089 parte
649 4009 785 4071 similiter
812 4013 950 4072 nascitur.
997 4030 1067 4071 ecce
1095 4010 1230 4078 natandi,
1255 4008 1350 4091 [ecce]
1374 4016 1442 4070 nato
1465 4006 1653 4069 declinatione

332 4119 391 4181 cst,
421 4112 473 4173 sed
502 4118 615 4173 tantum
643 4112 732 4173 modo
760 4114 870 4181 activa;
898 4114 969 4172 item
993 4111 1146 4193 loquendi,
1176 4110 1285 4190 loquor
1307 4111 1465 4173 declinatio
1489 4117 1549 4177 εει,
1573 4108 1623 4171 sed

330 4221 444 4302 tantum
473 4214 561 4275 modo
588 4217 712 4294 passiva.
759 4216 783 4275 si
811 4223 842 4275 ct
868 4214 989 4275 natandi
1015 4214 1141 4275 dicimus
1168 4220 1196 4274 et
1225 4211 1366 4293 loquendi
1389 4214 1530 4282 dicimus,
1556 4230 1624 4273 ecco

331 4336 389 4377 una
412 4316 570 4377 declinatio
586 4325 643 4389 est,
668 4316 796 4379 natando
810 4314 975 4396 loquendo,
992 4316 1153 4378 natandum
1168 4313 1366 4394 loquendum,
1390 4321 1492 4377 uatatu
1513 4314 1623 4375 locutu.

400 4555 416 4607 3
437 4556 544 4622 legendo
559 4584 591 4591 —
607 4560 623 4606 4
642 4556 720 4606 luturl
738 4554 900 4621 participium
919 4572 966 4606 om.
984 4554 1054 4617 AB,
1072 4555 1134 4605 add.
1152 4571 1169 4604 c
1221 4553 1238 4602 8
1257 4552 1412 4605 descendere
1430 4554 1456 4603 B
1473 4552 1623 4603 discendere

332 4628 372 4677 Ga
389 4627 572 4676 ‹tiseornercA
662 4627 694 4677 12
713 4641 769 4675 cum
789 4634 814 4674 et
830 4625 992 4690 participium
1011 4625 1081 4674 Rea
1098 4640 1155 4675 eum
1175 4624 1334 4689 participium
1355 4622 1379 4671 Α
1466 4624 1559 4673 ilites
1576 4640 1622 4675 coi.

333 4696 413 4747 ABG
483 4698 514 4748 17
532 4694 618 4763 qutun]
640 4696 748 4760 quodG
800 4694 953 4761 potestAO
1012 4703 1040 4743 ut
1054 4703 1093 4743 εει
1109 4695 1173 4745 illud
1190 4695 1323 4744 Βθαιιιι
1340 4693 1441 4744 ἰΙΙιιιιΑ
1500 4694 1532 4744 21
1554 4693 1624 4759 frigi·

332 4764 391 4832 dus]
415 4768 492 4831 Verp.
509 4765 588 4816 buret.
610 4771 636 4823 tl,
655 4768 687 4818 71
760 4765 855 4830 paratis
873 4780 942 4816 coru.
961 4766 1040 4828 pratis
1055 4764 1079 4813 Α
1149 4766 1184 4815 22
1202 4765 1330 4830 rumpitur
1345 4780 1363 4812 a
1380 4763 1474 4827 rumpit
1491 4764 1577 4813 ABG

333 4836 394 4900 quid
415 4844 453 4886 est
468 4851 515 4889 orn,
532 4836 566 4903 A,
582 4837 643 4889 cdd.
660 4852 677 4886 c
746 4832 935 4902 assentando]
959 4836 1039 4901 Verp.
1059 4834 1236 4895 enectam
1306 4834 1460 4885 atmodum
1474 4833 1559 4884 ABG
