3350 5442
560 387 631 448 Ans
660 387 687 448 ll
711 390 846 450 18—20
1282 383 1344 448 487

83 505 105 546 p.
120 494 216 535 stesso
230 491 252 532 e.
1163 505 1185 548 p.
1201 491 1320 535 rsassu

53 574 145 642 lices,
168 573 304 650 significo
333 575 498 650 significas,
526 575 660 634 sacrifico
682 576 848 644 sacrificas,
873 575 998 635 laetiiico
1020 573 1176 642 laetificas,
1200 573 1346 653 amplifico

54 675 236 754 aniplilloaS,
266 674 398 734 terrilico
427 677 585 745 territicas;
615 678 751 756 mancipo
788 693 906 756 quoque
933 694 1047 754 auenpo
1079 677 1242 755 participo,
1275 675 1347 735 licet

53 783 185 855 possunt
211 775 286 836 haee
314 779 398 855 quasi
426 796 442 838 a
471 775 641 838 nominibus
669 795 808 857 manceps
837 785 866 838 et
893 794 1002 856 auceps
1028 784 1058 837 et
1080 780 1245 857 particeps,
1268 778 1347 836 sicut

52 878 179 938 vindico
206 877 353 948 vindicas,
382 879 481 939 iudico
509 878 638 948 iudicas,
667 879 766 939 indico
794 879 923 948 indicas,
958 881 1096 959 auspicor
1120 879 1300 959 auspicaris,
1329 897 1345 938 a

25 979 231 1040 snominibus
265 979 371 1040 vindex
406 981 494 1041 iudex
527 980 616 1040 index
650 999 760 1060 auspex
788 983 955 1056 venientia,
984 983 1051 1042 iure
1079 983 1193 1060 primae
1223 977 1236 1060 ll
1268 998 1344 1040 esse.

54 1081 197 1161 idemque
228 1084 318 1142 etiam
345 1082 382 1143 de
412 1081 617 1162 superioribus
645 1082 777 1160 intellegi
800 1089 911 1162 potest,
935 1089 968 1143 ut
989 1102 1006 1143 a
1028 1084 1180 1144 sacrificus
1201 1082 1346 1143 laetificus

54 1184 226 1262 amplificus
258 1185 407 1245 terrificus
440 1182 626 1252 nominibus,
662 1201 737 1263 quae
771 1191 842 1245 sunt
871 1187 903 1246 in
930 1203 1002 1255 usu,
1032 1184 1122 1245 verba
1151 1185 1344 1253 deducantur,

52 1285 165 1364 hisque
198 1285 336 1346 similiter
369 1287 536 1346 excurrisse
572 1286 694 1346 aedilico
727 1293 757 1346 et
789 1288 924 1364 significo
952 1286 1042 1347 verba
1068 1287 1241 1356 videantur,
1275 1286 1347 1346 lieet

54 1393 163 1446 carent
187 1390 346 1467 appositis,
371 1389 407 1449 ad
430 1387 555 1448 aliorum
579 1388 806 1449 similitudinem
828 1391 1001 1468 compositis
1023 1388 1204 1450 nominibus.
1234 1396 1265 1447 et
1279 1405 1346 1448 omn

14 1489 133 1548 assolis
155 1497 253 1549 tamen
274 1488 546 1569 praepositionibus
568 1488 659 1550 verbe
682 1491 857 1569 composita,
886 1493 911 1551 si
934 1493 966 1550 in
989 1493 1202 1571 compositione
1225 1497 1346 1550 careant

54 1594 80 1659 i,
112 1609 202 1670 ‹yuam
232 1591 403 1652 babuerunt
430 1594 461 1652 in
489 1591 696 1671 simplicitate,
724 1599 839 1652 mutant
866 1595 1121 1670 coniugatiooem,
1151 1601 1183 1653 ut
1210 1611 1226 1652 a
1260 1593 1347 1671 capio

53 1693 159 1771 capis,
182 1691 261 1770 quod
284 1702 329 1754 est
350 1695 473 1763 tertiae,
496 1696 609 1772 primae
632 1694 703 1754 liant
725 1695 960 1771 coniugationis,
983 1702 1016 1754 ut
1038 1697 1169 1776 anticipo
1191 1696 1345 1772 anticipas,

53 1812 172 1873 occupo
198 1812 336 1874 occupas
381 1803 414 1855 ut
441 1797 520 1855 enim
548 1814 564 1856 a
593 1793 763 1856 nominibus
791 1794 881 1856 verba
908 1796 1040 1857 derivata
1068 1814 1084 1855 e
1106 1795 1152 1854 rel
1175 1797 1184 1855 i
1207 1794 1346 1856 addentia

55 1915 117 1956 una
141 1895 250 1975 syllaba
272 1899 435 1974 genitivum
463 1899 609 1976 primitivi
632 1896 727 1957 solent
749 1899 884 1967 vincere,
913 1905 947 1958 ut
968 1915 1060 1958 canus
1081 1899 1147 1958 cani
1169 1915 1276 1966 caneo,
1299 1899 1345 1956 in·

16 2013 42 2052 rs
56 2015 151 2058 sanus
177 1999 278 2059 insani
305 2001 435 2068 insanio,
464 2017 530 2059 sors
558 2001 647 2059 sortis
674 2001 797 2068 sortior,
827 2007 857 2059 et
885 2001 1074 2059 econtrario
1096 2017 1114 2059 a
1135 1997 1234 2058 verbis
1256 2000 1288 2058 in
1310 2015 1346 2057 eo

56 2099 104 2160 vel
132 2101 162 2159 in
183 2101 212 2160 io
234 2098 279 2158 vel
303 2101 335 2160 in
357 2119 395 2160 uo
418 2099 625 2162 desinentibus
647 2099 782 2161 traducta
797 2103 926 2170 nomina,
950 2119 1025 2180 quae
1048 2119 1065 2160 e
1087 2100 1133 2161 vel
1155 2102 1166 2160 i
1187 2100 1233 2160 vel
1254 2117 1275 2160 u
1295 2117 1345 2160 vo·

56 2201 139 2262 cales
162 2200 333 2271 excludant,
356 2203 455 2262 minus
477 2219 535 2263 una
557 2200 668 2281 syllaba
690 2203 897 2282 proteruntur,
920 2211 954 2263 ut
975 2220 1062 2262 arceo
1084 2219 1186 2272 arcus,
1208 2202 1346 2281 perfugio

55 2303 201 2382 perfuga,
230 2303 354 2364 advenio
382 2303 509 2372 advena,
535 2303 655 2380 gradior
687 2303 811 2382 gradus,
839 2304 940 2364 tribuo
967 2303 1078 2375 tribus,
1109 2312 1209 2364 metuo
1230 2309 1345 2362 metus:

56 2407 101 2464 sic
125 2405 218 2465 etiam
245 2407 277 2465 in
305 2407 379 2485 ipsis
401 2404 500 2466 verbis
527 2406 601 2466 solet
623 2407 759 2476 evenire,
788 2411 821 2466 ut
843 2408 874 2466 in
896 2408 926 2466 io
947 2404 1039 2467 verbo
1060 2405 1243 2474 desinentia,
1266 2406 1292 2464 si
1314 2406 1346 2464 in

20 2507 275 2586 incompositione
298 2508 308 2566 i
331 2507 497 2576 excludant,
521 2506 659 2570 omnibus
682 2508 776 2568 modis
800 2526 886 2568 unam
916 2510 1080 2570 minuentia
1107 2505 1248 2586 syllabam
1276 2523 1345 2565 con·

58 2611 244 2686 iugationem
267 2627 384 2688 quoque
407 2615 522 2670 mutare
545 2616 704 2686 cogantur,
727 2617 761 2670 ut
782 2610 860 2670 lacio
882 2609 955 2671 iacis
976 2609 1099 2670 aedifico
1121 2607 1274 2676 aedificas,
1297 2625 1344 2666 ca·

57 2712 108 2790 pio
137 2712 220 2790 capis
248 2729 359 2791 occupo
387 2729 529 2790 occupas;
563 2713 639 2772 sicut
666 2730 682 2772 a
710 2713 829 2772 nomine
857 2719 889 2771 et
915 2714 999 2791 capio
1027 2727 1165 2789 nuncupo
1193 2726 1346 2788 nuncupas

57 2814 149 2882 lacit;
173 2812 336 2892 eodemque
359 2813 445 2872 modo
467 2832 483 2872 a
507 2813 589 2889 iugio
611 2809 698 2893 fulgis
727 2814 759 2874 lit
781 2831 888 2873 nomen
911 2812 1070 2873 deductum
1091 2813 1159 2890 luga
1181 2820 1210 2872 et
1233 2829 1269 2870 ex
1290 2809 1345 2870 hoc

58 2916 181 2974 nomine
203 2913 326 2975 verbum
353 2915 423 2992 iugo
450 2915 551 2992 lugas3
578 2931 637 2994 quo
664 2915 751 2975 modo
778 2934 796 2975 a
817 2913 910 2974 verbo
937 2917 1028 2992 iungo
1049 2916 1149 2992 iungis
1170 2931 1278 2973 nomen
1299 2913 1345 2972 iu·

25 3034 48 3075 ss
61 3034 149 3093 gum,
174 3022 204 3076 et
225 3015 262 3076 ab
283 3015 338 3076 boc
357 3013 371 3097 Η
387 3015 511 3077 verbum
534 3019 603 3094 iugo
625 3018 724 3094 iugaS,
748 3025 778 3077 et
800 3016 877 3077 molo
891 3016 991 3086 molis,
1007 3015 1076 3077 inde
1092 3033 1199 3076 nomen
1214 3014 1300 3083 mola,
1316 3021 1347 3073 et

60 3117 97 3178 ab
120 3136 157 3178 eo
181 3117 303 3178 verbum
325 3117 443 3178 immolo
465 3117 609 3179 immolas.
640 3119 719 3178 siout
740 3118 829 3179 sedeo
850 3117 975 3179 verbum
996 3100 1142 3180 secundae
1164 3117 1345 3195 coniugatio·

60 3223 107 3280 nis
129 3227 175 3288 et,
199 3219 277 3298 quod
299 3219 435 3280 eiusdem
457 3228 502 3280 est
525 3221 741 3298 coniugationis
757 3223 968 3301 compositum,
984 3221 1115 3290 insideo,
1139 3220 1218 3280 unde
1238 3237 1346 3279 nomen

60 3321 203 3390 insidiae,
226 3339 262 3380 ex
285 3339 343 3400 quo
366 3320 444 3381 aliud
466 3321 591 3382 verbum
613 3321 739 3383 insidior
760 3324 915 3383 insidiaris
929 3323 1108 3392 traducitur,
1132 3340 1167 3382 ex
1183 3322 1346 3401 praeterito

60 3423 196 3501 perlecto
218 3440 285 3490 suo,
310 3422 387 3502 quod
410 3430 455 3482 est
471 3425 501 3483 in
516 3425 668 3502 primitivo
689 3424 779 3488 sedeo
801 3425 880 3494 sedi,
904 3420 1012 3485 laetum
1027 3424 1199 3504 expulsione
1215 3442 1246 3494 e,
1270 3440 1345 3502 quae

26 3543 50 3582 so
63 3531 129 3584 ante
153 3543 172 3582 o
194 3529 272 3593 erat,
295 3524 496 3603 productaque
519 3525 714 3605 paenrdtima,
743 3526 816 3586 iacit
838 3525 961 3586 verbum
982 3528 1096 3605 primae
1118 3526 1344 3604 coniugationis‚

63 3626 134 3686 sedo
150 3625 236 3685 sedas
252 3623 320 3704 (quo
342 3627 429 3686 modo
444 3629 479 3686 in
491 3627 690 3687 circumllexis
711 3627 788 3706 apud
804 3626 933 3687 Graecos
947 3626 1130 3706 Syracusano
1152 3645 1235 3687 more
1257 3643 1345 3704 saepe

64 3727 147 3789 verbi
170 3729 278 3807 positio
300 3728 450 3788 derivatur
473 3726 509 3788 ab
532 3727 653 3788 alterius
669 3727 751 3788 vorbi
773 3730 936 3807 praeterito
958 3729 1102 3806 perlecto,
1126 3735 1158 3788 ut
1179 3727 1265 3789 ποιῶ
1286 3744 1346 3787 πε-

63 3829 185 3910 ποίηκα
207 3826 389 3908 πεποιήκω,
411 3829 481 3890 νοῶ
503 3825 649 3909 νενόηκα
670 3824 849 3912 νενοήκω);
873 3830 952 3910 quod
974 3837 1073 3910 potest
1094 3832 1183 3891 etiam
1198 3849 1215 3890 a
1229 3837 1346 3909 praete·

131 4019 148 4068 b
168 4024 224 4066 uta
243 4017 361 4066 laetificus
376 4017 505 4066 sscrillcus
523 4015 666 4082 emplilleus
680 4015 805 4067 terrificus
823 4017 968 4066 nominibus
987 4017 1054 4066 But
1072 4015 1194 4067 aedifices
1211 4015 1292 4081 (corr.
1310 4019 1344 4066 ol.

65 4102 94 4135 m.
115 4084 254 4150 laetificus)
271 4087 401 4136 sacrificus
419 4085 561 4152 amplificus
576 4087 697 4136 terrilicus
713 4103 728 4136 a
747 4087 892 4136 nominibus
910 4088 936 4136 P
1016 4088 1032 4136 ‘1
1053 4085 1210 4137 deducantur
1225 4102 1294 4140 corr.
1311 4087 1346 4136 oi.

65 4171 93 4207 m.
111 4165 216 4205 cuntur
234 4157 258 4204 Ρ
279 4154 431 4206 diducuntur
448 4155 473 4206 B
542 4155 559 4206 8
577 4155 618 4206 bis
634 4154 697 4219 (que
714 4157 776 4208 odd.
795 4159 831 4206 at.
850 4157 894 4218 m.)
917 4157 1034 4206 similiter
1051 4158 1193 4206 excurrisse
1210 4158 1289 4206 uerba
1307 4157 1347 4205 ui·

66 4226 154 4275 dentur
170 4223 290 4290 (aedifico
308 4235 332 4275 et
350 4226 465 4291 significo
481 4242 546 4289 quse
563 4225 624 4277 odd.
643 4228 678 4278 at.
696 4225 742 4290 m.)
765 4226 823 4275 ticet
845 4227 1088 4292 careant.bpossitis
1111 4235 1137 4276 et
1159 4224 1242 4290 (corr.
1259 4229 1294 4281 al.
1314 4242 1344 4274 m.

66 4295 223 4362 obpositione
240 4295 284 4358 ad)
303 4294 410 4346 aliorum
434 4296 599 4346 similitudine
623 4298 703 4357 (corr.
722 4299 757 4352 at,
780 4311 811 4344 m.
832 4294 916 4358 nem)
932 4297 1079 4362 compositis
1097 4298 1240 4346 nominibus
1255 4298 1280 4346 P

65 4365 196 4415 videantur
212 4365 293 4415 ΜΒ
337 4365 690 4418 coronamentum
732 4357 868 4433 appositis]
888 4364 1050 4430 positioueB
1092 4365 1126 4416 10
1141 4363 1235 4431 tamen]
1250 4373 1346 4416 tanturn

65 4433 89 4482 B
129 4435 161 4486 17
175 4433 295 4500 profugio
313 4433 517 4500 pmiuguseorr.
537 4435 637 4500 relegio
655 4435 780 4502 relugsB
815 4435 848 4486 19
867 4436 941 4484 etiam
960 4444 984 4485 et
998 4437 1057 4486 inP
1090 4435 1125 4486 22
1143 4432 1219 4501 sieut]
1238 4437 1312 4487 sisB

65 4502 97 4552 23
114 4503 377 4557 laeital.m.add.1³
427 4506 567 4569 eodemque
585 4505 659 4554 modo
678 4503 750 4571 logio
769 4507 791 4554 is
808 4505 925 4554 minuens
943 4520 1019 4554 unam
1037 4503 1161 4570 syllabam
1179 4505 1211 4555 de
1231 4519 1278 4555 suo
1294 4506 1347 4571 pri·

67 4573 151 4624 mitioo
171 4573 198 4623 iit
216 4587 307 4624 nomen
327 4575 462 4624 deductum
481 4573 544 4641 iuge
562 4572 623 4624 iacit
639 4589 671 4624 ex
686 4574 734 4624 boc
749 4576 851 4624 nomine
868 4573 931 4641 logo
947 4583 1002 4625 ast
1069 4583 1155 4626 sante
1171 4575 1245 4640 logio
1262 4590 1309 4627 on.
1323 4575 1349 4624 P

133 4644 195 4710 iuga
213 4643 275 4694 lacit
291 4659 323 4693 ex
338 4643 385 4694 boo
404 4643 463 4709 (hoo
478 4661 524 4695 om.
539 4642 578 4706 B)
597 4644 698 4694 nomine
716 4645 771 4695 BP
856 4645 889 4694 27
908 4655 933 4695 et
950 4645 1019 4710 quod
1035 4644 1149 4695 eiusdem
1166 4654 1206 4695 est
1227 4646 1347 4710 coniuga-

71 4713 124 4762 ione
148 4713 230 4778 (corr.
250 4715 284 4767 al.
302 4731 332 4762 m.
353 4713 415 4772 nis)
441 4725 464 4765 et
489 4715 656 4780 compositum
682 4723 709 4764 ut
733 4714 832 4764 insideo
852 4716 875 4764 Ρ
901 4716 968 4777 quod
988 4715 1101 4766 eiusdem
1117 4722 1155 4765 est
1175 4715 1344 4780 compositum
1437 4735 1455 4756 ν

67 4783 250 4849 moiugstionis
268 4784 366 4834 insideo
384 4785 409 4835 B
477 4784 511 4836 32
529 4784 653 4835 diriustur
670 4793 695 4834 et
714 4785 745 4834 ab
763 4783 868 4835 alterius
887 4785 913 4834 Ρ
979 4795 1007 4836 ut
1024 4799 1091 4836 norw
1107 4800 1215 4836 nsnots.
1236 4798 1277 4834 sex
1298 4799 1345 4836 nx·

67 4853 368 4906 mmmmmP
