3350 5442
293 317 355 384 528
569 409 571 418 ,
806 316 1074 398 [1616116616]

294 506 474 592 6116616661
497 503 674 569 editionem
689 501 896 569 Palaemonis
919 512 952 567 et
966 501 1065 588 Aspri
1086 501 1164 568 libri
1186 503 1266 568 editi
1289 504 1421 568 suntin
1443 503 1591 570 editione

293 605 496 672 Ascensiana
510 605 646 670 Parisiis
669 629 698 670 a.
718 605 799 670 1516
822 616 855 670 et
876 605 910 668 in
924 604 1140 686 Putschiana,
1163 602 1366 670 Palaemonis
1388 607 1422 669 in
1445 607 1593 671 editione
1664 606 1665 661 ἶ

297 708 478 774 Basileensi
500 708 641 790 (61527,
665 707 764 794 Aspri
787 729 845 793 per
861 705 1050 772 Caesarium
1072 707 1205 793 Lipsiae
1227 729 1256 771 a.
1276 707 1355 772 1527
1379 717 1412 772 et
1433 708 1593 791 Friburgi
1664 782 1665 795 ,

298 833 327 874 a.
352 811 433 875 1533
455 800 833 876 6161161616666616
855 809 958 896 primo
981 808 1146 875 volumine
1168 809 1465 893 grammaticorum.

381 912 446 978 Sed
475 933 540 978 non
567 934 638 976 esse
660 910 718 976 hos
745 910 849 977 libros
878 934 899 976 a
921 911 1086 976 veteribus
1107 911 1347 996 grammaticis,
1370 934 1506 998 quorum
1531 935 1592 976 no-

294 1017 383 1080 mina
410 1037 488 1102 prae
516 1037 550 1078 se
578 1012 701 1096 ferunt,
731 1013 888 1099 scriptos,
917 1012 1003 1077 sicut
1031 1011 1109 1078 olim
1136 1013 1296 1078 creditum
1325 1022 1392 1095 est,
1420 1036 1484 1078 non
1505 1025 1592 1099 puto

294 1119 361 1182 iam
382 1117 583 1202 argumentis
608 1113 899 1180 demonstrandum
922 1137 1003 1180 esse.
1032 1137 1072 1179 ac
1093 1138 1134 1180 66
1156 1112 1236 1180 illud
1253 1114 1385 1202 quidem
1399 1115 1466 1180 ullo
1488 1115 1591 1181 modo

296 1217 427 1307 probari
454 1226 578 1306 potest,
608 1217 696 1304 quod
723 1217 764 1281 de
786 1215 981 1282 Palaemone
1009 1239 1044 1280 se
1067 1217 1279 1302 probaturum
1301 1240 1373 1282 esse
1395 1220 1594 1303 promiserat

296 1323 448 1387 Osannus
483 1318 623 1408 symbol.
655 1319 754 1385 litter.
778 1318 811 1382 ll
841 1341 873 1404 p.
901 1319 983 1401 228,
1017 1330 1172 1404 excerpta
1204 1342 1246 1383 ex
1278 1320 1427 1404 genuinis
1460 1318 1593 1385 illorum

296 1423 388 1488 libris
412 1445 432 1487 a
453 1421 690 1488 recentioribus
713 1421 934 1506 grammaticis
956 1418 1093 1485 collecta
1107 1429 1140 1484 et
1154 1421 1255 1485 variis
1277 1421 1510 1486 mutationibus
1535 1423 1592 1486 (16-

298 1535 436 1611 pravata
466 1525 599 1589 nomina
626 1531 774 1589 veterum
803 1532 991 1604 auctorum,
1020 1543 1041 1585 a
1068 1521 1185 1606 quibus
1214 1522 1374 1607 originem
1407 1523 1592 1604 duxissent,

300 1626 452 1692 traxisse.
497 1628 595 1691 immo
617 1633 683 1690 tam
706 1625 838 1692 diversa
860 1633 936 1690 sunt
958 1623 1067 1688 omnia
1088 1623 1130 1688 ab
1159 1624 1200 1688 iis
1222 1645 1305 1710 quae
1326 1625 1424 1689 certis
1447 1628 1593 1690 testimo-

297 1729 360 1793 niis
385 1727 424 1792 de
446 1727 652 1792 Palaemonis
675 1739 707 1794 61
729 1726 829 1813 Α6611
853 1726 1000 1791 (16611166
1021 1726 1144 1791 tradita
1166 1736 1258 1809 sunt,
1286 1735 1323 1790 ut
1351 1750 1414 1792 non
1444 1727 1592 1793 dubitem

298 1830 377 1917 quin
398 1828 488 1894 nulla
509 1829 712 1918 antiquitatis
735 1828 800 1894 lide
822 1830 969 1893 nitantur
983 1829 1116 1894 nomina
1134 1828 1409 1895 nobilissimorum
1431 1853 1593 1914 gramma-

299 1933 438 1998 ticorum
458 1931 509 1995 his
532 1931 625 1998 libris
647 1931 814 2019 inscripta.

385 2032 503 2121 Itaque
530 2042 568 2097 ut
594 2035 737 2122 primum
766 2031 806 2097 de
833 2032 1030 2098 Palaemone
1059 2033 1182 2114 dicam,
1210 2055 1433 2121 quaecumque
1454 2033 1509 2100 vel
1537 2035 1593 2099 ad-

299 2137 420 2223 scripto
443 2135 504 2200 hoc
526 2135 656 2202 nomine
685 2157 705 2198 a
731 2135 953 2220 grammaticis
976 2136 1120 2201 citantur
1142 2135 1196 2200 vel
1222 2135 1438 2222 probabiliter
1459 2137 1503 2202 ad
1524 2139 1595 2201 eius

300 2239 480 2304 doctrinam
509 2248 705 2304 revocantur
733 2238 820 2323 apud
844 2238 1032 2303 Charisium
1057 2237 1251 2304 Diomedem
1278 2237 1489 2303 Consentium
1510 2239 1596 2303 Pho-

301 2363 388 2423 cam,
412 2351 446 2406 et
468 2340 552 2427 siqui
574 2350 745 2425 praeterea
767 2340 881 2404 eodem
902 2349 1034 2404 auctore
1056 2340 1107 2403 usi
1129 2349 1217 2422 sunt,
1240 2361 1350 2404 eorum
1373 2339 1456 2404 nihil
1477 2341 1510 2404 in
1533 2342 1596 2407 hoc

299 2441 384 2507 libro
407 2441 537 2527 legitur.
579 2463 684 2528 neque
712 2463 828 2507 vereor
855 2443 970 2527 nequis
992 2440 1053 2506 hoo
1073 2443 1122 2508 ita
1143 2442 1315 2523 abutatur,
1342 2451 1380 2507 61
1400 2440 1458 2507 1116
1479 2465 1521 2507 ex
1544 2465 1594 2506 re-

300 2541 452 2609 centioris
480 2543 650 2609 cuiusdam
676 2543 882 2609 Palaemonis
911 2551 998 2622 arte,
1027 2542 1068 2608 de
1089 2564 1153 2630 qua
1180 2566 1280 2630 supra
1305 2567 1338 2632 6.
1361 2545 1425 2609 334
1447 2544 1595 2631 (1166616-

221 2711 225 2725 ,
301 2659 370 2711 1616
392 2652 442 2708 661
449 2695 458 2728 ,
482 2655 630 2732 recepta,
654 2645 734 2711 haec
756 2645 797 2710 de
819 2646 938 2733 quibus
960 2668 1047 2709 nunc
1075 2647 1185 2732 agitur
1205 2647 1348 2732 genuina
1368 2645 1509 2710 Remmii
1532 2647 1594 2711 Pa-

299 2747 457 2826 laemonis
480 2759 636 2835 excerpta
657 2770 728 2812 6666
751 2747 850 2812 (11661.
893 2769 969 2811 6616
992 2747 1226 2814 nihilomnino
1249 2748 1283 2812 in
1304 2747 1365 2813 hoc
1387 2746 1471 2814 libro
1493 2749 1594 2836 scrip-

300 2859 369 2914 tum
398 2857 448 2914 est
475 2848 562 2936 quod
589 2871 654 2914 non
681 2849 723 2916 ab
750 2849 791 2913 iis
818 2850 1058 2933 grammaticis,
1087 2872 1223 2936 quorum
1251 2846 1352 2915 libros
1380 2873 1468 2914 nunc
1495 2853 1594 2916 etiam

302 2950 477 3032 habemus,
506 2952 575 3038 peti
596 2953 739 3037 potuerit
764 2950 817 3016 vel
846 2949 956 3036 aliqua
977 2951 1218 3038 probabilitatis
1242 2951 1351 3038 specie
1377 2953 1594 3040 antiquiorem

301 3044 459 3137 originem
482 3054 546 3118 sibi
568 3051 727 3134 vindicet,
756 3052 814 3117 sed
843 3052 951 3118 omnia
971 3054 1006 3116 in
1031 3053 1209 3118 notissimis
1231 3063 1264 3118 et
1285 3055 1429 3118 maxime
1451 3054 1594 3140 vulgari·

302 3155 364 3220 bus
387 3155 675 3240 grammaticorum
696 3155 880 3241 praeceptis
904 3154 945 3218 (16
966 3177 1026 3220 sex
1040 3155 1188 3243 partibus
1204 3156 1378 3238 orationis,
1402 3155 1443 3220 de
1464 3157 1594 3223 nomine

303 3257 493 3344 pronomine
526 3257 627 3323 verbo
661 3258 834 3343 participio
874 3255 1031 3322 adverbio
1059 3258 1314 3344 praepositione,
1343 3258 1593 3343 (coniunctionis

303 3360 389 3424 enirn
412 3370 445 3424 et
465 3359 701 3425 interiectionis
724 3345 886 3445 expositio
909 3358 1031 3424 omissa
1052 3360 1116 3445 661)
1139 3367 1326 3443 versantur,
1350 3382 1453 3447 eaque
1474 3362 1509 3424 in
1531 3363 1595 3426 for-

303 3483 389 3526 mam
422 3461 607 3545 regularum
641 3471 673 3526 61
707 3461 935 3547 quaestionum
968 3462 1047 3525 satis
1080 3460 1291 3546 neglegenter
1323 3461 1459 3527 redacta
1491 3485 1594 3548 666116

303 3574 391 3628 certo
414 3563 528 3629 ordine
550 3561 722 3649 conposita
743 3572 828 3627 6661.
873 3571 906 3626 61
927 3561 1030 3627 616116
1052 3563 1183 3649 quidem
1205 3563 1325 3648 partim
1346 3563 1465 3628 iisdem
1486 3566 1593 3630 verbis
1635 3549 1642 3567 ¹

305 3664 442 3752 scripta,
470 3665 589 3750 partim
616 3665 749 3728 uberius
778 3674 811 3730 ot
844 3664 1028 3729 accuratius
1056 3663 1220 3751 explicata
1246 3663 1398 3750 leguntur
1418 3667 1454 3729 16
1475 3666 1592 3752 regulis

304 3766 493 3852 Augustini.
537 3765 602 3830 alia
635 3765 784 3832 similiter
812 3789 885 3831 eum
914 3767 1071 3841 institutis
1098 3766 1198 3831 Probi
1220 3768 1444 3851 consentiunt,
1467 3791 1510 3833 ex
1532 3792 1591 3855 quo

296 3891 422 3956 genere
438 3877 514 3934 6661
528 3868 625 3950 haec,
649 3891 681 3954 p.
699 3869 781 3933 1369
797 3868 837 3933 (16
853 3870 1084 3956 conparatione
1100 3868 1267 3933 nominum
1288 3869 1386 3936 Prob.
1402 3893 1435 3955 6.
1451 3871 1494 3935 56
1509 3894 1591 3958 sqq,

305 3995 337 4059 6.
363 3973 443 4036 1371.
467 3970 507 4033 (16
530 3969 642 4036 dativo
665 3979 698 4036 et
720 3969 865 4037 ablativo
892 3966 1011 4056 plurali
1038 3980 1171 4058 quartae
1193 3969 1421 4036 declinationis
1444 3973 1541 4038 Prob.
1564 3995 1590 4058 6.
1653 3982 1658 3996 ’

307 4073 438 4159 116;·p.
463 4072 545 4137 1374
567 4070 608 4137 (16
630 4073 814 4138 nominibus
843 4073 877 4136 in
904 4094 939 4136 as
960 4073 1156 4138 exeuntibus
1178 4071 1276 4135 Prob.
1299 4094 1331 4158 p.
1356 4074 1406 4138 79.
1452 4074 1511 4139 hos
1538 4075 1592 4158 igi·

306 4185 359 4240 tur
381 4175 434 4240 vel
455 4174 504 4238 his
528 4173 649 4240 similes
671 4173 857 4260 regularum
880 4176 1054 4261 scriptores
1083 4176 1109 4239 is
1132 4175 1189 4260 661
1210 4173 1291 4238 haec
1313 4176 1447 4261 scripsit
1467 4176 1593 4241 videt-nr

305 4286 436 4342 secutus
463 4299 545 4342 6666.
590 4299 628 4342 66
654 4267 732 4342 ¹nero
762 4298 845 4362 quae
871 4277 942 4365 ipsc
975 4275 1104 4341 addidit
1129 4274 1305 4342 maximam
1331 4288 1461 4363 partem
1487 4281 1592 4364 inepta

307 4390 399 4462 sunt,
422 4388 459 4443 ut
479 4400 511 4465 p.
538 4379 620 4444 1370
648 4378 689 4444 de
718 4378 940 4443 deminutione
968 4379 1149 4461 nominum,
1172 4401 1205 4466 6.
1231 4379 1311 4443 1318
1335 4378 1590 4466 (1661666611ῃί-

306 4482 368 4546 bus
392 4487 426 4547 td
446 4491 478 4547 et
500 4487 586 4560 idem,
610 4489 664 4562 661
685 4492 717 4547 61
739 4487 863 4562 quidam
884 4481 971 4546 idem
993 4481 1263 4567 significantibus.
1287 4503 1350 4568 quo
1373 4490 1521 4570 tempore
1542 4505 1590 4545 66-

308 4723 339 4771 16
358 4736 430 4773 6666.
450 4722 528 4786 VIII,
547 4723 566 4774 1.
587 4724 619 4773 56
642 4725 732 4788 1661611
750 4722 813 4774 liber
830 4724 970 4788 polemonia
988 4725 1020 4773 de
1038 4730 1109 4772 arte:
1132 4723 1169 4772 cf.
1187 4722 1337 4774 Endlicher
1355 4722 1441 4776 catal.
1459 4725 1518 4776 cod.
1537 4725 1590 4789 pln-

307 4805 391 4872 lolog.
410 4805 489 4862 16116,
508 4807 574 4858 bibl.
594 4808 684 4861 Putat.
703 4807 819 4860 Vindob.
839 4824 866 4874 p.
884 4811 942 4872 220,
962 4807 1081 4862 analect.
1100 4823 1212 4874 gramm.
1231 4808 1350 4860 Vindob.
1369 4825 1395 4874 6.
1414 4811 1473 4862 2011.
