3350 5442
575 366 813 430 COMMENTVM
1303 362 1343 425 93

72 556 124 619 bus
146 550 246 617 relata
272 562 349 617 sunt
374 552 477 617 etiam
502 551 537 613 irr
560 550 669 616 Servii
695 549 927 616 commentario
949 547 1109 633 legantur.
1146 545 1246 611 Plinii
1268 570 1345 634 quo-

71 679 124 741 que
146 655 243 719 libros
272 653 365 718 dubii
394 652 569 734 sermonis,
598 675 640 717 ex
667 651 784 739 quibus
811 674 877 717 non
899 622 990 714 nulla
1012 672 1095 735 quae
1117 648 1247 713 aliunde
1269 658 1347 715 nota
1471 646 1473 651 ’
1585 717 1588 729 .

70 780 125 821 non
142 765 216 821 4441
230 755 409 842 Pompeius
430 753 554 836 attulit,
575 755 646 840 ipse
666 752 786 838 legisse
807 752 954 835 videtur,
970 752 1162 838 praesertim
1182 773 1257 814 cum
1278 760 1345 815 tam

69 860 207 944 frequens
240 858 357 921 horum
392 856 552 922 librorum
588 856 743 921 memoria
779 854 878 919 etiam
911 851 999 939 apud
1030 852 1196 918 inferioris
1228 852 1346 917 4414114

68 960 284 1045 grammaticos
318 959 378 1041 sit,
412 967 450 1023 41
483 957 540 1022 diu
577 958 778 1043 superfuisse
816 955 984 1042 adpareat.
1027 953 1201 1039 Pompeius
1239 962 1347 1016 autem

68 1060 195 1124 Plinium
218 1060 414 1125 nominatim
436 1060 552 1123 citavit
575 1060 700 1141 decies,
723 1070 756 1145 pL
781 1058 857 1139 107,
883 1056 943 1122 154
949 1106 962 1138 ,
984 1056 1044 1119 172
1050 1106 1060 1137 ,
1082 1054 1156 1138 202,
1178 1054 1250 1135 221,
1273 1054 1345 1133 237,

67 1164 129 1244 ab,
143 1164 215 1245 310,
230 1162 307 1243 418,
324 1162 398 1227 437.
421 1184 518 1248 porro
541 1182 766 1247 quaecumque
786 1182 829 1224 ex
844 1159 994 1223 Caesaris
1017 1156 1057 1221 de
1079 1156 1231 1240 analogia
1243 1154 1346 1219 libris

66 1288 83 1327 a
109 1264 320 1349 grammatico
352 1263 521 1349 adscripta
553 1271 629 1325 sunt
657 1284 690 1347 p.
712 1262 771 1344 27,
801 1262 878 1343 108,
900 1261 979 1340 230,
1008 1259 1070 1323 233
1097 1257 1221 1339 Plinio,
1251 1278 1346 1344 quern

66 1378 220 1431 auctorem
253 1347 399 1452 appellat
431 1388 463 1450 p.
490 1364 564 1445 107,
600 1364 719 1429 tribuo.
764 1362 904 1427 eundem
937 1372 1102 1427 auctorem
1134 1362 1281 1446 sequitur
1313 1360 1347 1423 in

65 1466 211 1533 Varronis
235 1466 277 1531 de
299 1466 474 1552 generibus
496 1466 662 1530 nominum
685 1465 834 1530 doctrina
856 1444 899 1529 411
924 1463 1016 1529 libris
1039 1462 1079 1527 de
1100 1461 1212 1553 lingua
1233 1459 1346 1541 latina,

65 1580 97 1632 ut
115 1570 245 1655 opinor,
272 1577 405 1654 sumpta
432 1590 465 1653 p.
490 1567 549 1631 143
578 1576 611 1630 41
639 1568 711 1631 154.
755 1588 795 1630 44
822 1577 932 1631 autem
954 1588 1037 1652 quae
1065 1586 1107 1628 ex
1127 1562 1283 1628 Varronis
1306 1561 1348 1623 de
1453 1614 1455 1620 ,

65 1672 247 1756 antiquitate
276 1668 461 1733 litterarum
489 1666 583 1733 libris
613 1668 656 1731 ad
683 1670 814 1733 Attium
842 1669 964 1754 scripta
991 1675 1066 1731 sunt
1094 1690 1126 1752 p.
1150 1666 1169 1729 9
1197 1662 1291 1729 4127
1315 1670 1348 1725 41

65 1773 199 1837 eiusdem
222 1772 422 1837 sententiam
444 1769 485 1834 de
506 1770 638 1833 nomine
659 1769 710 1834 lac
732 1793 763 1857 p.
779 1770 843 1834 233
867 1768 1017 1833 Caesaris
1039 1767 1263 1856 disputationi,
1286 1764 1347 1827 hoc

65 1888 107 1937 est
130 1874 251 1939 1141441
273 1872 400 1955 Plinio,
429 1870 538 1937 debet.
582 1893 684 1958 quare
711 1894 750 1936 44
777 1893 905 1959 444444
924 1892 1014 1957 41144
1036 1869 1077 1935 de
1099 1867 1346 1955 pronominibus

65 1974 219 2062 adscripto
242 1974 405 2039 Varronis
427 1974 558 2040 nomine
580 1972 683 2037 relata
704 1984 781 2039 sunt
802 1997 834 2061 p.
858 1972 1006 2038 239444
1034 1972 1075 2037 ab
1097 1973 1160 2038 hoc
1181 1972 1265 2056 ipso,
1288 1968 1347 2032 sed

64 2075 108 2141 141
128 2100 147 2140 4
166 2076 276 2141 Plinio
298 2075 352 2140 vel
374 2076 416 2140 ab
438 2073 504 2140 4114
526 2076 706 2139 recentiore
729 2074 940 2161 grammatico
963 2076 1066 2161 petita
1088 2094 1160 2137 4444
1182 2070 1346 2136 existima-

64 2179 169 2243 bimus.
207 2178 314 2243 Siunii
337 2176 508 2261 Capitonis
530 2176 649 2242 librum
672 2176 713 2241 de
734 2176 870 2264 syllabis
893 2178 1042 2264 quamvis
1064 2177 1111 2240 114
1132 2174 1348 2261 appellaverit

64 2280 227 2366 Pompeius
251 2303 284 2365 p.
300 2280 359 2359 31,
387 2279 480 2364 quasi
503 2287 573 2342 tum
605 2279 705 2343 etiarn
734 2287 876 2361 extaret,
906 2286 1014 2343 tamen
1041 2276 1156 2341 dubito
1179 2299 1255 2341 num
1276 2277 1347 2361 ipse

66 2382 181 2465 legerit.
227 2380 312 2446 liber
333 2379 374 2443 de
397 2380 567 2467 synzygiis
590 2402 622 2464 p.
644 2380 687 2443 60
712 2378 902 2444 recentioris
925 2378 1095 2443 cuiusdam
1118 2379 1284 2464 scriptoris
1307 2377 1347 2441 de

63 2486 163 2547 441114
186 2474 262 2547 4444
282 2481 430 2561 videtur3
454 2480 530 2546 Iulii
553 2481 667 2546 Severi
688 2480 835 2547 libellum
858 2480 898 2545 de
920 2480 1059 2566 pedibus
1080 2480 1199 2566 respici
1221 2478 1349 2566 putavit

63 2586 281 2670 lleusingems
309 2584 345 2647 in
371 2581 461 2648 Μ411.
490 2582 615 2647 Theod.
643 2606 676 2669 p.
701 2584 751 2647 70.
781 2583 821 2647 de
849 2582 942 2647 libris
971 2582 1012 2647 de
1039 2582 1151 2667 figuris
1178 2606 1208 2667 p.
1231 2581 1294 2645 454
1316 2590 1348 2644 41

64 2710 90 2772 4.
111 2686 174 2750 164
195 2686 306 2751 citatis
328 2684 410 2749 nihil
431 2693 571 2749 constat.
615 2695 741 2750 restant
763 2682 957 2771 Apollonius
980 2707 1012 2770 p.
1036 2684 1088 2765 96,
1112 2685 1292 2770 Astyagius
1314 2706 1344 2767 p.

63 2790 120 2853 :aa
145 2799 179 2852 41
205 2810 240 2875 4.
261 2788 340 2866 259,
371 2787 479 2873 Asper
506 2783 653 2851 Sallustii
681 2789 842 2871 interpres
870 2809 902 2871 p.
930 2785 1010 2868 395,
1039 2785 1191 2849 Melissus
1218 2808 1249 2871 p.
1273 2784 1345 2862 426,

63 2889 199 2954 Lucilius
226 2913 260 2973 p.
282 2889 360 2971 430,
383 2887 519 2952 Verrius
547 2886 685 2953 Flaccus
714 2899 747 2954 et
775 2887 870 2970 Cato,
899 2890 960 2953 hoc
987 2897 1037 2952 441
1059 2886 1145 2954 Cato
1180 2910 1200 2950 a
1227 2885 1343 2949 Verrio

64 2992 173 3057 Flacco
194 2993 331 3071 citatus,
353 3013 386 3076 p.
408 2989 481 3053 449.
504 3013 642 3077 4441414
662 2989 770 3054 nullus
793 2998 859 3071 441,
882 3012 977 3077 quem
998 2994 1067 3075 ipse
1087 2989 1206 3075 legisse
1228 2998 1342 3074 putan-

65 3092 192 3158 144411.

138 3195 331 3281 Pompeium
353 3195 482 3259 natione
503 3194 656 3259 Maurum
677 3195 781 3260 1111444
802 3192 887 3258 vidit
908 3193 1136 3258 Lachmannus
1159 3195 1193 3259 in
1214 3192 1347 3257 Lucrct.

65 3320 90 3381 p.
111 3299 150 3361 28
173 3306 264 3363 44114
289 3296 391 3382 ipsius
417 3296 624 3381 grammatici
650 3296 835 3362 testimonio
864 3319 959 3376 usus,
987 3318 1019 3381 p.
1042 3295 1105 3359 246
1125 3303 1154 3358 si
1184 3307 1346 3373 interropcs

65 3405 136 3463 certi
160 3420 257 3464 causa
286 3403 323 3462 de
354 3402 477 3470 Mauro,
505 3408 560 3461 out
584 3404 662 3476 siqui
686 3419 733 3462 me
759 3405 921 3477 1414114441
947 3404 999 3461 istc
1026 3403 1127 3461 ‘homo
1148 3406 1233 3461 cretas
1254 3399 1344 3470 esti’,

65 3509 191 3567 ‘costros
212 3510 283 3578 441,
299 3505 389 3564 idest
402 3504 540 3565 alacrus.
567 3507 616 3563 1114
638 3506 833 3578 interrogovit
844 3510 976 3578 4441441,
992 3518 1046 3577 epo
1059 3506 1211 3579 respondi.
1234 3500 1346 3565 eodem

65 3605 198 3689 pertinet
225 3603 325 3668 etiam
353 3601 453 3684 illud,
483 3601 568 3687 quod
595 3624 627 3687 p.
650 3602 713 3666 426
741 3603 828 3667 14141
855 3601 935 3666 11114
963 3602 1109 3687 gentium
1142 3604 1346 3689 potissimum

65 3706 212 3771 Afrorum
251 3702 469 3768 labdaoismos
508 3703 637 3769 4414111
672 3702 776 3789 114444
813 3704 1031 3768 Romanorum
1067 3705 1121 3770 vel
1155 3704 1346 3769 Latinorum

66 3828 240 3874 sermonem
268 3806 437 3894 opposuit,
469 3828 664 3892 quamquam
694 3804 735 3869 de
762 3804 877 3871 eodem
898 3808 1004 3891 gentis
1027 3808 1107 3871 vitio
1132 3805 1229 3894 paulo
1252 3808 1346 3872 aliter

66 3908 202 3995 disputat
228 3909 376 3973 Isidorus
403 3909 485 3992 orig.
507 3907 603 3990 131,
629 3906 658 3971 8.
686 3919 857 3993 praeterea
882 3909 917 3971 in
944 3910 1114 3995 provincia
1140 3919 1253 3995 natum
1275 3930 1346 3975 esse

65 4010 218 4076 hominem
250 4010 305 4075 141
336 4010 371 4074 111
401 4009 572 4095 414114414
602 4011 848 4093 grammaticam
881 4020 984 4075 artem
1023 4008 1171 4077 docuisse
1202 4011 1345 4075 indicare

66 4115 211 4180 ridentur
239 4134 279 4177 44
306 4133 390 4198 4444
418 4110 459 4175 de
487 4110 714 4176 charientismo
735 4112 956 4177 Romanorum
978 4114 1100 4199 scripta
1121 4122 1198 4178 sunt
1218 4136 1250 4199 p.
1272 4112 1344 4176 478.

67 4219 172 4281 aetatis
195 4224 309 4280 autem
330 4235 396 4301 qua
415 4213 501 4278 uixit
522 4214 663 4278 certiora
691 4212 814 4278 indicia
834 4237 900 4279 non
922 4226 998 4281 sunt
1019 4237 1116 4301 quam
1138 4213 1226 4278 haec.
1269 4236 1345 4277 nam

68 4318 205 4383 siServii
229 4318 495 4391 commentarium
518 4336 539 4379 a
552 4315 706 4402 Pompeio
728 4326 922 4403 usurpatum
945 4338 1016 4381 4444
1037 4326 1124 4382 14414
1147 4317 1344 4381 demonstra-

68 4421 180 4503 uimus,
210 4420 357 4506 sequitur
383 4427 420 4483 ut
447 4428 522 4503 4441
543 4416 664 4504 4111444
687 4440 788 4483 annos
811 4418 917 4505 quinti
940 4419 1060 4483 saeculi
1082 4420 1216 4501 vixerit,
1239 4440 1344 4505 neque

70 4519 156 4586 alium
183 4522 391 4607 scriptorem,
419 4540 514 4605 quem
541 4519 602 4584 hoc
624 4529 769 4605 tempore
788 4520 974 4586 inferiorem
995 4520 1097 4585 fuisse
1118 4530 1259 4602 constet,
1281 4544 1344 4587 me·

70 4624 207 4688 4414111.
237 4633 352 4688 444114
371 4623 476 4709 144144
492 4621 637 4708 Pompeii
658 4644 723 4686 non
744 4624 875 4688 invenio
897 4623 986 4709 prius
1009 4623 1202 4687 mentionem
1224 4624 1345 4689 factam

70 4745 143 4806 esse,
165 4745 264 4811 quam
287 4723 447 4789 41411444
464 4722 639 4804 Toletano,
662 4723 718 4809 441
734 4724 795 4789 sub
811 4724 908 4788 finem
924 4726 1052 4811 septimi
1067 4723 1188 4791 saeculi
1204 4724 1343 4812 scripsit,

70 4846 97 4911 p.
110 4827 147 4890 62
167 4833 242 4892 dicit
254 4831 421 4912 Pompeias,
438 4833 532 4907 plone
553 4832 630 4891 scire
652 4830 738 4891 debes
760 4833 833 4907 4414
855 4834 907 4907 qui
927 4834 1060 4909 aliquam
1081 4848 1144 4893 rem
1166 4833 1277 4912 definit,
1299 4835 1344 4901 114
