3350 5442
282 322 345 388 276
843 328 997 393 ponent

306 445 328 487 p.
341 433 465 476 401-th

281 515 514 593 praepositiones
535 515 740 576 indifferenter
761 515 925 596 ponebant,
950 535 1030 580 nune
1051 521 1217 581 accusativo
1238 523 1365 591 iunctos,
1389 533 1468 577 nuno
1489 513 1575 576 abla-
1672 508 1673 511 '

281 617 349 676 tivo.
394 625 474 678 aetas
501 619 649 698 posterior
671 617 727 678 lvoc
749 619 900 698 probavit,
927 628 961 680 ut
987 619 1149 681 debeamus
1170 620 1404 682 animadvertere
1425 619 1574 679 rationem

280 717 454 789 verborum,
478 736 552 797 quae
568 718 657 781 verba
673 722 896 799 coniunguntur
910 721 1085 791 elocutioni;
1109 729 1139 782 et
1158 741 1227 783 curn
1243 721 1404 783 viderimus
1424 722 1573 782 rationem

280 819 453 896 verborum,
477 822 519 882 sic
542 821 808 893 considerabimus,
833 831 931 885 utrum
954 826 1147 885 mutationem
1171 821 1301 884 habeant
1321 824 1385 903 ipsa
1407 821 1510 890 verba,
1532 837 1572 881 an

280 925 529 1000 permansionem.
576 923 683 984 deinde
711 927 737 986 si
764 925 873 986 videris
895 924 985 988 verba
1007 926 1174 1004 significare
1196 926 1407 994 mutationem,
1430 932 1501 984 tone
1522 939 1601 985 ac·s

280 1026 409 1086 cusativo
437 1029 551 1095 otaris;
579 1027 605 1086 si
631 1029 886 1105 permansionem,
916 1035 988 1088 tuno
1016 1026 1153 1090 ablativo.
1198 1035 1231 1088 ut
1257 1035 1327 1107 puta
1355 1043 1414 1104 quo
1436 1025 1525 1086 modo
1547 1025 1575 1084 si

280 1126 361 1188 dicas
388 1145 480 1207 pergo
508 1128 682 1207 proficiscor
704 1128 777 1189 vado
800 1147 851 1198 eo,
881 1131 979 1190 omnia
1006 1131 1061 1190 ista
1083 1130 1273 1191 mutationem
1297 1129 1477 1206 significant.
1522 1127 1576 1204 qui

280 1229 351 1289 dicit
373 1231 512 1308 ‘pergo',
543 1249 602 1291 non
624 1249 656 1292 se
685 1229 814 1292 ostendit
836 1233 867 1292 in
890 1249 949 1291 uno
970 1230 1037 1291 loco
1059 1238 1156 1300 stare;
1180 1232 1231 1310 qui
1254 1230 1326 1290 dicit
1348 1230 1574 1309 ‘proficiscor’,

280 1330 408 1392 ostendit
429 1351 461 1392 se
489 1333 520 1391 in
548 1330 674 1393 alterum
696 1331 794 1393 locum
817 1335 959 1402 transire;
991 1334 1042 1412 qui
1064 1332 1137 1394 dicit
1157 1331 1246 1401 vado,
1270 1333 1301 1392 in
1324 1330 1449 1392 alterum
1473 1329 1574 1391 locum

279 1434 406 1493 transire
428 1452 461 1494 se
483 1433 679 1504 demonstrat;
708 1436 757 1514 aqui
780 1434 852 1495 dicit
874 1454 924 1505 eo,
953 1434 1099 1495 similiter.
1144 1453 1216 1513 ergo
1238 1435 1378 1513 quoniam
1402 1436 1459 1494 ista
1480 1431 1574 1492 verba
1588 1451 1613 1490 ro

279 1537 377 1594 omnia
400 1537 593 1596 mutationem
616 1537 795 1615 significant,
824 1536 853 1596 id
877 1556 909 1599 es
949 1544 1046 1597 actum
1069 1535 1217 1614 quendam
1243 1535 1246 1614 l
1270 1535 1383 1597 babent
1405 1543 1435 1596 et
1457 1541 1574 1594 motum

279 1637 548 1715 quendam,'scire
576 1637 719 1698 debemus
747 1637 841 1717 quod,
870 1640 1135 1717 quotienscumque
1162 1637 1235 1698 baec
1262 1636 1351 1698 verba
1379 1637 1519 1716 ponimus
1539 1636 1573 1694 in

279 1738 460 1810 elocutione,
486 1737 575 1820 [scire
592 1739 682 1800 debes
698 1739 791 1820 quod]
808 1738 876 1800 illae
891 1731 1127 1820 praepositiones
1142 1741 1310 1800 accusativo
1332 1742 1507 1818 iunguntur.
1537 1746 1575 1798 ut

278 1851 347 1920 puta
369 1860 404 1902 eo
427 1843 457 1902 in
480 1843 594 1912 lorum,
624 1860 660 1902 eo
688 1843 718 1902 in
747 1840 914 1911 basilicam,
943 1860 1036 1921 pergo
1062 1841 1118 1903 sub
1146 1840 1310 1912 basilicam,
1338 1841 1512 1920 proficiscor
1540 1841 1573 1900 in

278 1941 391 2013 villam,
414 1945 588 2022 proliciscor
609 1945 639 2004 in
662 1945 776 2012 lorum,
800 1944 971 2022 proficiscor
988 1943 1044 2005 sub
1058 1945 1167 2014 lorum,
1191 1941 1266 2004 abeo
1287 1944 1319 2003 in
1340 1942 1472 2012 domurn,
1495 1941 1573 2001 abeo
1586 1960 1612 2000 aa

277 2043 307 2104 in
331 2043 438 2106 villam.
483 2063 555 2124 ergo
584 2045 702 2123 quando
729 2046 771 2105 vis
794 2044 951 2122 diligenter
974 2054 1005 2105 et
1030 2044 1245 2106 rationabiliter
1267 2046 1309 2105 uti
1330 2046 1395 2105 istis
1416 2044 1573 2123 praeposi·

276 2146 423 2217 tionibus,
454 2155 587 2209 naturam
618 2146 776 2208 verborum
807 2149 936 2226 primum
966 2146 1138 2216 considera,
1162 2149 1238 2208 etsi
1260 2145 1497 2207 consideraveris
1518 2163 1573 2204 na·

276 2255 372 2310 turam
406 2249 564 2311 verborum
599 2258 630 2310 et
656 2247 765 2310 videris
794 2265 861 2309 esse
887 2247 1007 2310 mobilia
1036 2256 1065 2309 et
1091 2248 1204 2310 babere
1231 2249 1387 2310 transitum
1410 2246 1571 2328 quendam,

276 2351 354 2410 scire
377 2351 468 2412 debes
490 2349 569 2431 quod
593 2351 758 2412 accusativo
780 2353 926 2420 serviunt;
950 2352 997 2412 sin
1019 2349 1113 2420 aliter,
1137 2349 1273 2414 ablativo.
1319 2357 1352 2410 ut
1372 2351 1398 2410 si
1420 2349 1502 2410 dieas
1522 2357 1572 2408 sto

276 2451 364 2514 sedeo
392 2469 512 2523 maneo,
542 2455 640 2513 omnia
667 2454 721 2514 ista
749 2455 954 2530 permanentis
981 2452 1093 2515 babent
1118 2454 1375 2531 significationem.
1420 2451 1472 2530 qui
1499 2449 1616 2511 dicitas

276 2561 336 2625 sto,
360 2573 420 2615 non
443 2555 599 2616 transitum
622 2554 705 2623 lacit,
728 2554 779 2615 sed
803 2556 834 2614 in
857 2555 922 2615 loco
939 2562 999 2625 est;
1023 2557 1074 2635 qui
1095 2554 1166 2615 dicit
1186 2572 1306 2624 maneo,
1330 2571 1390 2614 non
1412 2555 1572 2613 transibam

276 2655 358 2726 lacit,
382 2656 432 2717 sed
456 2659 486 2719 in
509 2656 575 2717 loco
599 2664 656 2725 est;
680 2657 731 2734 qui
754 2655 824 2717 dicit
845 2655 949 2726 sedeo,
974 2657 1118 2718 similiter.
1150 2674 1222 2735 ergo
1244 2654 1391 2716 debemus
1405 2653 1508 2714 dicere
1521 2660 1572 2714 sto

275 2757 305 2816 in
328 2758 407 2827 loro,
437 2769 482 2820 sto
505 2761 535 2819 in
559 2757 693 2828 basilica,
723 2758 813 2819 sedeo
835 2758 890 2819 sub
913 2759 993 2828 loro,
1024 2758 1114 2820 sedeo
1136 2757 1193 2819 sub
1215 2756 1345 2818 basilica.
1391 2757 1490 2817 omnia
1511 2757 1571 2816 ista

275 2860 314 2918 ita
336 2878 368 2920 se
390 2859 514 2930 babent,
537 2868 586 2930 ut,
610 2859 728 2939 quando
750 2860 839 2921 verba
861 2860 1056 2921 mutationem
1078 2861 1260 2939 significant,
1282 2858 1351 2921 illae
1372 2859 1571 2938 praepositio·

276 2980 329 3020 nes
352 2963 525 3022 accusativis
546 2963 720 3040 iungantur,
750 2961 868 3042 quando
890 2964 1144 3042 permansionem,
1167 2960 1234 3022 illae
1256 2961 1493 3040 praepositiones
1514 2960 1570 3021 ab·
1584 2983 1617 3020 aa

275 3061 369 3122 lativis
396 3065 564 3141 iungantur.
608 3063 665 3123 boc
694 3062 808 3124 scilicet
835 3064 872 3124 de
900 3061 1014 3125 duabus
1035 3065 1118 3134 istis,
1147 3065 1178 3123 in
1206 3070 1236 3123 et
1262 3061 1333 3132 sub,
1371 3061 1451 3142 quod
1478 3061 1570 3122 bodie

275 3165 441 3243 sequimur,
465 3165 522 3225 boo
544 3164 622 3225 dixi:
644 3165 733 3226 bodie
756 3165 831 3227 duae
854 3174 923 3227 sunt
942 3166 1178 3245 praepositiones
1193 3183 1268 3244 quae
1289 3167 1321 3228 in
1343 3164 1570 3243 ambiguitatem

275 3267 410 3337 veniunt,
438 3269 469 3328 in
498 3274 527 3326 et
554 3266 623 3335 sub:
653 3275 682 3330 et
710 3285 766 3346 qua
794 3277 858 3330 arte
886 3275 1043 3347 regantur,
1066 3266 1137 3328 dixi.
1161 3265 1165 3346 1
1189 3284 1279 3346 ευμεν
1301 3275 1331 3327 et
1353 3265 1456 3328 subter
1477 3265 1570 3326 bodie

275 3370 457 3430 accusativae
484 3377 561 3430 sunt.
606 3387 666 3430 non
694 3370 749 3430 tibi
776 3369 857 3440 dico,
884 3373 970 3430 istam
997 3370 1022 3428 si
1049 3371 1090 3430 ita
1118 3371 1267 3449 proleras,
1298 3369 1457 3430 accusativi
1478 3375 1525 3429 est
1548 3389 1568 3420 ι

274 3470 377 3531 subter
398 3469 446 3530 illa
470 3489 540 3532 vero
563 3469 696 3541 ablativi;
720 3489 781 3533 non
804 3471 858 3532 tibi
881 3472 948 3534 dico
970 3471 1050 3532 illam
1066 3489 1166 3550 super,
1189 3473 1417 3549 ‘superterram
1433 3469 1616 3532 ambulo’ao

274 3582 303 3632 ει
325 3576 383 3632 ‘sto
405 3590 495 3650 super
516 3576 623 3641 terra',
648 3583 718 3652 puta
740 3581 787 3644 ut,
811 3573 928 3654 quando
944 3575 1206 3634 commutationem
1221 3573 1376 3650 signifieat,
1400 3573 1569 3632 accusativo

274 3675 354 3735 dicas
381 3675 481 3743 istam,
511 3683 562 3735 aut
593 3674 710 3754 quando
733 3679 991 3756 permansionem,
1019 3673 1144 3736 ablativo
1166 3675 1247 3736 dieas
1268 3673 1359 3735 illam.
1404 3675 1568 3742 nonlicet,

274 3778 325 3838 sed
349 3779 409 3836 sive
432 3795 491 3852 eae,
515 3777 575 3836 sive
597 3794 787 3855 permaneas,
810 3777 879 3838 illae
901 3778 1137 3858 praepositiones
1158 3778 1332 3838 accusativis
1352 3774 1473 3836 casibus
1494 3794 1567 3836 con-

271 3882 443 3957 iunguntur.
489 3895 560 3955 ergo
587 3878 618 3938 in
648 3886 677 3938 et
709 3879 764 3940 sub
797 3880 962 3942 secondum
989 3878 1069 3940 illam
1097 3879 1243 3940 rationem
1271 3895 1360 3956 quam
1392 3877 1454 3938 dixi
1485 3896 1568 3939 nune

344 4119 355 4167 l
376 4119 475 4166 iunctas
494 4133 540 4170 ona.
560 4116 644 4167 ABG
725 4119 741 4168 2
759 4119 880 4184 probauit
897 4117 968 4169 Act
988 4119 1121 4182 usurpauit
1139 4117 1165 4168 B
1248 4119 1264 4167 4
1285 4129 1318 4164 an
1335 4116 1380 4176 (an
1399 4117 1421 4165 si
1440 4118 1466 4166 A
1484 4131 1516 4166 an
1536 4117 1566 4182 a)

273 4189 476 4254 pervnansionem
496 4188 518 4237 ei
536 4188 741 4252 permansionem
759 4197 818 4238 tunc
831 4188 941 4237 ablatiuo
960 4187 1055 4238 deinde
1072 4189 1093 4236 si
1111 4188 1207 4238 uideris
1225 4187 1304 4236 uerba
1322 4185 1469 4251 siguificare
1485 4198 1566 4236 muta·

224 4273 228 4280 ·
272 4261 367 4308 tionem
381 4267 442 4308 tuno
460 4257 608 4308 accusation
626 4257 787 4324 (significare
805 4258 1011 4323 permansionem
1029 4267 1089 4306 tune
1107 4257 1220 4306 ablatiuo
1238 4256 1299 4306 add.
1317 4254 1357 4318 A)
1373 4265 1401 4304 ut
1418 4267 1480 4320 puta
1493 4257 1567 4307 ABG

342 4329 374 4380 li
388 4329 411 4379 ai
428 4345 474 4380 om.
489 4326 554 4389 AC,
571 4328 633 4382 add,
648 4344 686 4379 ae
758 4327 790 4378 18
807 4339 831 4376 et
849 4327 929 4376 babes
947 4337 973 4376 et
990 4329 1124 4377 tmnaitum
1140 4325 1228 4377 nea*
1246 4335 1271 4374 et
1289 4323 1367 4375 babes
1386 4327 1522 4376 bausitum
1541 4327 1565 4375 A

340 4398 375 4448 28
392 4401 499 4448 ueniunt
518 4407 542 4446 et
562 4399 588 4448 in
604 4407 629 4448 et
648 4399 695 4447 sub
713 4396 796 4446 ABG
878 4407 903 4446 et
917 4412 967 4459 qna
987 4405 1041 4446 arte
1058 4413 1076 4446 a
1094 4405 1119 4446 et
1135 4405 1224 4458 quarte
1240 4395 1266 4443 A
1284 4403 1308 4444 et
1328 4410 1378 4456 qua
1394 4397 1496 4446 ratione
1514 4394 1567 4445 BC

341 4467 524 4532 29‘praelerns
543 4483 612 4520 eurr.
637 4464 793 4533 prolerasO
877 4469 991 4516 lacunam
1013 4467 1134 4525 indicavi,
1157 4481 1209 4531 qua
1231 4468 1346 4527 exempla
1368 4468 1567 4527 praepositionis

273 4537 360 4587 subter
376 4543 416 4590 eet
432 4541 575 4591 accusativo
589 4540 629 4589 vel
645 4538 753 4587 ablativo
768 4538 877 4597 iunctae,
897 4539 982 4602 qualia
1000 4536 1033 4586 de
1048 4538 1237 4600 praepositione
1254 4549 1332 4600 super
1348 4535 1483 4598 adscripta
1499 4544 1566 4598 me,

272 4608 401 4658 excidisse
418 4611 534 4660 ridentur
603 4609 637 4660 30
656 4609 698 4656 illo
715 4621 775 4656 nero
790 4608 929 4656 accusarint
948 4606 1032 4657 ABG
1047 4607 1153 4656 ablatiui
1170 4607 1198 4656 in
1214 4619 1325 4670 scarpo
1395 4606 1466 4655 illam
1487 4621 1567 4671 super

272 4687 365 4727 terram
381 4679 406 4728 B
476 4679 576 4728 anibula
595 4677 652 4728 AB
712 4675 754 4728 ’31
774 4684 813 4725 ato
831 4677 1098 4741 superterrasBsto
1116 4677 1299 4726 subterrenas
1313 4674 1338 4722 A
1356 4685 1396 4724 sto
1415 4677 1465 4726 sub
1484 4687 1566 4725 terras

272 4745 293 4795 C
345 4757 407 4812 puta
425 4757 451 4797 vrt
463 4749 518 4808 (aut
530 4747 601 4810 ΑΒ)
618 4747 719 4796 ambula
736 4747 855 4810 quoniam
873 4747 1004 4810 (quoniam
1022 4763 1069 4801 om.
1084 4747 1119 4811 A,
1131 4746 1194 4797 edd.
1209 4746 1239 4810 a)
1253 4745 1475 4796 commutationem
1493 4746 1568 4796 Aac

341 4819 375 4868 3⁹2
393 4829 436 4867 aut
455 4819 573 4880 quoniam
587 4819 791 4884 permansionem
810 4817 897 4867 ABG
