3350 5442
324 381 388 447 550
895 385 1033 468 [ASPlll]
1064 385 1067 388 ’
1129 419 1134 428 ·

351 503 371 542 p.
389 491 488 531 [ild—80
503 491 524 530 Ρ.
1056 485 1060 492 ’
1431 507 1454 548 ρ.
1466 494 1510 534 ³11.
1525 494 1586 534 tat.
1664 500 1665 549 l

325 568 440 630 dnobus
461 569 636 646 generibus,
660 579 691 631 ut
715 571 763 631 hic
785 579 815 630 et
837 571 909 631 haee
930 573 1031 641 tortis,
1055 580 1104 632 aut
1126 555 1235 641 tritius,
1259 584 1292 633 ut
1307 573 1356 633 lric
1371 580 1402 633 et
1415 573 1490 633 haee
1511 582 1540 633 et
1555 573 1608 632 hoc
1664 614 1665 629 ,

324 654 460 731 elegans,
484 657 701 733 promiscuum,
725 657 756 716 in
779 674 837 736 quo
860 663 910 717 aut
930 655 1092 717 masculina
1114 665 1184 718 sunt
1205 676 1337 737 semper,
1365 667 1398 719 ut
1420 676 1524 718 corvus
1546 667 1607 718 tur·

325 738 394 808 dus,
417 745 468 799 aut
490 757 608 819 semper
629 741 786 810 lemiuina,
809 746 843 800 ut
864 741 962 820 aquila
989 743 1103 801 cornix.
1147 745 1264 802 numeri
1287 743 1425 804 accidunt
1447 741 1518 812 duo,
1547 745 1607 802 sin·

324 823 451 900 gularis,
476 831 508 884 ut
529 825 578 884 hic
594 826 678 894 Cato,
702 825 842 903 pluralis,
865 835 899 885 nt
919 825 952 886 hi
967 827 1107 894 Catones,
1125 823 1139 908 ll
1162 831 1341 898 communis,
1364 836 1398 888 nt
1419 829 1484 888 dies
1503 825 1606 889 nubes.

323 916 392 969 suut
414 908 558 987 quaedam
581 911 701 970 nomina
723 929 842 989 semper
862 911 1038 988 singularia,
1062 918 1094 970 ut
1108 929 1214 972 aurum
1229 912 1343 982 oleum,
1366 913 1510 992 quaedam
1531 929 1628 972 sem-s

324 1011 378 1072 ρει·
400 993 540 1072 pluralia,
563 1001 598 1056 ut
617 994 734 1056 Puteoli
751 994 933 1064 Saturnalia;
956 996 1012 1056 alia
1034 996 1126 1056 torma
1149 997 1326 1074 singularia,
1350 998 1402 1057 sed
1424 999 1453 1057 vi
1474 997 1606 1076 pluralia,

325 1085 357 1138 ut
377 1079 504 1157 populus
526 1081 692 1149 exereitus,
716 1086 766 1140 aut
788 1088 891 1141 contra
912 1081 1006 1140 lorma
1020 1080 1162 1159 pluralia,
1186 1082 1238 1141 sed
1254 1084 1282 1141 vi
1297 1082 1473 1160 singularia,
1496 1090 1527 1142 ut
1542 1083 1607 1141 idus

324 1181 428 1223 nouae.
473 1164 567 1242 ligura
595 1167 747 1224 nominum
770 1165 879 1244 duplex
900 1173 959 1225 est:
988 1172 1039 1225 aut
1060 1167 1140 1224 enim
1161 1166 1309 1245 simplicia
1329 1175 1399 1227 sunt
1420 1169 1553 1234 nomina,
1576 1175 1607 1225 ιιι

323 1247 449 1328 probus,
473 1256 523 1308 aut
545 1251 721 1328 composita,
746 1256 779 1309 ut
800 1249 964 1329 improbus.
1009 1257 1226 1328 componuntur
1253 1261 1352 1312 autem
1374 1253 1492 1313 nomina
1512 1252 1607 1311 modis

323 1341 465 1412 quatuor:
489 1341 539 1394 aut
561 1337 641 1395 enim
663 1337 779 1412 integra
801 1337 951 1414 corruptis
968 1337 971 1415 l
988 1336 1166 1413 iunguntur,
1189 1343 1222 1396 ut
1236 1337 1383 1406 insulsus,
1406 1344 1457 1396 aut
1470 1347 1605 1415 corrupta
1618 1357 1637 1390 u

322 1420 486 1497 corruptis,
510 1426 542 1479 ut
564 1422 709 1496 armiger,
733 1427 784 1480 aut
805 1421 921 1498 integra
943 1421 1083 1498 integris,
1106 1427 1139 1480 ut
1160 1422 1307 1499 inpotens,
1330 1430 1381 1481 aut
1401 1429 1540 1500 corrupta
1563 1425 1605 1480 in·

323 1505 431 1581 tegris,
467 1509 500 1563 ut
532 1507 725 1583 armipotens
770 1523 856 1566 casus
883 1505 1035 1565 nominum
1064 1512 1134 1564 sunt
1159 1523 1227 1575 sex,
1255 1508 1469 1574 nominativus,
1496 1514 1529 1566 ut
1560 1507 1606 1564 liic

323 1589 408 1657 Cato,
432 1590 595 1665 genitium,
624 1596 658 1648 ut
683 1589 773 1650 huius
799 1591 933 1658 Catonis,
962 1589 1091 1659 dativus,
1121 1598 1154 1649 ut
1181 1590 1251 1650 huie
1272 1591 1392 1658 Catoni,
1414 1593 1605 1657 aecusativus,

281 1715 284 1721 -
322 1680 355 1734 nt
387 1673 466 1734 hunc
494 1674 649 1742 Catonem,
678 1676 844 1743 vocativus,
872 1683 905 1735 ut
933 1693 951 1734 o
978 1675 1064 1743 Cato,
1094 1673 1256 1744 ablativus,
1285 1685 1318 1735 ut
1345 1675 1384 1736 ab
1410 1675 1467 1734 troc
1488 1675 1605 1736 Catone

324 1757 435 1818 addunt
451 1765 481 1818 et
495 1761 654 1838 septimum
669 1777 784 1828 casum,
809 1759 899 1820 veluti
914 1776 981 1819 cum
997 1760 1126 1819 dicimus
1140 1777 1195 1820 nos
1216 1765 1316 1820 ‘terra
1330 1760 1377 1821 vel
1391 1763 1467 1820 mari
1482 1763 1606 1826 vectos',
1621 1777 1638 1811 r.

323 1845 374 1923 qui
404 1845 534 1922 speciem
564 1843 684 1904 ablativi
714 1843 817 1913 habet,
847 1861 902 1904 nec
929 1851 1028 1904 tanmn
1057 1855 1112 1905 est.
1156 1847 1221 1924 ipse
1249 1848 1329 1906 enim
1357 1846 1536 1925 aliquotiens
1557 1863 1608 1924 per

324 1930 523 1990 accusativum
544 1928 688 2008 liquidius
709 1930 891 2008 explicatur,
914 1947 973 1989 non
996 1931 1099 2008 utique
1122 1932 1221 1989 ‘terra
1242 1930 1289 1990 vel
1310 1933 1388 1990 mari
1410 1935 1536 1998 vectos’,
1559 1929 1607 1990 sed

323 2014 393 2090 ‘per
415 2021 527 2074 terram
548 2013 594 2072 vel
617 2031 698 2074 mare
721 2016 851 2074 vectos’,
886 2032 923 2074 ex
944 2013 1000 2073 hoo
1022 2032 1111 2074 seusu
1133 2023 1179 2075 est
1200 2014 1456 2076 ‘multum-ille
1478 2023 1515 2074 et
1536 2021 1607 2075 ter·

322 2099 377 2158 ris
398 2099 562 2158 iactatus
589 2104 624 2159 et
652 2099 755 2159 alto’.
800 2106 869 2159 sunt
895 2097 1039 2178 quaedam
1066 2101 1186 2160 uomina
1213 2118 1288 2179 quae
1315 2118 1375 2160 non
1396 2100 1557 2160 flectuntur
1578 2102 1606 2160 iu

323 2183 420 2243 varios
443 2201 529 2244 casus
551 2183 711 2254 declinata,
735 2183 787 2244 sed
810 2203 869 2244 una
890 2183 1087 2263 appellatione
1108 2202 1162 2263 per
1189 2203 1293 2245 omues
1320 2185 1461 2246 articulos
1481 2185 1638 2245 enemo-s·

323 2275 387 2336 tur,
410 2274 443 2327 ut
464 2268 544 2345 lrugi
567 2287 710 2347 nequam,
733 2287 809 2347 qnae
832 2268 939 2329 Graeci
960 2276 1131 2347 monoptota
1153 2269 1314 2348 appellant.
1358 2277 1428 2330 sunt
1454 2289 1530 2349 quae
1558 2271 1606 2329 de-

323 2351 513 2413 clinationem
536 2355 656 2413 omnino
678 2355 710 2412 in
724 2353 868 2432 quosdam
891 2371 978 2414 casus
998 2372 1057 2414 non
1079 2355 1244 2432 recipiunt,
1269 2362 1301 2414 ut
1322 2355 1367 2415 las
1389 2355 1473 2414 netas
1494 2362 1606 2416 tautum

322 2455 378 2516 per
400 2439 614 2498 nominativum
636 2445 665 2498 et
688 2448 792 2517 sponte
816 2446 931 2499 tantum
953 2456 1007 2517 per
1028 2437 1188 2498 ablativum
1209 2441 1240 2498 in
1262 2457 1319 2501 usu
1340 2438 1497 2500 habentur.

815 2607 865 2669 DE
886 2606 1109 2671 ruouorssun

406 2725 572 2788 Pronomen
605 2735 649 2787 est
682 2745 750 2806 pars
784 2729 927 2789 orationis
956 2745 1032 2807 quae
1061 2726 1140 2786 idem
1167 2727 1245 2806 quod
1273 2745 1395 2798 nomen,
1430 2729 1481 2789 sed
1510 2732 1639 2790 miricas

322 2812 409 2891 plene
434 2809 446 2890 tl
471 2812 628 2890 signiticat.
672 2815 840 2891 pronomini
864 2813 1003 2873 accidunt
1024 2811 1151 2891 qualitas
1178 2814 1356 2889 significatio
1385 2816 1494 2892 positio
1515 2833 1607 2892 genus

322 2915 464 2956 numerus
493 2898 565 2958 ordo
592 2898 687 2974 ligura
715 2916 841 2976 persona
863 2916 959 2958 casus.
1002 2896 1129 2977 qualitas
1150 2905 1210 2966 est,
1239 2899 1309 2977 quia
1331 2907 1399 2958 sunt
1420 2907 1472 2958 aut
1492 2901 1606 2960 infinita

321 2983 510 3062 pronomina,
535 2990 568 3042 ut
589 2985 670 3061 quis,
694 2990 744 3042 aut
765 2983 863 3052 linita,
888 2990 919 3043 ut
941 2985 1015 3061 ipse.
1059 2982 1238 3058 significatio
1259 2985 1467 3062 pronominum
1488 2986 1521 3044 in
1542 2994 1607 3045 octo

322 3074 420 3148 partes
443 3066 536 3128 divisa
559 3075 620 3127 est:
644 3074 694 3127 aut
716 3071 796 3128 enim
818 3085 978 3146 personam
1001 3068 1181 3144 significant,
1206 3074 1238 3126 ut
1257 3070 1325 3146 quis
1346 3087 1437 3148 quae,
1461 3077 1513 3130 aut
1532 3088 1604 3133 rem,

322 3158 354 3211 ut
374 3151 431 3211 hoe
452 3151 548 3222 istud,
577 3161 628 3212 aut
653 3159 785 3229 gentem,
814 3161 848 3214 nt
868 3153 951 3212 cuias
977 3161 1110 3220 nostrae,
1138 3159 1190 3212 aut
1211 3171 1382 3221 numerum,
1405 3161 1439 3213 ut
1459 3161 1532 3233 quot
1553 3162 1636 3221 tots

322 3243 371 3297 aut
394 3236 543 3306 ordinem,
571 3244 604 3298 ut
625 3246 733 3315 quotus
754 3245 848 3307 totus,
877 3246 928 3298 aut
949 3237 1136 3316 qualitatem,
1166 3243 1199 3297 ut
1219 3239 1316 3316 qualis
1336 3238 1418 3307 talis,
1442 3246 1493 3298 aut
1515 3259 1605 3319 quan·

320 3324 450 3390 titatem,
475 3328 506 3381 ut
527 3329 654 3401 quantus
676 3329 789 3392 tantus,
813 3329 864 3383 aut
886 3322 922 3383 ad
945 3322 1073 3401 aliquid;
1096 3339 1223 3402 quorum
1244 3323 1388 3402 quaedam
1409 3331 1461 3383 aut
1482 3331 1604 3404 utraque

320 3407 482 3484 singularia
504 3415 586 3476 suut,
610 3414 643 3466 ut
664 3425 747 3468 mous
769 3417 854 3476 tuus,
878 3415 929 3468 aut
950 3415 1075 3487 utraque
1098 3407 1238 3486 pluralia,
1261 3415 1294 3468 ut
1316 3409 1410 3468 nostri
1432 3411 1534 3478 vestri,
1557 3417 1605 3469 aut

320 3495 508 3553 extrinsecus
530 3492 706 3568 singularia,
731 3502 763 3554 ut
784 3501 886 3554 noster
907 3500 1019 3562 vester,
1048 3500 1101 3552 aut
1122 3494 1302 3553 intrinsecus
1323 3491 1463 3572 pluralia,
1492 3502 1528 3553 ut
1548 3496 1603 3554 mei

221 3639 229 3658 ,
321 3579 374 3636 tui.
418 3579 526 3657 positio
555 3584 613 3646 est,
642 3596 699 3657 qua
722 3586 887 3656 spectatur,
915 3586 1016 3638 utrum
1043 3580 1256 3655 interrogativa
1277 3580 1338 3638 sint
1358 3581 1552 3657 pronomina,
1575 3588 1634 3638 uto

320 3665 388 3742 quis
409 3669 496 3732 uter,
520 3668 571 3722 aut
592 3665 780 3741 responsiva,
802 3671 836 3724 ut
856 3663 906 3723 hio
928 3665 999 3732 istc,
1023 3671 1075 3723 aut
1096 3664 1294 3740 segregativa,
1318 3669 1350 3723 ut
1368 3665 1505 3743 quisquis
1526 3672 1602 3724 uter·

320 3765 393 3827 que,
428 3755 478 3809 aut
504 3749 664 3827 privativa,
697 3755 729 3807 ut
761 3749 867 3829 nequis
898 3758 1004 3809 neuter
1031 3766 1119 3810 nemo
1145 3747 1230 3808 nihil.
1273 3766 1418 3809 numerus
1437 3751 1602 3827 pronomini

321 3832 428 3894 accidit
457 3833 631 3909 singularia,
660 3840 694 3892 ut
721 3850 774 3910 ego
804 3835 884 3913 quiS,
912 3833 1050 3913 pluralis,
1079 3841 1113 3893 ut
1140 3852 1194 3893 nos
1219 3835 1337 3912 quanti,
1365 3836 1546 3903 eommunis,
1574 3841 1603 3893 ut

320 3937 394 3996 qnae
423 3925 542 3997 quanta.
587 3935 727 3977 uumerus
755 3918 831 3997 apud
860 3918 988 3979 Graecos
1015 3926 1139 3997 propter
1173 3918 1288 3979 dualem
1319 3937 1478 3979 numerum
1510 3927 1603 3979 motus

319 4001 409 4062 hahet
431 4020 548 4072 novem,
579 4005 610 4063 in
639 4020 774 4062 sermone
805 4011 907 4063 nostro
928 4010 1071 4082 quatuor:
1094 4011 1145 4064 aut
1165 4005 1244 4063 enim
1267 4021 1359 4064 unum
1381 4006 1472 4064 unius
1492 4005 1632 4081 signifi-u

320 4105 434 4156 camus,
458 4097 490 4147 ut
512 4106 596 4148 meus
617 4094 698 4156 tuus,
728 4095 778 4148 aut
806 4088 913 4148 multos
939 4089 1111 4160 multorum,
1141 4095 1175 4148 ut
1195 4092 1290 4148 nostri
1312 4092 1417 4159 vestri,
1439 4096 1493 4150 ant
1515 4107 1601 4149 uuum

389 4308 399 4359 1
420 4319 446 4358 ut
464 4308 504 4358 hic
523 4309 624 4358 ethaeo
641 4309 760 4359 sacerdos
777 4315 821 4358 aut
838 4309 919 4359 tribus
934 4309 1068 4375 generibus
1086 4321 1111 4369 ς,
1130 4309 1215 4364 onst
1271 4307 1401 4374 aequila]
1420 4309 1508 4373 aliqua
1529 4311 1555 4358 V

319 4377 398 4428 iant
421 4376 517 4445 contra]
539 4378 589 4428 alia
607 4388 729 4436 controv
800 4380 845 4429 sed
863 4393 946 4435 oms
1016 4380 1048 4430 15
1072 4393 1118 4428 nos
1135 4389 1228 4428 terram
1246 4380 1286 4429 nel
1306 4394 1377 4428 mave
1395 4381 1448 4429 VG
1519 4390 1600 4429 uectus

320 4447 342 4498 G
429 4448 461 4499 ltt
477 4464 523 4516 per
538 4451 710 4499 accusatiuum
726 4449 822 4513 aliquid
844 4450 882 4498 ius
899 4448 1051 4516 explicatG
1139 4448 1170 4500 17
1191 4447 1353 4512 mariJmare
1375 4451 1428 4501 Vn
1513 4450 1546 4501 18
1559 4465 1599 4516 ρει

319 4527 410 4568 terram
430 4533 498 4568 mare
521 4519 546 4566 V
552 4517 574 4568 G
642 4521 767 4570 ueetrrsG
837 4515 954 4583 multum]
977 4520 1054 4584 Verp.
1073 4519 1137 4568 Aen.
1154 4520 1197 4570 ta
1267 4519 1301 4570 23
1319 4519 1411 4570 habeut
1432 4519 1600 4570 VGhabemr

319 4601 336 4642 ς
405 4588 439 4639 32
458 4599 500 4636 ιιιιι
519 4589 550 4638 nd
568 4587 663 4652 aliquid
687 4595 713 4637 ut
731 4604 837 4654 qnorum
863 4590 986 4652 quaedam
1008 4591 1093 4639 Vaut
1111 4589 1208 4651 aliquid
1226 4597 1253 4638 ut
1270 4604 1377 4652 quorum
1393 4591 1497 4654 quidam
1516 4589 1539 4640 G
1559 4600 1597 4638 aut

318 4658 352 4706 od
370 4657 464 4720 aliquid
482 4667 509 4708 ut
526 4659 628 4722 quidam
648 4659 807 4724 quoedomg
876 4659 911 4710 33
929 4668 957 4708 ut
975 4661 1053 4710 nostri
1072 4685 1107 4694 -
1124 4660 1263 4726 singularia
1282 4661 1367 4712 omli
1435 4661 1470 4712 35
1488 4677 1538 4725 qua
1557 4674 1597 4709 ειι-

318 4735 433 4790 poetatur
450 4729 477 4776 V
542 4727 576 4779 36
595 4743 717 4794 responsa
739 4730 766 4779 V
832 4731 950 4796 segetiae
972 4731 998 4779 V
1064 4729 1099 4780 att
1118 4727 1210 4797 motus]
1231 4739 1314 4780 motos
1336 4731 1365 4780 V
1376 4730 1503 4786 modone
1567 4727 1597 4777 to

319 4796 430 4846 inaermo
448 4805 533 4846 nostro
551 4812 618 4851 carr.
634 4801 658 4847 iu
678 4807 763 4848 nostro
786 4800 813 4848 V
854 4808 912 4849 aut·
923 4801 989 4849 euim
1008 4801 1083 4849 unius
1102 4813 1233 4850 numerum
1251 4801 1426 4867 significamus
1443 4800 1597 4854 §rutenico

319 4865 394 4916 unius
410 4867 583 4931 significamus
605 4868 632 4917 V
636 4868 658 4918 G
