3350 5442
604 381 675 444 nus
705 381 831 445 13-6
1297 376 1359 442 451

99 503 121 543 p.
138 493 194 530 aun
208 493 233 530 aa
248 489 272 532 e.
1179 501 1200 541 p.
1215 490 1258 529 aaa.
1272 490 1298 529 sa
1313 486 1335 527 t.

69 579 174 649 potest
195 573 305 631 venire.
349 570 426 631 lanio
448 590 565 651 quoqne
589 569 711 632 verbum
733 590 749 632 a
772 572 891 634 nomine
912 571 1023 641 laniae,
1046 569 1124 650 quod
1147 570 1226 630 irlem
1248 568 1360 629 'leren-

70 675 136 732 tius
159 675 188 733 in
211 673 313 734 eadem
329 673 472 734 Eunucho
494 673 649 752 pluraliter
670 691 725 753 per
746 692 908 753 apocopam
929 674 1041 753 posuit,
1065 672 1163 732 ‘coci
1185 672 1263 732 lani
1284 671 1360 731 lar·

71 777 207 844 toros',
230 793 288 836 non
312 769 502 836 est'rlubium
524 777 600 836 lieri.
637 775 780 856 quidquid
803 776 894 853 igitur
916 774 1039 836 verbum
1062 777 1093 834 in
1116 776 1145 833 io
1168 773 1309 834 desinens
1330 779 1361 832 et

69 878 226 954 praedicta
248 895 353 937 carens
376 877 599 948 observatione,
629 877 660 938 id
683 885 728 940 est
750 880 812 938 sive
835 879 953 957 pebitus
975 877 1090 954 origine
1113 875 1242 936 nominis
1263 875 1360 954 priva·

42 993 54 1028 a
70 986 139 1038 turn
162 987 221 1050 ost,
245 981 306 1039 sive
329 999 345 1039 a
368 981 486 1040 nominc
509 979 674 1040 derivatum
690 998 749 1040 non
764 979 856 1041 habet
869 970 1032 1041 adhaerens
1054 976 1114 1038 sibi
1137 996 1244 1039 nomen
1266 977 1360 1037 omni·

71 1081 132 1140 bus
155 1079 249 1142 modis
272 1088 301 1142 et
326 1082 401 1141 ultra
425 1081 498 1142 duas
521 1080 649 1160 syllabas
672 1087 702 1141 et
730 1081 912 1160 paenultima
940 1080 1051 1161 syllaba
1079 1082 1109 1140 in
1139 1082 1149 1140 i
1177 1097 1282 1159 puram
1310 1079 1360 1139 ‹le-

69 1186 191 1254 sinens,
225 1191 347 1263 quartae
380 1201 445 1244 csse
478 1184 696 1260 coniugationis
730 1184 795 1243 sinc
828 1182 920 1244 (lubio
954 1184 1155 1260 cognoscitur.
1199 1183 1284 1242 cuius
1315 1182 1360 1240 rei

69 1286 209 1366 exempla
231 1279 300 1346 sunt
321 1285 409 1355 haec,
433 1283 532 1345 ambio
554 1283 664 1355 ambis,
694 1284 835 1363 superbio
857 1285 1010 1365 superbis,
1039 1287 1141 1347 sancio
1162 1285 1275 1354 sancis,
1298 1301 1360 1344 sar·

70 1390 121 1446 rio
144 1391 252 1456 sarcis,
275 1389 369 1449 larcio
392 1386 516 1466 expedio
538 1387 669 1465 impedio
691 1387 812 1448 l'astidio
827 1387 934 1448 condio
949 1387 1085 1448 custodio
1107 1385 1213 1448 erudio
1235 1385 1361 1447 oboetlio

33 1504 58 1537 10
73 1492 162 1567 ragio
189 1491 343 1569 praesagio
370 1489 443 1550 salio
472 1487 585 1568 sepelio
612 1487 732 1549 stabilio
756 1490 760 1570 l
784 1489 886 1551 mollio
909 1489 1002 1550 bullio
1025 1489 1141 1550 dormio
1162 1488 1289 1549 redimio
1310 1506 1361 1548 ex·

71 1594 177 1652 inanio
199 1593 314 1653 insanio
336 1591 414 1652 lenio
436 1593 522 1652 venio
544 1592 674 1668 insignio
696 1593 767 1652 linio
789 1591 893 1652 hinnio
915 1593 1011 1652 timrio
1033 1593 1161 1669 grunnio
1183 1592 1285 1651 munio
1308 1609 1361 1669 pu-

71 1695 123 1753 nio
152 1695 253 1773 saepio
281 1696 364 1773 sopio
392 1695 467 1753 lario
490 1695 630 1772 cooperio
652 1695 754 1772 aperio
777 1689 876 1770 'garrio
898 1693 1024 1770 ligurrio
1046 1694 1144 1754 esurio
1167 1694 1268 1753 nutrio
1289 1694 1361 1752 mic·

72 1796 154 1856 turio
183 1797 284 1875 prurio
312 1798 447 1874 parturio
475 1794 581 1856 haurio
615 1796 723 1856 inretio
751 1797 849 1857 sentio
876 1798 971 1873 gestio
1004 1798 1098 1856 vestio
1131 1795 1232 1856 ellutio
1264 1794 1363 1854 servio

71 1901 193 1967 saurim·
212 1897 348 1958 blandior
371 1896 532 1966 blandiris,
556 1896 656 1956 ordior
671 1897 795 1968 ordiris,
819 1899 932 1975 largior
953 1898 1087 1975 largiris,
1111 1900 1221 1959 sortior
1235 1896 1361 1964 sortiris,

36 2012 58 2048 ¹⁵
72 2003 189 2079 partior
211 2001 342 2078 partiris.
387 1999 460 2059 haec
487 2001 566 2059 enim
595 2000 694 2059 omnia
722 1998 768 2059 vel
797 2001 948 2078 primitiva
970 2007 1039 2060 sunt
1061 2006 1092 2060 et
1114 2005 1216 2060 carent
1236 1999 1361 2075 origine,

73 2103 117 2162 rol
143 2101 262 2163 aliunde
285 2101 416 2162 derivata
438 2119 497 2163 non
520 2121 537 2162 a
559 2099 729 2161 nominibus
745 2119 803 2160 non
818 2101 916 2161 minus
932 2100 1091 2180 trisyllabis
1113 2102 1123 2160 i
1145 2119 1251 2180 puram
1272 2117 1362 2178 paen·

73 2205 211 2264 ultimam
233 2221 351 2282 semper·
374 2202 554 2264 habentibus
576 2205 708 2264 veniunt.
743 2211 844 2265 tamen
868 2199 881 2284 ll
904 2210 1044 2265 notantur
1065 2222 1173 2283 pauca,
1196 2219 1272 2282 quae
1295 2218 1362 2280 spe·

72 2308 151 2366 riam
174 2304 314 2366 habentia
337 2323 426 2385 supra
449 2305 610 2374 dictorum,
640 2323 706 2366 cum
730 2306 870 2367 similiter
892 2305 1037 2366 deberent
1059 2324 1124 2366 esse
1147 2311 1271 2384 quartae
1293 2322 1362 2363 con·

74 2409 248 2486 negationis,
278 2408 314 2468 ad
341 2409 459 2473 tertiam
487 2415 655 2487 correptam
684 2407 777 2468 solam
799 2409 977 2487 perveniunt
999 2409 1248 2485 coniugationem.
1293 2411 1364 2467 sunt

37 2490 174 2570 atautcm
203 2509 247 2570 vel
276 2529 292 2570 a
321 2509 365 2570 vel
395 2511 404 2569 i
432 2508 538 2570 breves
566 2517 633 2570 ante
662 2511 709 2570 cio
737 2509 832 2570 solum
861 2518 890 2571 et
912 2529 928 2570 a
950 2510 995 2571 vel
1018 2528 1039 2569 u
1061 2517 1127 2570 ante
1150 2511 1201 2589 pio
1222 2508 1363 2569 similiter

74 2611 230 2681 babentia,
265 2619 297 2672 ut
330 2613 405 2672 iacio
437 2613 515 2673 facio
543 2613 656 2691 aspicio
685 2611 772 2672 elicio
799 2609 901 2671 inlicio
929 2609 1057 2690 pellicio
1080 2612 1231 2672 interlicio
1264 2611 1363 2670 olticio

73 2717 161 2794 rapio
182 2716 266 2792 sapio
288 2715 389 2793 cupio,
419 2721 450 2774 et
476 2721 633 2793 praeterea
655 2712 735 2773 iodio
758 2715 840 2792 logio
862 2715 947 2792 pario
968 2716 1070 2793 quatio
1093 2716 1230 2774 concutio
1252 2713 1363 2773 morior

73 2818 186 2895 patior,
217 2824 246 2876 et
272 2815 423 2877 interdum
450 2816 531 2876 orior
558 2823 588 2876 et
615 2817 727 2894 potior,
751 2821 781 2875 et
803 2817 904 2876 omnia
926 2834 961 2875 ex
983 2815 1031 2876 bis
1052 2815 1178 2893 singulis
1200 2816 1363 2894 conposita.
1439 2823 1443 2829 ’

73 2919 127 2979 alia
153 2936 225 2979 vero
247 2919 346 2979 omnia
372 2916 476 2988 verba,
505 2935 581 2997 quae
609 2917 701 2978 vocali
731 2924 833 2978 carent
864 2925 931 2978 ante
953 2937 971 2978 o
992 2918 1126 2986 finalem,
1150 2917 1275 2977 duarum
1297 2924 1362 2977 tan·

39 3029 137 3081 astum
167 3020 255 3080 modo
278 3028 348 3081 sunt
369 3021 626 3098 coniugationum,
651 3019 680 3080 id
708 3026 753 3080 est
775 3021 889 3097 primae
912 3027 943 3080 et
965 3021 1088 3090 tertiae;
1111 3019 1163 3080 sed
1187 3018 1362 3098 plerumque
1412 3025 1416 3033 '

74 3124 188 3200 primae
211 3129 280 3183 sunt
301 3140 376 3202 ‹yuae
399 3123 571 3183 derivantur
594 3142 610 3184 a
632 3121 813 3183 nominibus.
848 3139 935 3182 omne
958 3121 1035 3183 enim
1059 3120 1182 3182 verbum
1205 3140 1221 3181 a
1244 3122 1363 3182 nomine

75 3224 255 3294 derivatum,
284 3226 308 3284 si
338 3243 396 3284 nrm
425 3225 463 3285 sit
491 3224 694 3284 meditativum
723 3224 768 3285 vcl
797 3223 997 3300 inchoativum
1023 3223 1069 3284 vel
1103 3223 1363 3302 frequentativum,

75 3345 149 3404 quae
173 3329 257 3405 quasi
280 3326 424 3406 speciales
446 3325 558 3387 liabent
579 3327 801 3404 coniugationes
823 3328 973 3406 proprias,
997 3334 1028 3385 et
1048 3325 1148 3386 necin
1163 3345 1199 3386 ec
1214 3325 1363 3393 desinens,

76 3437 107 3488 ut
129 3427 295 3498 secundae,
319 3429 365 3488 vel
388 3430 419 3488 in
443 3447 481 3488 uo
502 3430 702 3509 primitivum,
726 3433 759 3488 ut
779 3429 901 3496 tertiae,
930 3428 977 3488 vel
1003 3430 1035 3489 in
1063 3428 1093 3487 io
1114 3428 1179 3488 sine
1202 3427 1365 3507 praedictis

41 3557 63 3594 a·
76 3529 351 3600 oloservationibuS,
376 3537 408 3592 ut
429 3538 552 3610 quartae
576 3532 629 3600 sit,
647 3532 759 3609 primae
775 3529 950 3609 plerumque
966 3530 1182 3606 coniugationis
1203 3530 1363 3589 invenitor.

161 3631 219 3692 Sed
246 3633 315 3713 quia
344 3640 414 3693 sunt
440 3641 469 3693 et
497 3651 512 3693 a
540 3631 712 3694 nominibus
740 3631 830 3691 verba
858 3640 889 3692 et
916 3650 931 3691 a
955 3631 1052 3692 verbis
1080 3632 1199 3692 nomina
1222 3629 1364 3701 derivata,

76 3753 149 3812 quae
178 3742 303 3812 possunt
330 3737 361 3795 in
389 3735 514 3795 dubium
542 3736 660 3802 venire,
689 3735 773 3812 prius
796 3732 873 3793 mihi
894 3732 1009 3793 videtur
1031 3734 1067 3793 de
1090 3732 1145 3793 hac
1167 3732 1280 3812 aliquid
1303 3752 1364 3794 arn·

77 3835 235 3913 biguitate,
260 3837 284 3896 si
307 3839 432 3916 possim,
456 3838 615 3898 disserere.
660 3836 760 3915 itaque
788 3834 943 3894 sciendum
970 3834 1131 3913 estquod,
1155 3835 1231 3894 sicut
1252 3853 1363 3906 rerum,

76 3956 227 4016 quaequae
257 3940 330 4008 sint,
360 3941 403 4000 sic
433 3940 521 4000 etiarn
549 3937 680 3999 ubertati
710 3955 813 3996 vocum
843 3936 964 3997 studens
993 3944 1098 3998 natura
1124 3944 1185 3997 tam
1216 3935 1305 3996 verba
1327 3938 1364 3997 ‹le

43 4065 64 4102 aa
79 4038 248 4129 nominibus
276 4058 363 4120 quam
392 4041 428 4101 tle
457 4040 556 4102 verbis
584 4043 703 4101 nomina
731 4042 908 4120 procreavit.
953 4048 982 4100 et
1009 4039 1100 4099 multa
1127 4037 1247 4117 quidem
1270 4056 1364 4119 paene

77 4139 110 4199 tle
140 4141 266 4218 singulis
294 4143 445 4204 nominum
475 4142 737 4204 terminationibus
764 4145 882 4220 genuit,
918 4160 993 4220 quac
1021 4143 1136 4220 primae
1163 4142 1363 4219 coniugationi

76 4257 377 4270 Ἥ

145 4381 161 4428 2
180 4381 206 4428 in
226 4381 314 4430 eodem
329 4381 370 4429 P:
391 4381 457 4431 Eam.
471 4383 494 4432 ll
508 4383 534 4441 2,
547 4379 581 4431 211
634 4381 720 4445 posuit
741 4389 768 4430 ut
786 4380 841 4430 coci
859 4329 880 4427 ld
894 4379 944 4429 lani
963 4381 989 4431 B
1007 4381 1094 4447 posuit
1110 4386 1134 4428 et
1152 4379 1220 4429 cocci
1239 4379 1315 4429 lanii

80 4449 183 4499 tenores
203 4450 271 4514 quod
289 4451 409 4501 nonBP
477 4449 677 4516 bpennltimam
697 4450 822 4514 syllabam
840 4450 896 4500 BP
965 4450 998 4500 12
1015 4444 1143 4515 cooperio]
1166 4449 1253 4515 operio
1272 4450 1314 4500 Bt

79 4521 193 4570 micturio
208 4547 243 4560 -·
260 4519 348 4570 effutio
364 4529 423 4583 poet
440 4520 542 4570 stabilio
560 4521 635 4570 labet
651 4520 676 4569 B
747 4518 779 4571 la
795 4521 876 4570 vestio
895 4535 941 4570 ora.
958 4520 983 4569 B
1052 4519 1140 4568 allatio
1158 4519 1277 4585 §effigio
1294 4535 1362 4572 corr.

79 4589 173 4655 effugio
192 4589 224 4652 B,
242 4606 288 4642 ona.
304 4589 342 4640 P:
361 4590 448 4640 enutio
464 4600 524 4652 poet
538 4591 611 4657 sopio
629 4591 730 4641 bobett
800 4590 833 4642 lo
852 4589 951 4655 origine
970 4588 1100 4640 nominum
1118 4596 1151 4646 ες
1233 4588 1267 4640 lii
1284 4590 1364 4640 oolam

80 4660 280 4727 coniugationom
304 4660 431 4726 pertinent
448 4661 473 4710 B
558 4661 591 4712 lu
613 4667 773 4711 sumentem
792 4661 876 4709 aliua
902 4658 941 4708 uel
961 4661 968 4708 i
989 4661 1042 4709 BP
1060 4668 1120 4709 sum
1142 4666 1226 4708 autem
1249 4661 1327 4710 uerbo
1351 4678 1364 4708 a

81 4728 115 4776 uel
135 4731 143 4777 1
160 4731 347 4793 [cantantem
366 4729 416 4780 elie
435 4732 511 4781 uerba
528 4730 567 4781 uel
586 4745 600 4780 a
620 4731 659 4779 uel
679 4730 716 4779 it
788 4731 822 4780 20
842 4731 926 4779 breuia
942 4727 967 4778 P
1035 4738 1060 4777 et
1077 4728 1127 4779 elio
1145 4744 1160 4778 a
1179 4728 1219 4778 atel
1240 4743 1255 4777 o
1273 4730 1299 4779 P

80 4799 109 4848 11
122 4809 148 4849 et
168 4806 300 4864 praeterea
313 4808 372 4850 suut
389 4799 458 4851 fodio
472 4801 498 4851 B
564 4802 598 4851 24
616 4800 693 4850 verbu
710 4815 755 4856 om,
771 4800 795 4849 B
853 4800 888 4851 29
904 4808 933 4850 ut
950 4807 975 4850 et
993 4797 1117 4849 tertiaeP
1186 4796 1221 4850 30
1239 4800 1365 4855 invenitur

80 4881 120 4923 on,
137 4869 203 4932 BP,
222 4868 283 4924 add.
302 4871 333 4933 ts
397 4871 431 4920 32
449 4870 544 4936 aliquid
563 4873 597 4922 al.
611 4885 676 4921 moa.
695 4869 756 4924 add.
776 4873 801 4924 P
