3350 5442
299 317 362 382 478
855 316 1038 379 EVTYGlllS

323 439 344 481 p.
359 426 479 472 raanan
1390 421 1571 478 samanar.

447 506 648 587 psallimus
670 513 707 566 et
728 505 908 566 saltamus
930 505 1083 566 Achivis
1104 507 1240 566 scitius
1261 506 1404 565 unctis:

297 609 376 690 pello
399 607 502 688 pellis,
526 606 557 667 id
579 614 624 667 est
646 607 748 676 trudo,
776 606 855 667 unde
884 609 1073 686 componitur
1100 608 1217 688 appello
1239 607 1374 687 appellis.
1418 623 1489 667 nam
1512 607 1596 685 quod

298 711 333 772 ad
363 710 569 771 salutationem
599 711 745 789 pertinet,
773 709 846 769 licet
873 708 1000 788 simplex
1027 727 1086 769 non
1118 708 1206 771 lacile
1233 710 1400 779 invenitur,
1428 715 1535 768 tamen
1565 710 1595 768 in

298 813 511 893 compositione
539 805 724 872 dill‘erentiae
753 829 858 871 sensus
886 829 974 872 causa
1002 808 1126 890 prilmae
1153 819 1199 872 est
1226 811 1459 888 coniugationis,
1484 817 1521 870 ut
1544 829 1594 889 ap

298 914 375 994 pabo
398 912 539 994 appellas
583 911 662 973 bello
691 917 789 973 autem
818 911 911 973 bellas
937 912 1013 974 vallo
1041 912 1147 974 vacillo
1169 912 1300 974 scintillo
1322 911 1417 981 stillo,
1440 919 1476 972 nt
1497 931 1517 971 a
1540 931 1617 972 noa

298 1015 430 1077 minibus
456 1015 567 1075 bellum
594 1013 701 1074 vallum
731 1013 869 1074 vacillum
897 1009 1026 1075 scintilla
1053 1015 1133 1076 stilla
1160 1013 1307 1084 derivata,
1329 1014 1463 1091 generali
1485 1013 1594 1090 regula

299 1120 365 1178 iure
387 1117 502 1197 primae
527 1121 604 1175 sunt.
635 1117 667 1175 in
689 1114 735 1175 lor
757 1133 875 1194 quoque
899 1116 1067 1178 desinentia
1088 1118 1202 1197 primae
1218 1124 1287 1177 sunt
1309 1117 1417 1185 omnia,
1440 1124 1474 1176 ut
1496 1115 1592 1194 palor,

298 1219 376 1280 unde
399 1221 431 1279 in
453 1217 476 1278 V
497 1216 576 1278 libro
598 1216 742 1294 Virgilius
769 1216 844 1278 dixit
871 1218 1063 1297 ‘palantes
1084 1217 1200 1279 Troas
1228 1216 1389 1296 agebat',
1418 1216 1594 1297 praestulcr

299 1320 417 1382 lahulor
439 1318 556 1380 osculor
579 1318 682 1380 adulor
705 1318 836 1379 aemulor
859 1319 963 1399 epulor
985 1319 1117 1397 gratulor
1138 1319 1252 1381 iaculor
1274 1320 1404 1397 regulor.

383 1423 417 1484 ln
439 1440 487 1482 mo
515 1421 681 1482 desinentia
708 1437 896 1500 quacumque
924 1422 1015 1483 vocali
1039 1440 1091 1482 seu
1113 1430 1294 1483 consonante
1316 1423 1503 1501 praeposita,
1529 1423 1646 1500 pri-st

300 1527 402 1586 mitiva
424 1542 476 1584 seu
499 1523 676 1592 derivativa,
699 1525 813 1602 prinae
837 1531 905 1585 sunt
932 1526 1164 1602 coniugationis,
1193 1531 1227 1584 ut
1254 1542 1320 1584 amo
1347 1523 1443 1583 clamo
1466 1525 1592 1582 aestimo
1645 1512 1646 1597 ]

304 1625 391 1686 domo
413 1625 503 1686 humo
526 1631 645 1685 autumo
667 1625 766 1684 hiemo
783 1625 870 1686 ¹lumo
893 1643 997 1704 spumo
1018 1625 1135 1686 llammo
1159 1643 1241 1686 armo
1262 1625 1385 1685 lacrimo
1406 1626 1509 1695 mmo,
1534 1626 1591 1685 uisi
1645 1620 1646 1701 Q

302 1728 362 1789 sint
384 1728 537 1808 primitiva
560 1745 575 1785 c
598 1725 719 1787 brevem
746 1724 903 1786 habentia:
934 1733 1005 1787 tunc
1032 1728 1112 1787 enim
1140 1729 1246 1786 tertiae
1268 1733 1337 1786 sunt
1359 1728 1591 1804 coniugationis
1645 1740 1646 1775 1

299 1837 335 1890 ut
357 1848 422 1889 erno
447 1829 537 1897 emis,
561 1845 646 1904 gemo
668 1828 776 1905 gemis,
799 1846 904 1907 premo
925 1835 1031 1888 tremo.
1064 1835 1184 1890 notatur
1205 1830 1319 1907 primae
1341 1845 1442 1888 eremo
1464 1847 1591 1888 cremas.
1645 1840 1646 1899 j

301 1934 312 1992 i
335 1948 453 2012 quoque
476 1929 642 1990 breviante
658 1949 706 1990 mo
722 1932 843 1990 inventa
857 1931 971 2009 primae
992 1938 1076 2000 sunt,
1098 1937 1132 1989 ut
1153 1931 1276 1990 aestimo
1297 1929 1421 1990 lacrimo
1442 1931 1588 1998 exanimo,
1604 1948 1623 1985 s

304 2035 362 2094 nisi
385 2032 548 2111 composita
571 2033 631 2092 siut
652 2050 688 2092 er
711 2031 856 2111 hisquae
880 2049 896 2090 e
919 2038 987 2091 ante
1008 2051 1057 2091 mo
1078 2031 1190 2092 habeut
1212 2033 1243 2091 iu
1261 2027 1274 2111 ll
1290 2031 1485 2111 simplicitate
1507 2039 1540 2092 et
1560 2035 1590 2092 in

302 2136 516 2214 compositione
545 2151 611 2193 eam
636 2135 726 2194 etiam
754 2134 785 2193 in
813 2135 823 2192 i
851 2138 1054 2194 mutaverunt:
1082 2141 1153 2194 tunc
1174 2134 1255 2194 euim
1277 2132 1370 2193 solius
1391 2135 1501 2193 tertiae
1523 2140 1591 2194 sunt

302 2235 533 2312 coniugationis,
563 2242 597 2295 nt
623 2235 777 2314 conprimo
805 2237 939 2313 exprimo
967 2237 1107 2296 interimo
1135 2235 1232 2298 adimo
1260 2233 1379 2294 dirimo.
1422 2237 1455 2294 in
1482 2234 1590 2314 quibus

301 2318 549 2398 notantur'demo
571 2336 683 2406 demis,
713 2340 817 2415 prdmo
844 2339 973 2415 promis,
1002 2338 1072 2415 quia
1100 2334 1137 2396 ab
1165 2355 1201 2396 eo
1227 2337 1305 2416 quod
1327 2344 1375 2396 est
1395 2355 1463 2396 emo
1486 2355 1588 2396 seeun-

303 2439 373 2500 dum
400 2438 542 2519 quosdam
571 2439 731 2518 composita
763 2437 980 2514 longitudinem
1012 2439 1241 2516 praepositionis
1274 2446 1482 2508 serraverunt,
1516 2440 1617 2498 sicuta
1645 2486 1646 2519 p

302 2541 416 2621 pbrlmo
445 2542 569 2621 pdrimis
597 2539 788 2600 brevitatem:
816 2539 995 2618 qmbusdam
1027 2558 1087 2600 non
1118 2540 1156 2600 ab
1185 2558 1219 2600 eo
1247 2539 1385 2600 ridentur
1414 2543 1586 2619 composita.
1645 2570 1646 2637 p

304 2661 387 2703 sumo
410 2645 482 2704 item
504 2641 599 2703 solum
622 2643 728 2701 tertiae
750 2642 968 2718 coniugatiouis
990 2642 1141 2701 invenitur
1161 2659 1182 2700 u
1209 2641 1327 2718 longam
1348 2659 1486 2713 servans,
1515 2644 1586 2702 sicut

302 2762 428 2804 vomoo
455 2743 577 2804 brevem
605 2750 672 2803 ante
700 2761 748 2822 mo
774 2742 903 2813 babens;
931 2749 962 2802 et
988 2761 1072 2803 como
1094 2743 1274 2822 paenultima
1295 2742 1383 2820 longa
1406 2760 1423 2802 a
1445 2761 1586 2822 compono
1645 2752 1646 2825 1

302 2847 470 2914 concisum,
493 2852 527 2905 ut
548 2853 593 2904 est
615 2844 691 2923 apud
716 2844 843 2906 Statium
866 2843 1035 2905 Thebaidos
1055 2843 1134 2904 libro
1156 2844 1197 2904 lll

454 2945 579 3024 inplet
600 2963 722 3006 amore
746 2948 817 3015 sui,
842 2954 990 3007 comunt
1011 2948 1117 3006 luror
1138 2948 1271 3025 iraque
1294 2947 1449 3014 cristas,
1593 2964 1613 3003 s

304 3047 382 3128 apud
405 3047 530 3108 eundern
553 3046 632 3106 libro
654 3046 732 3107 Vllll

631 3148 730 3208 hunc
753 3154 829 3209 toto
852 3151 979 3228 capies
1000 3167 1065 3228 pro
1087 3166 1246 3228 corpore
1269 3150 1427 3217 crinem,

456 3268 602 3310 comere
625 3268 729 3330 quem
751 3252 894 3312 trustra
916 3270 969 3311 me
990 3249 1218 3327 dedignante
1242 3249 1399 3311 solebas.

305 3356 335 3414 in
358 3371 422 3412 mor
444 3369 537 3432 pauca
559 3350 694 3431 quidem,
725 3354 840 3431 primae
868 3359 967 3413 tamen
994 3353 1203 3421 inveniuntur,
1226 3354 1336 3432 quippe
1358 3371 1375 3412 a
1397 3353 1517 3411 nomine
1536 3350 1580 3410 de·

305 3457 416 3524 rivata,
440 3461 473 3514 ut
494 3455 588 3514 rimor
609 3455 729 3514 rimaris
756 3472 772 3514 a
803 3457 894 3525 rima,
917 3472 1054 3516 racemor
1075 3457 1238 3515 racemaris
1259 3473 1277 3514 a
1297 3471 1428 3514 racemo.
1589 3477 1609 3515 a

389 3555 423 3616 ln
445 3574 483 3615 uo
511 3555 678 3616 desinentia
698 3573 884 3635 quacumque
910 3556 1002 3617 vocali
1030 3556 1223 3616 antecedente
1244 3554 1330 3615 brevi
1351 3555 1398 3616 vel
1419 3554 1505 3632 longa
1524 3555 1577 3634 pn'·

1645 3610 1646 3649 l

306 3744 445 3809 (sapsrscr.
464 3742 488 3808 1)
506 3743 639 3808 psallimus
657 3741 683 3791 B
698 3741 859 3807 epistolarum
878 3723 940 3792 libr'o
962 3740 1095 3808 psallimus
1111 3742 1137 3792 P
1160 3743 1325 3808 epistularum
1343 3741 1407 3791 libro
1425 3742 1505 3808 primo
1518 3739 1574 3806 psal-

305 3815 380 3864 limus
400 3821 425 3863 t:
446 3815 519 3878 epist.
539 3811 660 3872 111,33
714 3813 727 3863 l
747 3812 901 3872 saltemus!
949 3812 1037 3861 sattius
1060 3812 1141 3861 unctis
1163 3813 1272 3867 §eitius
1294 3813 1376 3862 unctis
1391 3811 1417 3860 P
1439 3811 1573 3861 dictionibus

306 3887 446 3948 (superscr.
461 3880 550 3946 citius)
563 3884 645 3931 unctis
655 3881 681 3930 B
694 3882 772 3931 cicius
789 3882 864 3930 uictis
876 3881 999 3944 fdiueius
1011 3883 1104 3931 uinetis
1117 3888 1127 3930 t
1177 3882 1193 3932 5
1210 3881 1275 3931 bello
1291 3892 1375 3930 autem
1388 3881 1467 3930 bellas
1481 3879 1573 3930 scintilla

306 3953 373 4003 uallo
396 3952 489 4019 usgillo
514 3951 581 4003 stillo
606 3951 687 4001 stillas
705 3963 729 4001 et
747 3967 763 4000 a
782 3953 808 4001 P
826 3950 891 4001 bello
911 3959 994 4000 autem
1013 3952 1091 4001 bellas
1111 3951 1177 4000 uallo
1198 3951 1307 4002 scintilla
1326 3950 1418 4000 uacillo
1437 3948 1572 4001 stillasset

307 4023 503 4086 (oomutlaB
555 4019 894 4086 duacillum]uagillumP
945 4020 1165 4085 'lpallorBPts
1215 4017 1570 4086 8inVlibroJAen.Vlbi

376 4090 557 4158 patronusne
573 4089 696 4156 pallentes
716 4092 762 4152 Pf
843 4089 874 4141 15
893 4091 901 4139 i
920 4104 1019 4153 quoque
1037 4090 1179 4154 (superarer.
1194 4092 1251 4151 bre)
1266 4098 1324 4139 anta
1342 4105 1384 4138 mo
1401 4090 1515 4139 habeatis
1529 4087 1569 4150 pri·

307 4177 364 4213 mae
382 4163 407 4213 B
480 4161 511 4212 18
531 4161 614 4210 adimo
630 4161 741 4224 (derimo
759 4160 818 4210 add.
839 4163 874 4210 at.
892 4159 937 4223 m.)
955 4161 981 4208 in
997 4161 1089 4222 quibos
1105 4162 1131 4210 P
1198 4162 1231 4213 19
1247 4167 1366 4210 notantur
1381 4167 1393 4209 t
1409 4168 1569 4210 uotatmacrr.

308 4236 342 4285 al.
362 4249 393 4282 sa.
412 4239 530 4280 notantur
548 4230 573 4279 P
589 4239 689 4279 notatur
706 4229 731 4279 B
800 4229 833 4281 23
852 4227 959 4294 habens]
983 4229 1059 4278 babet
1077 4231 1101 4279 P
1114 4229 1189 4279 habet
1206 4246 1275 4283 corr.
1294 4228 1383 4279 habuit
1399 4230 1425 4278 B
1476 4237 1499 4278 at
1512 4239 1568 4277 oomo

307 4302 446 4368 penultima
464 4300 515 4350 lon.
534 4314 689 4365 soompono
705 4314 851 4349 concessum
869 4299 949 4364 (coss.
965 4298 1117 4363 concisum),
1130 4314 1259 4362 aspersos.
1275 4304 1308 4350 al.
1322 4315 1353 4350 so.
1371 4313 1443 4349 como
1461 4311 1536 4348 eomas
1548 4305 1569 4343 ut

307 4381 333 4421 st
351 4371 396 4422 illa
411 4372 514 4421 denario
533 4378 615 4419 comat
629 4379 656 4419 ut
669 4379 707 4424 est
726 4383 797 4419 como
811 4371 836 4421 B
851 4381 876 4419 et
887 4385 958 4419 como
972 4379 1000 4417 ut
1018 4379 1057 4419 ast
1076 4378 1102 4418 st
1118 4369 1162 4419 illa
1180 4371 1284 4421 denario
1302 4378 1386 4419 comat
1400 4377 1425 4418 et
1440 4383 1507 4419 como
1521 4379 1568 4431 pen·

307 4443 395 4492 ultima
411 4442 488 4505 longa
507 4455 522 4490 a
538 4441 662 4505 eompbno
678 4449 703 4490 et
720 4441 848 4489 concisum
867 4441 891 4489 P
903 4448 927 4488 et
941 4453 1013 4490 como
1032 4439 1172 4504 penultima
1190 4441 1269 4505 longa
1286 4455 1302 4488 a
1320 4453 1446 4504 conopono
1462 4437 1566 4488 concham

308 4520 346 4561 est
363 4521 374 4562 t
429 4513 463 4562 24
481 4511 525 4560 lib.
542 4511 573 4559 lll
592 4509 736 4573 tebaidosf
750 4509 883 4558 thebaidos
895 4509 939 4561 lib.
957 4508 1001 4558 llll
1013 4509 1039 4559 B
1056 4507 1190 4562 thebaidos
1203 4511 1267 4560 libro
1279 4518 1369 4572 quarto
1382 4509 1407 4556 P
1421 4509 1484 4558 libro
1497 4513 1567 4569 quarto
1645 4544 1646 4565 3

307 4580 440 4631 thebaidos
456 4588 480 4630 t:
502 4579 578 4630 Theb.
595 4581 629 4629 lll
645 4579 697 4630 424
783 4580 816 4628 25
836 4578 930 4644 inpleto
953 4594 1023 4628 more
1040 4593 1108 4634 corr.
1128 4582 1164 4633 ol.
1181 4598 1213 4631 m.
1237 4579 1315 4644 inplet
1337 4593 1422 4630 amora
1442 4579 1467 4628 P
1485 4576 1566 4642 impleto
1645 4574 1646 4635 Ῑ

308 4664 377 4700 inore
392 4652 410 4714 s
419 4649 536 4714 impletas
554 4658 648 4700 moret
734 4649 820 4712 itaque
837 4663 906 4702 corr.
922 4649 956 4700 al.
973 4665 1003 4696 sn.
1023 4650 1112 4710 iraque
1128 4650 1153 4698 P
1237 4648 1271 4699 26
1289 4648 1352 4698 libro
1369 4648 1428 4699 Vlll
1445 4646 1508 4697 ΒΗ
1524 4645 1566 4692 l'lll

309 4719 354 4771 lib.
368 4721 396 4782 s:
415 4719 492 4770 Theb.
513 4719 580 4768 Vllll
598 4718 648 4770 901
704 4720 736 4768 27
755 4720 851 4768 crimen
869 4718 908 4767 Pt
960 4718 994 4769 28
1009 4733 1109 4769 comere
1123 4735 1196 4784 quem
1215 4735 1255 4769 me
1273 4717 1369 4768 frastra
1385 4731 1484 4767 comere
1499 4716 1567 4781 (ligata
1593 4718 1599 4736 '

309 4787 389 4854 (corr.
408 4787 525 4855 dignata)
539 4788 671 4850 solebasf
736 4803 833 4837 meme
852 4788 972 4854 dignante
990 4787 1014 4836 P
