<?xml version="1.0" encoding="UTF-8"?>
<!DOCTYPE html PUBLIC "-//W3C//DTD XHTML 1.0 Transitional//EN"
    "http://www.w3.org/TR/xhtml1/DTD/xhtml1-transitional.dtd">
<html xmlns="http://www.w3.org/1999/xhtml" xml:lang="en" lang="en">
 <head>
  <title>
</title>
<meta http-equiv="Content-Type" content="text/html;charset=utf-8" />
  <meta name='ocr-system' content='tesseract 3.04.00' />
  <meta name='ocr-capabilities' content='ocr_page ocr_carea ocr_par ocr_line ocrx_word'/>
</head>
<body>
  <div class='ocr_page' id='page_1' title='image "./grammaticilatin02hagagoog_0230.png"; bbox 0 0 3350 5442; ppageno 0'>
   <div class='ocr_carea' id='block_1_1' title="bbox 558 385 1324 455">
    <p class='ocr_par' dir='ltr' id='par_1_1' title="bbox 558 385 1324 455">
     <span class='ocr_line' id='line_1_1' title="bbox 558 385 1324 455; baseline -0.008 0"><span class='ocrx_word' id='word_1_1' title='bbox 558 392 793 455; x_wconf 79' lang='lat' dir='ltr'><strong>COMMENTVM</strong></span> <span class='ocrx_word' id='word_1_2' title='bbox 1262 385 1324 449; x_wconf 78' lang='lat'><strong>221</strong></span> 
     </span>
    </p>
   </div>
   <div class='ocr_carea' id='block_1_2' title="bbox 13 496 1437 4234">
    <p class='ocr_par' dir='ltr' id='par_1_2' title="bbox 13 496 1437 3619">
     <span class='ocr_line' id='line_1_2' title="bbox 1145 496 1301 550; baseline -0.013 -13"><span class='ocrx_word' id='word_1_3' title='bbox 1145 497 1265 550; x_wconf 55' lang='lat' dir='ltr'><strong>punc-tt</strong></span> <span class='ocrx_word' id='word_1_4' title='bbox 1278 496 1301 535; x_wconf 72' lang='lat'><strong>1.</strong></span> 
     </span>
     <span class='ocr_line' id='line_1_3' title="bbox 44 575 1325 661; baseline -0.005 -19"><span class='ocrx_word' id='word_1_5' title='bbox 44 580 139 661; x_wconf 87' lang='lat' dir='ltr'><strong>cipalia</strong></span> <span class='ocrx_word' id='word_1_6' title='bbox 160 586 243 650; x_wconf 88' lang='lat' dir='ltr'><strong>sunt;</strong></span> <span class='ocrx_word' id='word_1_7' title='bbox 276 579 350 640; x_wconf 88' lang='lat' dir='ltr'><strong>flunt</strong></span> <span class='ocrx_word' id='word_1_8' title='bbox 372 578 440 640; x_wconf 89' lang='lat' dir='ltr'><strong>inde</strong></span> <span class='ocrx_word' id='word_1_9' title='bbox 462 578 635 641; x_wconf 88' lang='lat' dir='ltr'><strong>diminutiva</strong></span> <span class='ocrx_word' id='word_1_10' title='bbox 658 578 780 641; x_wconf 82' lang='lat' dir='ltr'>sorbillo</span> <span class='ocrx_word' id='word_1_11' title='bbox 796 577 912 657; x_wconf 89' lang='lat' dir='ltr'><strong>sugillo.</strong></span> <span class='ocrx_word' id='word_1_12' title='bbox 957 585 1027 640; x_wconf 90' lang='lat' dir='ltr'><strong>sunt</strong></span> <span class='ocrx_word' id='word_1_13' title='bbox 1041 576 1219 654; x_wconf 79' lang='lat' dir='ltr'><strong>aliquotiens</strong></span> <span class='ocrx_word' id='word_1_14' title='bbox 1239 575 1325 636; x_wconf 84' lang='lat' dir='ltr'><strong>dimi·</strong></span> 
     </span>
     <span class='ocr_line' id='line_1_4' title="bbox 44 677 1326 762; baseline -0.005 -19"><span class='ocrx_word' id='word_1_15' title='bbox 44 686 133 744; x_wconf 89' lang='lat' dir='ltr'><strong>nutiva</strong></span> <span class='ocrx_word' id='word_1_16' title='bbox 156 688 186 743; x_wconf 92' lang='lat' dir='ltr'><strong>et</strong></span> <span class='ocrx_word' id='word_1_17' title='bbox 206 700 266 742; x_wconf 95' lang='lat' dir='ltr'><strong>non</strong></span> <span class='ocrx_word' id='word_1_18' title='bbox 289 680 400 743; x_wconf 90' lang='lat' dir='ltr'><strong>habent</strong></span> <span class='ocrx_word' id='word_1_19' title='bbox 421 681 577 761; x_wconf 90' lang='lat' dir='ltr'><strong>primitiva,</strong></span> <span class='ocrx_word' id='word_1_20' title='bbox 603 679 756 762; x_wconf 89' lang='lat' dir='ltr'><strong>[legimus]</strong></span> <span class='ocrx_word' id='word_1_21' title='bbox 785 697 874 758; x_wconf 92' lang='lat' dir='ltr'><strong>quem</strong></span> <span class='ocrx_word' id='word_1_22' title='bbox 903 681 939 742; x_wconf 77' lang='lat' dir='ltr'><strong>acl</strong></span> <span class='ocrx_word' id='word_1_23' title='bbox 962 679 1084 741; x_wconf 88' lang='lat' dir='ltr'><strong>modum</strong></span> <span class='ocrx_word' id='word_1_24' title='bbox 1106 677 1155 739; x_wconf 92' lang='lat' dir='ltr'><strong>illa</strong></span> <span class='ocrx_word' id='word_1_25' title='bbox 1176 680 1209 739; x_wconf 94' lang='lat' dir='ltr'><strong>in</strong></span> <span class='ocrx_word' id='word_1_26' title='bbox 1231 679 1326 738; x_wconf 90' lang='lat' dir='ltr'><strong>nomi·</strong></span> 
     </span>
     <span class='ocr_line' id='line_1_5' title="bbox 43 779 1326 847; baseline -0.006 0"><span class='ocrx_word' id='word_1_27' title='bbox 43 784 130 847; x_wconf 90' lang='lat' dir='ltr'><strong>nibus.</strong></span> <span class='ocrx_word' id='word_1_28' title='bbox 176 792 246 847; x_wconf 90' lang='lat' dir='ltr'><strong>sunt</strong></span> <span class='ocrx_word' id='word_1_29' title='bbox 274 792 373 846; x_wconf 89' lang='lat' dir='ltr'><strong>autem</strong></span> <span class='ocrx_word' id='word_1_30' title='bbox 400 782 498 845; x_wconf 84' lang='lat' dir='ltr'><strong>sabula</strong></span> <span class='ocrx_word' id='word_1_31' title='bbox 524 782 638 844; x_wconf 89' lang='lat' dir='ltr'><strong>macula</strong></span> <span class='ocrx_word' id='word_1_32' title='bbox 666 781 780 844; x_wconf 88' lang='lat' dir='ltr'><strong>tabula:</strong></span> <span class='ocrx_word' id='word_1_33' title='bbox 813 785 869 845; x_wconf 89' lang='lat' dir='ltr'><strong>ista</strong></span> <span class='ocrx_word' id='word_1_34' title='bbox 897 802 971 846; x_wconf 91' lang='lat' dir='ltr'><strong>sone</strong></span> <span class='ocrx_word' id='word_1_35' title='bbox 999 791 1069 844; x_wconf 90' lang='lat' dir='ltr'><strong>sunt</strong></span> <span class='ocrx_word' id='word_1_36' title='bbox 1095 787 1208 842; x_wconf 89' lang='lat' dir='ltr'><strong>tantum</strong></span> <span class='ocrx_word' id='word_1_37' title='bbox 1238 779 1326 840; x_wconf 86' lang='lat' dir='ltr'><strong>medo</strong></span> 
     </span>
     <span class='ocr_line' id='line_1_6' title="bbox 44 878 1355 965; baseline -0.002 -20"><span class='ocrx_word' id='word_1_38' title='bbox 44 886 214 956; x_wconf 83' lang='lat' dir='ltr'><strong>lirninutiva,</strong></span> <span class='ocrx_word' id='word_1_39' title='bbox 239 886 452 965; x_wconf 81' lang='lat' dir='ltr'><strong>significatione</strong></span> <span class='ocrx_word' id='word_1_40' title='bbox 474 893 572 947; x_wconf 90' lang='lat' dir='ltr'><strong>autem</strong></span> <span class='ocrx_word' id='word_1_41' title='bbox 595 883 769 965; x_wconf 82' lang='lat' dir='ltr'><strong>principalia</strong></span> <span class='ocrx_word' id='word_1_42' title='bbox 790 893 868 947; x_wconf 88' lang='lat' dir='ltr'><strong>sunt.</strong></span> <span class='ocrx_word' id='word_1_43' title='bbox 902 886 944 945; x_wconf 89' lang='lat' dir='ltr'><strong>sic</strong></span> <span class='ocrx_word' id='word_1_44' title='bbox 967 885 1054 965; x_wconf 84' lang='lat' dir='ltr'><strong>etiam</strong></span> <span class='ocrx_word' id='word_1_45' title='bbox 1076 884 1142 951; x_wconf 90' lang='lat' dir='ltr'><strong>ista,</strong></span> <span class='ocrx_word' id='word_1_46' title='bbox 1165 884 1275 963; x_wconf 77' lang='lat' dir='ltr'><strong>pytisso</strong></span> <span class='ocrx_word' id='word_1_47' title='bbox 1298 878 1355 942; x_wconf 87' lang='lat' dir='ltr'><strong>et&#39;</strong></span> 
     </span>
     <span class='ocr_line' id='line_1_7' title="bbox 23 983 1327 1068; baseline -0.002 -23"><span class='ocrx_word' id='word_1_48' title='bbox 23 987 148 1048; x_wconf 76' lang='lat' dir='ltr'><strong>evacillo:</strong></span> <span class='ocrx_word' id='word_1_49' title='bbox 171 989 283 1068; x_wconf 79' lang='lat' dir='ltr'><strong>pytisso</strong></span> <span class='ocrx_word' id='word_1_50' title='bbox 307 996 336 1049; x_wconf 90' lang='lat' dir='ltr'><strong>et</strong></span> <span class='ocrx_word' id='word_1_51' title='bbox 357 988 461 1050; x_wconf 83' lang='lat' dir='ltr'><strong>vacillo</strong></span> <span class='ocrx_word' id='word_1_52' title='bbox 484 986 573 1049; x_wconf 89' lang='lat' dir='ltr'><strong>verba</strong></span> <span class='ocrx_word' id='word_1_53' title='bbox 594 992 665 1047; x_wconf 89' lang='lat' dir='ltr'><strong>sunt</strong></span> <span class='ocrx_word' id='word_1_54' title='bbox 687 986 874 1059; x_wconf 89' lang='lat' dir='ltr'><strong>diminutiva,</strong></span> <span class='ocrx_word' id='word_1_55' title='bbox 898 994 1048 1048; x_wconf 88' lang='lat' dir='ltr'><strong>ettamen</strong></span> <span class='ocrx_word' id='word_1_56' title='bbox 1070 983 1244 1066; x_wconf 79' lang='lat' dir='ltr'><strong>principalia</strong></span> <span class='ocrx_word' id='word_1_57' title='bbox 1266 1002 1327 1044; x_wconf 90' lang='lat' dir='ltr'><strong>non</strong></span> 
     </span>
     <span class='ocr_line' id='line_1_8' title="bbox 42 1087 1325 1169; baseline -0.002 -19"><span class='ocrx_word' id='word_1_58' title='bbox 42 1090 149 1151; x_wconf 87' lang='lat' dir='ltr'><strong>labent.</strong></span> <span class='ocrx_word' id='word_1_59' title='bbox 196 1108 257 1151; x_wconf 93' lang='lat' dir='ltr'><strong>nou</strong></span> <span class='ocrx_word' id='word_1_60' title='bbox 280 1088 284 1169; x_wconf 77' lang='grc' dir='ltr'>Ι</span> <span class='ocrx_word' id='word_1_61' title='bbox 309 1092 388 1151; x_wconf 90' lang='lat' dir='ltr'><strong>enim</strong></span> <span class='ocrx_word' id='word_1_62' title='bbox 410 1107 529 1169; x_wconf 89' lang='lat' dir='ltr'><strong>possum</strong></span> <span class='ocrx_word' id='word_1_63' title='bbox 553 1088 652 1150; x_wconf 82' lang='lat' dir='ltr'><strong>dicere</strong></span> <span class='ocrx_word' id='word_1_64' title='bbox 674 1106 764 1169; x_wconf 85' lang='lat' dir='ltr'><strong>pysso</strong></span> <span class='ocrx_word' id='word_1_65' title='bbox 787 1087 824 1149; x_wconf 91' lang='lat' dir='ltr'><strong>ab</strong></span> <span class='ocrx_word' id='word_1_66' title='bbox 847 1107 883 1149; x_wconf 90' lang='lat' dir='ltr'><strong>ee</strong></span> <span class='ocrx_word' id='word_1_67' title='bbox 906 1088 985 1167; x_wconf 78' lang='lat' dir='ltr'><strong>quorl</strong></span> <span class='ocrx_word' id='word_1_68' title='bbox 1008 1094 1054 1149; x_wconf 87' lang='lat' dir='ltr'><strong>est</strong></span> <span class='ocrx_word' id='word_1_69' title='bbox 1078 1088 1199 1167; x_wconf 75' lang='lat' dir='ltr'><strong>pptisso,</strong></span> <span class='ocrx_word' id='word_1_70' title='bbox 1223 1105 1325 1166; x_wconf 91' lang='lat' dir='ltr'><strong>quam·</strong></span> 
     </span>
     <span class='ocr_line' id='line_1_9' title="bbox 41 1188 1325 1272; baseline -0.002 -21"><span class='ocrx_word' id='word_1_71' title='bbox 41 1210 118 1271; x_wconf 87' lang='lat' dir='ltr'><strong>quam</strong></span> <span class='ocrx_word' id='word_1_72' title='bbox 144 1193 306 1271; x_wconf 81' lang='lat' dir='ltr'><strong>legerimus</strong></span> <span class='ocrx_word' id='word_1_73' title='bbox 334 1192 363 1253; x_wconf 93' lang='lat' dir='ltr'><strong>in</strong></span> <span class='ocrx_word' id='word_1_74' title='bbox 393 1189 577 1272; x_wconf 83' lang='lat' dir='ltr'><strong>etymologiis</strong></span> <span class='ocrx_word' id='word_1_75' title='bbox 611 1190 688 1270; x_wconf 84' lang='lat' dir='ltr'><strong>quod</strong></span> <span class='ocrx_word' id='word_1_76' title='bbox 721 1192 872 1252; x_wconf 86' lang='lat' dir='ltr'><strong>invenitur</strong></span> <span class='ocrx_word' id='word_1_77' title='bbox 905 1192 980 1252; x_wconf 89' lang='lat' dir='ltr'><strong>ratio</strong></span> <span class='ocrx_word' id='word_1_78' title='bbox 1013 1190 1121 1250; x_wconf 88' lang='lat' dir='ltr'><strong>horum</strong></span> <span class='ocrx_word' id='word_1_79' title='bbox 1155 1188 1325 1249; x_wconf 90' lang='lat' dir='ltr'><strong>verberum.</strong></span> 
     </span>
     <span class='ocr_line' id='line_1_10' title="bbox 42 1291 1328 1373; baseline -0.002 -21"><span class='ocrx_word' id='word_1_80' title='bbox 42 1294 133 1353; x_wconf 85' lang='lat' dir='ltr'><strong>dicunt</strong></span> <span class='ocrx_word' id='word_1_81' title='bbox 163 1294 242 1354; x_wconf 91' lang='lat' dir='ltr'><strong>enim</strong></span> <span class='ocrx_word' id='word_1_82' title='bbox 262 1294 382 1373; x_wconf 40' lang='lat' dir='ltr'><strong>‚pytisso</strong></span> <span class='ocrx_word' id='word_1_83' title='bbox 410 1295 450 1353; x_wconf 92' lang='lat' dir='ltr'><strong>ita</strong></span> <span class='ocrx_word' id='word_1_84' title='bbox 481 1312 545 1355; x_wconf 90' lang='lat' dir='ltr'><strong>esse</strong></span> <span class='ocrx_word' id='word_1_85' title='bbox 573 1299 738 1373; x_wconf 90' lang='lat' dir='ltr'><strong>permutata</strong></span> <span class='ocrx_word' id='word_1_86' title='bbox 766 1291 880 1364; x_wconf 86' lang='lat' dir='ltr'><strong>littera,</strong></span> <span class='ocrx_word' id='word_1_87' title='bbox 904 1295 988 1373; x_wconf 86' lang='lat' dir='ltr'><strong>quasi</strong></span> <span class='ocrx_word' id='word_1_88' title='bbox 1010 1294 1137 1373; x_wconf 89' lang='lat' dir='ltr'><strong>potisso.</strong></span> <span class='ocrx_word' id='word_1_89' title='bbox 1182 1291 1259 1351; x_wconf 90' lang='lat' dir='ltr'><strong>etsi</strong></span> <span class='ocrx_word' id='word_1_90' title='bbox 1282 1298 1328 1350; x_wconf 91' lang='lat' dir='ltr'><strong>est</strong></span> 
     </span>
     <span class='ocr_line' id='line_1_11' title="bbox 41 1390 1325 1475; baseline -0.004 -20"><span class='ocrx_word' id='word_1_91' title='bbox 41 1398 149 1474; x_wconf 85' lang='lat' dir='ltr'><strong>petisse,</strong></span> <span class='ocrx_word' id='word_1_92' title='bbox 174 1394 265 1457; x_wconf 85' lang='lat' dir='ltr'><strong>habet</strong></span> <span class='ocrx_word' id='word_1_93' title='bbox 286 1392 449 1475; x_wconf 89' lang='lat' dir='ltr'><strong>principale</strong></span> <span class='ocrx_word' id='word_1_94' title='bbox 472 1402 559 1474; x_wconf 87' lang='lat' dir='ltr'><strong>polo,</strong></span> <span class='ocrx_word' id='word_1_95' title='bbox 585 1403 617 1455; x_wconf 92' lang='lat' dir='ltr'><strong>ut</strong></span> <span class='ocrx_word' id='word_1_96' title='bbox 638 1412 693 1474; x_wconf 88' lang='lat' dir='ltr'><strong>per</strong></span> <span class='ocrx_word' id='word_1_97' title='bbox 715 1396 888 1475; x_wconf 84' lang='lat' dir='ltr'><strong>synaeresin</strong></span> <span class='ocrx_word' id='word_1_98' title='bbox 909 1392 967 1455; x_wconf 90' lang='lat' dir='ltr'><strong>hoc</strong></span> <span class='ocrx_word' id='word_1_99' title='bbox 982 1395 1092 1457; x_wconf 88' lang='lat' dir='ltr'><strong>iactum</strong></span> <span class='ocrx_word' id='word_1_100' title='bbox 1113 1394 1152 1455; x_wconf 92' lang='lat' dir='ltr'><strong>sit</strong></span> <span class='ocrx_word' id='word_1_101' title='bbox 1179 1390 1325 1471; x_wconf 89' lang='lat' dir='ltr'><strong>[ceterum</strong></span> 
     </span>
     <span class='ocr_line' id='line_1_12' title="bbox 15 1492 1328 1576; baseline 0 -24"><span class='ocrx_word' id='word_1_102' title='bbox 15 1498 143 1576; x_wconf 78' lang='lat' dir='ltr'><strong>repotisso</strong></span> <span class='ocrx_word' id='word_1_103' title='bbox 166 1498 244 1558; x_wconf 84' lang='lat' dir='ltr'><strong>venit</strong></span> <span class='ocrx_word' id='word_1_104' title='bbox 270 1496 307 1558; x_wconf 88' lang='lat' dir='ltr'><strong>ab</strong></span> <span class='ocrx_word' id='word_1_105' title='bbox 330 1516 365 1558; x_wconf 91' lang='lat' dir='ltr'><strong>eo</strong></span> <span class='ocrx_word' id='word_1_106' title='bbox 389 1496 468 1574; x_wconf 79' lang='lat' dir='ltr'><strong>quovl</strong></span> <span class='ocrx_word' id='word_1_107' title='bbox 492 1503 536 1557; x_wconf 89' lang='lat' dir='ltr'><strong>est</strong></span> <span class='ocrx_word' id='word_1_108' title='bbox 558 1495 654 1576; x_wconf 90' lang='lat' dir='ltr'><strong>poto].</strong></span> <span class='ocrx_word' id='word_1_109' title='bbox 699 1499 771 1558; x_wconf 89' lang='lat' dir='ltr'><strong>item</strong></span> <span class='ocrx_word' id='word_1_110' title='bbox 794 1497 909 1566; x_wconf 85' lang='lat' dir='ltr'><strong>vacillo,</strong></span> <span class='ocrx_word' id='word_1_111' title='bbox 933 1495 1044 1565; x_wconf 89' lang='lat' dir='ltr'><strong>dicunt,</strong></span> <span class='ocrx_word' id='word_1_112' title='bbox 1068 1496 1214 1574; x_wconf 83' lang='lat' dir='ltr'><strong>originem</strong></span> <span class='ocrx_word' id='word_1_113' title='bbox 1236 1492 1328 1553; x_wconf 88' lang='lat' dir='ltr'><strong>trahit</strong></span> 
     </span>
     <span class='ocr_line' id='line_1_13' title="bbox 41 1594 1326 1679; baseline -0.003 -20"><span class='ocrx_word' id='word_1_114' title='bbox 41 1598 72 1659; x_wconf 88' lang='lat' dir='ltr'><strong>ab</strong></span> <span class='ocrx_word' id='word_1_115' title='bbox 92 1618 126 1659; x_wconf 91' lang='lat' dir='ltr'><strong>eo</strong></span> <span class='ocrx_word' id='word_1_116' title='bbox 148 1598 228 1679; x_wconf 90' lang='lat' dir='ltr'><strong>quod</strong></span> <span class='ocrx_word' id='word_1_117' title='bbox 252 1606 297 1659; x_wconf 91' lang='lat' dir='ltr'><strong>est</strong></span> <span class='ocrx_word' id='word_1_118' title='bbox 317 1617 417 1679; x_wconf 86' lang='lat' dir='ltr'><strong>vagor,</strong></span> <span class='ocrx_word' id='word_1_119' title='bbox 442 1599 471 1660; x_wconf 90' lang='lat' dir='ltr'><strong>id</strong></span> <span class='ocrx_word' id='word_1_120' title='bbox 495 1606 540 1660; x_wconf 86' lang='lat' dir='ltr'><strong>est</strong></span> <span class='ocrx_word' id='word_1_121' title='bbox 563 1605 644 1661; x_wconf 90' lang='lat' dir='ltr'><strong>nuto.</strong></span> <span class='ocrx_word' id='word_1_122' title='bbox 675 1599 745 1660; x_wconf 86' lang='lat' dir='ltr'><strong>inde</strong></span> <span class='ocrx_word' id='word_1_123' title='bbox 768 1618 839 1679; x_wconf 84' lang='lat' dir='ltr'><strong>ergo</strong></span> <span class='ocrx_word' id='word_1_124' title='bbox 860 1617 933 1678; x_wconf 86' lang='lat' dir='ltr'><strong>vago</strong></span> <span class='ocrx_word' id='word_1_125' title='bbox 948 1598 1101 1666; x_wconf 88' lang='lat' dir='ltr'><strong>dicebaut;</strong></span> <span class='ocrx_word' id='word_1_126' title='bbox 1126 1614 1198 1675; x_wconf 89' lang='lat' dir='ltr'><strong>ergo</strong></span> <span class='ocrx_word' id='word_1_127' title='bbox 1215 1594 1326 1665; x_wconf 88' lang='lat' dir='ltr'><strong>vacillo,</strong></span> 
     </span>
     <span class='ocr_line' id='line_1_14' title="bbox 42 1699 1328 1780; baseline 0 -23"><span class='ocrx_word' id='word_1_128' title='bbox 42 1702 113 1779; x_wconf 87' lang='lat' dir='ltr'><strong>quasi</strong></span> <span class='ocrx_word' id='word_1_129' title='bbox 140 1708 213 1763; x_wconf 86' lang='lat' dir='ltr'><strong>nrrto</strong></span> <span class='ocrx_word' id='word_1_130' title='bbox 242 1709 272 1761; x_wconf 88' lang='lat' dir='ltr'><strong>et</strong></span> <span class='ocrx_word' id='word_1_131' title='bbox 300 1699 442 1762; x_wconf 89' lang='lat' dir='ltr'><strong>membris</strong></span> <span class='ocrx_word' id='word_1_132' title='bbox 471 1718 569 1780; x_wconf 91' lang='lat' dir='ltr'><strong>vagor.</strong></span> <span class='ocrx_word' id='word_1_133' title='bbox 614 1699 671 1761; x_wconf 91' lang='lat' dir='ltr'><strong>hoc</strong></span> <span class='ocrx_word' id='word_1_134' title='bbox 700 1701 780 1779; x_wconf 88' lang='lat' dir='ltr'><strong>quod</strong></span> <span class='ocrx_word' id='word_1_135' title='bbox 807 1701 880 1762; x_wconf 89' lang='lat' dir='ltr'><strong>dicit</strong></span> <span class='ocrx_word' id='word_1_136' title='bbox 906 1703 977 1761; x_wconf 85' lang='lat' dir='ltr'><strong>satis</strong></span> <span class='ocrx_word' id='word_1_137' title='bbox 998 1699 1056 1760; x_wconf 88' lang='lat' dir='ltr'><strong>ilde</strong></span> <span class='ocrx_word' id='word_1_138' title='bbox 1079 1706 1174 1769; x_wconf 91' lang='lat' dir='ltr'><strong>caret,</strong></span> <span class='ocrx_word' id='word_1_139' title='bbox 1205 1699 1328 1758; x_wconf 93' lang='lat' dir='ltr'><strong>omnino</strong></span> 
     </span>
     <span class='ocr_line' id='line_1_15' title="bbox 42 1799 1328 1883; baseline -0.002 -22"><span class='ocrx_word' id='word_1_140' title='bbox 42 1820 91 1863; x_wconf 89' lang='lat' dir='ltr'><strong>non</strong></span> <span class='ocrx_word' id='word_1_141' title='bbox 113 1801 203 1863; x_wconf 91' lang='lat' dir='ltr'><strong>habet</strong></span> <span class='ocrx_word' id='word_1_142' title='bbox 224 1805 370 1865; x_wconf 90' lang='lat' dir='ltr'><strong>rationem</strong></span> <span class='ocrx_word' id='word_1_143' title='bbox 386 1804 516 1883; x_wconf 90' lang='lat' dir='ltr'><strong>penitus:</strong></span> <span class='ocrx_word' id='word_1_144' title='bbox 542 1804 619 1865; x_wconf 90' lang='lat' dir='ltr'><strong>seire</strong></span> <span class='ocrx_word' id='word_1_145' title='bbox 635 1802 786 1874; x_wconf 89' lang='lat' dir='ltr'><strong>debemus,</strong></span> <span class='ocrx_word' id='word_1_146' title='bbox 812 1804 860 1871; x_wconf 92' lang='lat' dir='ltr'><strong>ait,</strong></span> <span class='ocrx_word' id='word_1_147' title='bbox 883 1820 948 1864; x_wconf 90' lang='lat' dir='ltr'><strong>esse</strong></span> <span class='ocrx_word' id='word_1_148' title='bbox 969 1800 1065 1882; x_wconf 91' lang='lat' dir='ltr'><strong>aliqua</strong></span> <span class='ocrx_word' id='word_1_149' title='bbox 1080 1802 1169 1861; x_wconf 88' lang='lat' dir='ltr'><strong>etiam</strong></span> <span class='ocrx_word' id='word_1_150' title='bbox 1184 1802 1214 1861; x_wconf 93' lang='lat' dir='ltr'><strong>in</strong></span> <span class='ocrx_word' id='word_1_151' title='bbox 1230 1799 1328 1861; x_wconf 87' lang='lat' dir='ltr'><strong>verbis</strong></span> 
     </span>
     <span class='ocr_line' id='line_1_16' title="bbox 40 1903 1328 1982; baseline 0.002 -21"><span class='ocrx_word' id='word_1_152' title='bbox 40 1903 245 1981; x_wconf 78' lang='lat' dir='ltr'><strong>frequentativa</strong></span> <span class='ocrx_word' id='word_1_153' title='bbox 260 1923 320 1967; x_wconf 91' lang='lat' dir='ltr'><strong>non</strong></span> <span class='ocrx_word' id='word_1_154' title='bbox 337 1924 353 1965; x_wconf 91' lang='lat' dir='ltr'><strong>a</strong></span> <span class='ocrx_word' id='word_1_155' title='bbox 370 1904 466 1966; x_wconf 87' lang='lat' dir='ltr'><strong>verbis</strong></span> <span class='ocrx_word' id='word_1_156' title='bbox 482 1906 638 1977; x_wconf 88' lang='lat' dir='ltr'><strong>venientia,</strong></span> <span class='ocrx_word' id='word_1_157' title='bbox 655 1904 739 1965; x_wconf 87' lang='lat' dir='ltr'><strong>seda</strong></span> <span class='ocrx_word' id='word_1_158' title='bbox 755 1904 934 1977; x_wconf 86' lang='lat' dir='ltr'><strong>nominibus,</strong></span> <span class='ocrx_word' id='word_1_159' title='bbox 951 1912 984 1965; x_wconf 91' lang='lat' dir='ltr'><strong>ut</strong></span> <span class='ocrx_word' id='word_1_160' title='bbox 999 1915 1044 1965; x_wconf 93' lang='lat' dir='ltr'><strong>est</strong></span> <span class='ocrx_word' id='word_1_161' title='bbox 1058 1904 1233 1982; x_wconf 86' lang='lat' dir='ltr'><strong>graecissat;</strong></span> <span class='ocrx_word' id='word_1_162' title='bbox 1258 1920 1328 1963; x_wconf 90' lang='lat' dir='ltr'><strong>ecce</strong></span> 
     </span>
     <span class='ocr_line' id='line_1_17' title="bbox 15 2003 1327 2085; baseline 0.001 -21"><span class='ocrx_word' id='word_1_163' title='bbox 15 2028 32 2065; x_wconf 83' lang='lat' dir='ltr'><strong>n</strong></span> <span class='ocrx_word' id='word_1_164' title='bbox 42 2008 194 2083; x_wconf 83' lang='lat' dir='ltr'><strong>graecissat</strong></span> <span class='ocrx_word' id='word_1_165' title='bbox 209 2006 459 2084; x_wconf 79' lang='lat' dir='ltr'><strong>frequentativum</strong></span> <span class='ocrx_word' id='word_1_166' title='bbox 476 2015 527 2078; x_wconf 93' lang='lat' dir='ltr'><strong>est,</strong></span> <span class='ocrx_word' id='word_1_167' title='bbox 541 2007 593 2069; x_wconf 90' lang='lat' dir='ltr'><strong>sed</strong></span> <span class='ocrx_word' id='word_1_168' title='bbox 609 2007 646 2068; x_wconf 85' lang='lat' dir='ltr'><strong>de</strong></span> <span class='ocrx_word' id='word_1_169' title='bbox 663 2008 782 2067; x_wconf 91' lang='lat' dir='ltr'><strong>nomine</strong></span> <span class='ocrx_word' id='word_1_170' title='bbox 798 2008 944 2085; x_wconf 88' lang='lat' dir='ltr'><strong>originem</strong></span> <span class='ocrx_word' id='word_1_171' title='bbox 960 2006 1059 2068; x_wconf 88' lang='lat' dir='ltr'><strong>smnit.</strong></span> <span class='ocrx_word' id='word_1_172' title='bbox 1081 2006 1210 2085; x_wconf 89' lang='lat' dir='ltr'><strong>primum</strong></span> <span class='ocrx_word' id='word_1_173' title='bbox 1222 2003 1327 2066; x_wconf 89' lang='lat' dir='ltr'><strong>laisum</strong></span> 
     </span>
     <span class='ocr_line' id='line_1_18' title="bbox 44 2106 1331 2189; baseline -0.001 -21"><span class='ocrx_word' id='word_1_174' title='bbox 44 2118 88 2169; x_wconf 86' lang='lat' dir='ltr'><strong>est.</strong></span> <span class='ocrx_word' id='word_1_175' title='bbox 125 2109 375 2189; x_wconf 80' lang='lat' dir='ltr'><strong>frequentativum</strong></span> <span class='ocrx_word' id='word_1_176' title='bbox 398 2128 486 2189; x_wconf 93' lang='lat' dir='ltr'><strong>quem</strong></span> <span class='ocrx_word' id='word_1_177' title='bbox 509 2110 544 2171; x_wconf 74' lang='lat' dir='ltr'><strong>acl</strong></span> <span class='ocrx_word' id='word_1_178' title='bbox 568 2110 687 2171; x_wconf 82' lang='lat' dir='ltr'><strong>mnrium</strong></span> <span class='ocrx_word' id='word_1_179' title='bbox 710 2108 856 2170; x_wconf 78' lang='lat' dir='ltr'><strong>delinivit?</strong></span> <span class='ocrx_word' id='word_1_180' title='bbox 879 2108 1126 2187; x_wconf 80' lang='lat' dir='ltr'><strong>frequentativum</strong></span> <span class='ocrx_word' id='word_1_181' title='bbox 1145 2106 1268 2169; x_wconf 90' lang='lat' dir='ltr'><strong>verbum</strong></span> <span class='ocrx_word' id='word_1_182' title='bbox 1284 2116 1331 2168; x_wconf 91' lang='lat' dir='ltr'><strong>est</strong></span> 
     </span>
     <span class='ocr_line' id='line_1_19' title="bbox 42 2208 1327 2291; baseline 0.001 -22"><span class='ocrx_word' id='word_1_183' title='bbox 42 2210 110 2287; x_wconf 85' lang='lat' dir='ltr'><strong>quod</strong></span> <span class='ocrx_word' id='word_1_184' title='bbox 125 2228 215 2291; x_wconf 88' lang='lat' dir='ltr'><strong>saepe</strong></span> <span class='ocrx_word' id='word_1_185' title='bbox 232 2228 286 2271; x_wconf 91' lang='lat' dir='ltr'><strong>nos</strong></span> <span class='ocrx_word' id='word_1_186' title='bbox 302 2210 411 2289; x_wconf 92' lang='lat' dir='ltr'><strong>aliquid</strong></span> <span class='ocrx_word' id='word_1_187' title='bbox 428 2229 518 2291; x_wconf 89' lang='lat' dir='ltr'><strong>agere</strong></span> <span class='ocrx_word' id='word_1_188' title='bbox 533 2211 670 2282; x_wconf 91' lang='lat' dir='ltr'><strong>ostendit,</strong></span> <span class='ocrx_word' id='word_1_189' title='bbox 686 2218 720 2273; x_wconf 89' lang='lat' dir='ltr'><strong>ut</strong></span> <span class='ocrx_word' id='word_1_190' title='bbox 742 2220 788 2273; x_wconf 89' lang='lat' dir='ltr'><strong>est</strong></span> <span class='ocrx_word' id='word_1_191' title='bbox 809 2210 923 2281; x_wconf 89' lang='lat' dir='ltr'><strong>lectito,</strong></span> <span class='ocrx_word' id='word_1_192' title='bbox 957 2210 986 2271; x_wconf 89' lang='lat' dir='ltr'><strong>id</strong></span> <span class='ocrx_word' id='word_1_193' title='bbox 1003 2217 1048 2271; x_wconf 91' lang='lat' dir='ltr'><strong>est</strong></span> <span class='ocrx_word' id='word_1_194' title='bbox 1063 2210 1236 2290; x_wconf 81' lang='lat' dir='ltr'><strong>frequenter</strong></span> <span class='ocrx_word' id='word_1_195' title='bbox 1251 2208 1327 2287; x_wconf 88' lang='lat' dir='ltr'><strong>lego,</strong></span> 
     </span>
     <span class='ocr_line' id='line_1_20' title="bbox 41 2311 1328 2393; baseline -0.001 -22"><span class='ocrx_word' id='word_1_196' title='bbox 41 2314 177 2393; x_wconf 89' lang='lat' dir='ltr'><strong>scriptito,</strong></span> <span class='ocrx_word' id='word_1_197' title='bbox 200 2314 376 2391; x_wconf 80' lang='lat' dir='ltr'><strong>frequenter</strong></span> <span class='ocrx_word' id='word_1_198' title='bbox 398 2311 505 2385; x_wconf 87' lang='lat' dir='ltr'><strong>scribo,</strong></span> <span class='ocrx_word' id='word_1_199' title='bbox 529 2314 654 2385; x_wconf 89' lang='lat' dir='ltr'><strong>cantito,</strong></span> <span class='ocrx_word' id='word_1_200' title='bbox 677 2314 851 2393; x_wconf 82' lang='lat' dir='ltr'><strong>frequenter</strong></span> <span class='ocrx_word' id='word_1_201' title='bbox 878 2332 962 2375; x_wconf 91' lang='lat' dir='ltr'><strong>cano.</strong></span> <span class='ocrx_word' id='word_1_202' title='bbox 1006 2315 1032 2374; x_wconf 87' lang='lat' dir='ltr'><strong>si</strong></span> <span class='ocrx_word' id='word_1_203' title='bbox 1054 2320 1152 2376; x_wconf 91' lang='lat' dir='ltr'><strong>autem</strong></span> <span class='ocrx_word' id='word_1_204' title='bbox 1175 2312 1256 2373; x_wconf 84' lang='lat' dir='ltr'><strong>dicas</strong></span> <span class='ocrx_word' id='word_1_205' title='bbox 1276 2329 1328 2390; x_wconf 90' lang='lat' dir='ltr'><strong>pa-</strong></span> 
     </span>
     <span class='ocr_line' id='line_1_21' title="bbox 43 2414 1327 2497; baseline 0 -23"><span class='ocrx_word' id='word_1_206' title='bbox 43 2418 136 2487; x_wconf 89' lang='lat' dir='ltr'><strong>trisso,</strong></span> <span class='ocrx_word' id='word_1_207' title='bbox 161 2425 194 2477; x_wconf 95' lang='lat' dir='ltr'><strong>ut</strong></span> <span class='ocrx_word' id='word_1_208' title='bbox 217 2416 256 2475; x_wconf 91' lang='lat' dir='ltr'><strong>sit</strong></span> <span class='ocrx_word' id='word_1_209' title='bbox 276 2416 533 2495; x_wconf 79' lang='lat' dir='ltr'><strong>frequentativum,</strong></span> <span class='ocrx_word' id='word_1_210' title='bbox 557 2414 627 2497; x_wconf 88' lang='lat' dir='ltr'><strong>quid</strong></span> <span class='ocrx_word' id='word_1_211' title='bbox 656 2416 829 2495; x_wconf 79' lang='lat' dir='ltr'><strong>frequenter</strong></span> <span class='ocrx_word' id='word_1_212' title='bbox 856 2416 960 2496; x_wconf 77' lang='lat' dir='ltr'><strong>pater?</strong></span> <span class='ocrx_word' id='word_1_213' title='bbox 1003 2434 1072 2476; x_wconf 92' lang='lat' dir='ltr'><strong>nam</strong></span> <span class='ocrx_word' id='word_1_214' title='bbox 1101 2417 1125 2477; x_wconf 90' lang='lat' dir='ltr'><strong>si</strong></span> <span class='ocrx_word' id='word_1_215' title='bbox 1152 2415 1210 2475; x_wconf 90' lang='lat' dir='ltr'><strong>hoc</strong></span> <span class='ocrx_word' id='word_1_216' title='bbox 1236 2414 1327 2484; x_wconf 87' lang='lat' dir='ltr'><strong>dieas,</strong></span> 
     </span>
     <span class='ocr_line' id='line_1_22' title="bbox 13 2516 1327 2596; baseline -0.002 -19"><span class='ocrx_word' id='word_1_217' title='bbox 13 2518 84 2593; x_wconf 81' lang='lat' dir='ltr'><strong>aqui</strong></span> <span class='ocrx_word' id='word_1_218' title='bbox 105 2535 210 2579; x_wconf 90' lang='lat' dir='ltr'><strong>sensus</strong></span> <span class='ocrx_word' id='word_1_219' title='bbox 233 2518 307 2579; x_wconf 79' lang='lat' dir='ltr'><strong>erit?</strong></span> <span class='ocrx_word' id='word_1_220' title='bbox 332 2523 361 2577; x_wconf 93' lang='lat' dir='ltr'><strong>et</strong></span> <span class='ocrx_word' id='word_1_221' title='bbox 379 2521 556 2593; x_wconf 74' lang='lat' dir='ltr'><strong>praecisam.</strong></span> <span class='ocrx_word' id='word_1_222' title='bbox 603 2516 674 2595; x_wconf 86' lang='lat' dir='ltr'><strong>quid</strong></span> <span class='ocrx_word' id='word_1_223' title='bbox 696 2518 776 2579; x_wconf 92' lang='lat' dir='ltr'><strong>enim</strong></span> <span class='ocrx_word' id='word_1_224' title='bbox 799 2524 846 2579; x_wconf 92' lang='lat' dir='ltr'><strong>est</strong></span> <span class='ocrx_word' id='word_1_225' title='bbox 870 2518 1048 2596; x_wconf 84' lang='lat' dir='ltr'><strong>graecissati</strong></span> <span class='ocrx_word' id='word_1_226' title='bbox 1092 2516 1183 2596; x_wconf 88' lang='lat' dir='ltr'><strong>aliqui</strong></span> <span class='ocrx_word' id='word_1_227' title='bbox 1210 2518 1248 2577; x_wconf 93' lang='lat' dir='ltr'><strong>sit</strong></span> <span class='ocrx_word' id='word_1_228' title='bbox 1269 2516 1327 2576; x_wconf 87' lang='lat' dir='ltr'><strong>ire·</strong></span> 
     </span>
     <span class='ocr_line' id='line_1_23' title="bbox 41 2616 1327 2700; baseline -0.001 -22"><span class='ocrx_word' id='word_1_229' title='bbox 41 2625 156 2695; x_wconf 83' lang='lat' dir='ltr'><strong>quenter</strong></span> <span class='ocrx_word' id='word_1_230' title='bbox 179 2620 321 2697; x_wconf 75' lang='lat' dir='ltr'><strong>graecus?</strong></span> <span class='ocrx_word' id='word_1_231' title='bbox 366 2617 475 2681; x_wconf 92' lang='lat' dir='ltr'><strong>nullam</strong></span> <span class='ocrx_word' id='word_1_232' title='bbox 499 2618 610 2682; x_wconf 89' lang='lat' dir='ltr'><strong>habent</strong></span> <span class='ocrx_word' id='word_1_233' title='bbox 638 2620 783 2682; x_wconf 87' lang='lat' dir='ltr'><strong>rationem</strong></span> <span class='ocrx_word' id='word_1_234' title='bbox 811 2620 1018 2700; x_wconf 77' lang='lat' dir='ltr'><strong>frequentativi</strong></span> <span class='ocrx_word' id='word_1_235' title='bbox 1048 2618 1146 2689; x_wconf 82' lang='lat' dir='ltr'><strong>verbi,</strong></span> <span class='ocrx_word' id='word_1_236' title='bbox 1175 2618 1228 2680; x_wconf 77' lang='lat' dir='ltr'><strong>secl</strong></span> <span class='ocrx_word' id='word_1_237' title='bbox 1255 2616 1327 2678; x_wconf 86' lang='lat' dir='ltr'><strong>illud</strong></span> 
     </span>
     <span class='ocr_line' id='line_1_24' title="bbox 40 2718 1328 2803; baseline 0.001 -24"><span class='ocrx_word' id='word_1_238' title='bbox 40 2720 94 2780; x_wconf 79' lang='lat' dir='ltr'><strong>vrrlt</strong></span> <span class='ocrx_word' id='word_1_239' title='bbox 113 2720 225 2791; x_wconf 84' lang='lat' dir='ltr'><strong>dicere,</strong></span> <span class='ocrx_word' id='word_1_240' title='bbox 249 2722 377 2802; x_wconf 88' lang='lat' dir='ltr'><strong>patrisso</strong></span> <span class='ocrx_word' id='word_1_241' title='bbox 398 2721 429 2783; x_wconf 88' lang='lat' dir='ltr'><strong>id</strong></span> <span class='ocrx_word' id='word_1_242' title='bbox 453 2718 457 2803; x_wconf 73' lang='lat' dir='ltr'><strong>l</strong></span> <span class='ocrx_word' id='word_1_243' title='bbox 483 2728 527 2784; x_wconf 92' lang='lat' dir='ltr'><strong>est</strong></span> <span class='ocrx_word' id='word_1_244' title='bbox 549 2723 625 2802; x_wconf 90' lang='lat' dir='ltr'><strong>patri</strong></span> <span class='ocrx_word' id='word_1_245' title='bbox 647 2721 751 2783; x_wconf 90' lang='lat' dir='ltr'><strong>similis</strong></span> <span class='ocrx_word' id='word_1_246' title='bbox 773 2741 848 2785; x_wconf 90' lang='lat' dir='ltr'><strong>sum.</strong></span> <span class='ocrx_word' id='word_1_247' title='bbox 881 2739 952 2801; x_wconf 91' lang='lat' dir='ltr'><strong>ergo</strong></span> <span class='ocrx_word' id='word_1_248' title='bbox 968 2721 1126 2783; x_wconf 85' lang='lat' dir='ltr'><strong>derivativa</strong></span> <span class='ocrx_word' id='word_1_249' title='bbox 1148 2727 1218 2781; x_wconf 85' lang='lat' dir='ltr'><strong>suut</strong></span> <span class='ocrx_word' id='word_1_250' title='bbox 1231 2721 1328 2802; x_wconf 78' lang='lat' dir='ltr'><strong>potius</strong></span> 
     </span>
     <span class='ocr_line' id='line_1_25' title="bbox 41 2822 1329 2905; baseline -0.001 -23"><span class='ocrx_word' id='word_1_251' title='bbox 41 2822 248 2884; x_wconf 81' lang='lat' dir='ltr'><strong>acuminibus.</strong></span> <span class='ocrx_word' id='word_1_252' title='bbox 292 2832 448 2905; x_wconf 89' lang='lat' dir='ltr'><strong>praeterea</strong></span> <span class='ocrx_word' id='word_1_253' title='bbox 477 2830 522 2885; x_wconf 93' lang='lat' dir='ltr'><strong>est</strong></span> <span class='ocrx_word' id='word_1_254' title='bbox 544 2822 600 2885; x_wconf 91' lang='lat' dir='ltr'><strong>alia</strong></span> <span class='ocrx_word' id='word_1_255' title='bbox 622 2826 706 2896; x_wconf 91' lang='lat' dir='ltr'><strong>ratio,</strong></span> <span class='ocrx_word' id='word_1_256' title='bbox 734 2842 809 2904; x_wconf 90' lang='lat' dir='ltr'><strong>quae</strong></span> <span class='ocrx_word' id='word_1_257' title='bbox 831 2823 968 2885; x_wconf 85' lang='lat' dir='ltr'><strong>ostendat</strong></span> <span class='ocrx_word' id='word_1_258' title='bbox 990 2824 1129 2903; x_wconf 89' lang='lat' dir='ltr'><strong>queniam</strong></span> <span class='ocrx_word' id='word_1_259' title='bbox 1151 2841 1211 2883; x_wconf 92' lang='lat' dir='ltr'><strong>non</strong></span> <span class='ocrx_word' id='word_1_260' title='bbox 1233 2828 1329 2901; x_wconf 90' lang='lat' dir='ltr'><strong>potest</strong></span> 
     </span>
     <span class='ocr_line' id='line_1_26' title="bbox 40 2923 1329 3009; baseline 0.001 -26"><span class='ocrx_word' id='word_1_261' title='bbox 40 2923 89 2985; x_wconf 84' lang='lat' dir='ltr'><strong>loc</strong></span> <span class='ocrx_word' id='word_1_262' title='bbox 110 2943 177 2987; x_wconf 90' lang='lat' dir='ltr'><strong>esse</strong></span> <span class='ocrx_word' id='word_1_263' title='bbox 199 2926 459 3009; x_wconf 82' lang='lat' dir='ltr'><strong>frequentativum.</strong></span> <span class='ocrx_word' id='word_1_264' title='bbox 504 2945 565 2987; x_wconf 91' lang='lat' dir='ltr'><strong>non</strong></span> <span class='ocrx_word' id='word_1_265' title='bbox 594 2933 694 3007; x_wconf 91' lang='lat' dir='ltr'><strong>potest</strong></span> <span class='ocrx_word' id='word_1_266' title='bbox 720 2944 784 2988; x_wconf 91' lang='lat' dir='ltr'><strong>esse</strong></span> <span class='ocrx_word' id='word_1_267' title='bbox 812 2926 1060 3005; x_wconf 83' lang='lat' dir='ltr'><strong>irerprentativum</strong></span> <span class='ocrx_word' id='word_1_268' title='bbox 1083 2944 1100 2986; x_wconf 91' lang='lat' dir='ltr'><strong>a</strong></span> <span class='ocrx_word' id='word_1_269' title='bbox 1122 2944 1155 2987; x_wconf 90' lang='lat' dir='ltr'><strong>se</strong></span> <span class='ocrx_word' id='word_1_270' title='bbox 1183 2924 1329 3003; x_wconf 88' lang='lat' dir='ltr'><strong>originem</strong></span> 
     </span>
     <span class='ocr_line' id='line_1_27' title="bbox 14 3026 1437 3108; baseline -0.001 -21"><span class='ocrx_word' id='word_1_271' title='bbox 14 3046 161 3099; x_wconf 78' lang='lat' dir='ltr'><strong>esumens,</strong></span> <span class='ocrx_word' id='word_1_272' title='bbox 186 3029 243 3089; x_wconf 90' lang='lat' dir='ltr'><strong>nisi</strong></span> <span class='ocrx_word' id='word_1_273' title='bbox 265 3026 373 3089; x_wconf 88' lang='lat' dir='ltr'><strong>habeat</strong></span> <span class='ocrx_word' id='word_1_274' title='bbox 395 3027 568 3108; x_wconf 88' lang='lat' dir='ltr'><strong>principale.</strong></span> <span class='ocrx_word' id='word_1_275' title='bbox 615 3046 684 3090; x_wconf 89' lang='lat' dir='ltr'><strong>ecce</strong></span> <span class='ocrx_word' id='word_1_276' title='bbox 705 3027 807 3089; x_wconf 89' lang='lat' dir='ltr'><strong>lectito</strong></span> <span class='ocrx_word' id='word_1_277' title='bbox 830 3026 921 3089; x_wconf 87' lang='lat' dir='ltr'><strong>habet</strong></span> <span class='ocrx_word' id='word_1_278' title='bbox 942 3027 1107 3108; x_wconf 89' lang='lat' dir='ltr'><strong>principale</strong></span> <span class='ocrx_word' id='word_1_279' title='bbox 1130 3026 1211 3106; x_wconf 87' lang='lat' dir='ltr'><strong>lego,</strong></span> <span class='ocrx_word' id='word_1_280' title='bbox 1234 3029 1327 3107; x_wconf 89' lang='lat' dir='ltr'><strong>scrip·</strong></span> <span class='ocrx_word' id='word_1_281' title='bbox 1433 3100 1437 3105; x_wconf 16' lang='grc'>1</span> 
     </span>
     <span class='ocr_line' id='line_1_28' title="bbox 40 3122 1329 3211; baseline 0.002 -24"><span class='ocrx_word' id='word_1_282' title='bbox 40 3130 84 3188; x_wconf 88' lang='lat' dir='ltr'><strong>tito</strong></span> <span class='ocrx_word' id='word_1_283' title='bbox 105 3128 197 3190; x_wconf 90' lang='lat' dir='ltr'><strong>habet</strong></span> <span class='ocrx_word' id='word_1_284' title='bbox 218 3128 382 3211; x_wconf 90' lang='lat' dir='ltr'><strong>principale</strong></span> <span class='ocrx_word' id='word_1_285' title='bbox 397 3122 506 3201; x_wconf 76' lang='lat' dir='ltr'><strong>scribo,</strong></span> <span class='ocrx_word' id='word_1_286' title='bbox 530 3131 640 3192; x_wconf 89' lang='lat' dir='ltr'><strong>cursito</strong></span> <span class='ocrx_word' id='word_1_287' title='bbox 656 3129 746 3193; x_wconf 89' lang='lat' dir='ltr'><strong>habet</strong></span> <span class='ocrx_word' id='word_1_288' title='bbox 759 3130 928 3210; x_wconf 90' lang='lat' dir='ltr'><strong>principale</strong></span> <span class='ocrx_word' id='word_1_289' title='bbox 942 3149 1042 3192; x_wconf 90' lang='lat' dir='ltr'><strong>curro.</strong></span> <span class='ocrx_word' id='word_1_290' title='bbox 1073 3147 1146 3209; x_wconf 90' lang='lat' dir='ltr'><strong>ergo</strong></span> <span class='ocrx_word' id='word_1_291' title='bbox 1161 3130 1187 3189; x_wconf 91' lang='lat' dir='ltr'><strong>si</strong></span> <span class='ocrx_word' id='word_1_292' title='bbox 1201 3130 1329 3209; x_wconf 88' lang='lat' dir='ltr'><strong>patrisso</strong></span> 
     </span>
     <span class='ocr_line' id='line_1_29' title="bbox 41 3230 1329 3313; baseline 0.002 -24"><span class='ocrx_word' id='word_1_293' title='bbox 41 3238 77 3289; x_wconf 83' lang='lat' dir='ltr'><strong>est</strong></span> <span class='ocrx_word' id='word_1_294' title='bbox 97 3230 365 3311; x_wconf 81' lang='lat' dir='ltr'><strong>frequentativum,</strong></span> <span class='ocrx_word' id='word_1_295' title='bbox 396 3232 432 3293; x_wconf 87' lang='lat' dir='ltr'><strong>da</strong></span> <span class='ocrx_word' id='word_1_296' title='bbox 456 3233 527 3295; x_wconf 90' lang='lat' dir='ltr'><strong>mihi</strong></span> <span class='ocrx_word' id='word_1_297' title='bbox 550 3232 722 3313; x_wconf 90' lang='lat' dir='ltr'><strong>principale.</strong></span> <span class='ocrx_word' id='word_1_298' title='bbox 767 3234 793 3295; x_wconf 89' lang='lat' dir='ltr'><strong>si</strong></span> <span class='ocrx_word' id='word_1_299' title='bbox 822 3233 974 3311; x_wconf 89' lang='lat' dir='ltr'><strong>graecisso</strong></span> <span class='ocrx_word' id='word_1_300' title='bbox 1002 3241 1048 3293; x_wconf 89' lang='lat' dir='ltr'><strong>est</strong></span> <span class='ocrx_word' id='word_1_301' title='bbox 1070 3233 1329 3311; x_wconf 79' lang='lat' dir='ltr'><strong>frequentativum,</strong></span> 
     </span>
     <span class='ocr_line' id='line_1_30' title="bbox 41 3330 1328 3415; baseline 0.003 -24"><span class='ocrx_word' id='word_1_302' title='bbox 41 3330 69 3391; x_wconf 86' lang='lat' dir='ltr'><strong>vla</strong></span> <span class='ocrx_word' id='word_1_303' title='bbox 90 3332 162 3393; x_wconf 91' lang='lat' dir='ltr'><strong>mihi</strong></span> <span class='ocrx_word' id='word_1_304' title='bbox 185 3334 358 3415; x_wconf 91' lang='lat' dir='ltr'><strong>principale.</strong></span> <span class='ocrx_word' id='word_1_305' title='bbox 402 3352 473 3413; x_wconf 92' lang='lat' dir='ltr'><strong>ergo</strong></span> <span class='ocrx_word' id='word_1_306' title='bbox 496 3354 563 3397; x_wconf 91' lang='lat' dir='ltr'><strong>cum</strong></span> <span class='ocrx_word' id='word_1_307' title='bbox 586 3354 643 3397; x_wconf 89' lang='lat' dir='ltr'><strong>nec</strong></span> <span class='ocrx_word' id='word_1_308' title='bbox 665 3338 810 3397; x_wconf 91' lang='lat' dir='ltr'><strong>rationem</strong></span> <span class='ocrx_word' id='word_1_309' title='bbox 833 3334 942 3396; x_wconf 88' lang='lat' dir='ltr'><strong>haheat</strong></span> <span class='ocrx_word' id='word_1_310' title='bbox 964 3352 1020 3396; x_wconf 89' lang='lat' dir='ltr'><strong>nec</strong></span> <span class='ocrx_word' id='word_1_311' title='bbox 1041 3335 1188 3413; x_wconf 89' lang='lat' dir='ltr'><strong>originem</strong></span> <span class='ocrx_word' id='word_1_312' title='bbox 1210 3333 1328 3405; x_wconf 88' lang='lat' dir='ltr'><strong>habeat,</strong></span> 
     </span>
     <span class='ocr_line' id='line_1_31' title="bbox 42 3434 1330 3517; baseline 0 -22"><span class='ocrx_word' id='word_1_313' title='bbox 42 3437 169 3513; x_wconf 89' lang='lat' dir='ltr'><strong>quoniam</strong></span> <span class='ocrx_word' id='word_1_314' title='bbox 199 3451 288 3496; x_wconf 91' lang='lat' dir='ltr'><strong>omne</strong></span> <span class='ocrx_word' id='word_1_315' title='bbox 310 3437 558 3517; x_wconf 78' lang='lat' dir='ltr'><strong>frequentativum</strong></span> <span class='ocrx_word' id='word_1_316' title='bbox 581 3437 670 3499; x_wconf 88' lang='lat' dir='ltr'><strong>habet</strong></span> <span class='ocrx_word' id='word_1_317' title='bbox 691 3436 870 3517; x_wconf 86' lang='lat' dir='ltr'><strong>principale,</strong></span> <span class='ocrx_word' id='word_1_318' title='bbox 900 3455 958 3516; x_wconf 91' lang='lat' dir='ltr'><strong>quo</strong></span> <span class='ocrx_word' id='word_1_319' title='bbox 985 3436 1074 3497; x_wconf 89' lang='lat' dir='ltr'><strong>modo</strong></span> <span class='ocrx_word' id='word_1_320' title='bbox 1095 3455 1251 3515; x_wconf 90' lang='lat' dir='ltr'><strong>possumus</strong></span> <span class='ocrx_word' id='word_1_321' title='bbox 1272 3434 1330 3496; x_wconf 90' lang='lat' dir='ltr'><strong>hoc</strong></span> 
     </span>
     <span class='ocr_line' id='line_1_32' title="bbox 17 3535 920 3619; baseline 0.001 -22"><span class='ocrx_word' id='word_1_322' title='bbox 17 3535 131 3598; x_wconf 77' lang='lat' dir='ltr'><strong>nlicere</strong></span> <span class='ocrx_word' id='word_1_323' title='bbox 153 3538 413 3618; x_wconf 80' lang='lat' dir='ltr'><strong>frequentativum,</strong></span> <span class='ocrx_word' id='word_1_324' title='bbox 438 3558 505 3602; x_wconf 92' lang='lat' dir='ltr'><strong>cum</strong></span> <span class='ocrx_word' id='word_1_325' title='bbox 528 3558 588 3601; x_wconf 92' lang='lat' dir='ltr'><strong>non</strong></span> <span class='ocrx_word' id='word_1_326' title='bbox 611 3539 719 3601; x_wconf 88' lang='lat' dir='ltr'><strong>haheat</strong></span> <span class='ocrx_word' id='word_1_327' title='bbox 737 3538 920 3619; x_wconf 76' lang='lat' dir='ltr'><strong>principale?</strong></span> 
     </span>
    </p>

    <p class='ocr_par' dir='ltr' id='par_1_3' title="bbox 43 3639 1435 4027">
     <span class='ocr_line' id='line_1_33' title="bbox 115 3639 1435 3723; baseline -0.005 -20"><span class='ocrx_word' id='word_1_328' title='bbox 115 3640 202 3703; x_wconf 88' lang='lat' dir='ltr'><strong>Scire</strong></span> <span class='ocrx_word' id='word_1_329' title='bbox 225 3639 368 3703; x_wconf 90' lang='lat' dir='ltr'><strong>debemus</strong></span> <span class='ocrx_word' id='word_1_330' title='bbox 391 3660 455 3703; x_wconf 87' lang='lat' dir='ltr'><strong>esse</strong></span> <span class='ocrx_word' id='word_1_331' title='bbox 478 3641 574 3722; x_wconf 91' lang='lat' dir='ltr'><strong>aliqua</strong></span> <span class='ocrx_word' id='word_1_332' title='bbox 595 3640 684 3703; x_wconf 90' lang='lat' dir='ltr'><strong>verba</strong></span> <span class='ocrx_word' id='word_1_333' title='bbox 708 3661 783 3723; x_wconf 91' lang='lat' dir='ltr'><strong>quae</strong></span> <span class='ocrx_word' id='word_1_334' title='bbox 811 3641 968 3721; x_wconf 88' lang='lat' dir='ltr'><strong>caliginem</strong></span> <span class='ocrx_word' id='word_1_335' title='bbox 995 3642 1110 3701; x_wconf 88' lang='lat' dir='ltr'><strong>iaciunt</strong></span> <span class='ocrx_word' id='word_1_336' title='bbox 1135 3648 1165 3702; x_wconf 92' lang='lat' dir='ltr'><strong>et</strong></span> <span class='ocrx_word' id='word_1_337' title='bbox 1186 3640 1435 3719; x_wconf 66' lang='lat' dir='ltr'><strong>ambiguimus</strong></span> 
     </span>
     <span class='ocr_line' id='line_1_34' title="bbox 43 3740 1330 3825; baseline 0.002 -24"><span class='ocrx_word' id='word_1_338' title='bbox 43 3748 129 3812; x_wconf 85' lang='lat' dir='ltr'><strong>utem,</strong></span> <span class='ocrx_word' id='word_1_339' title='bbox 155 3750 186 3803; x_wconf 90' lang='lat' dir='ltr'><strong>et</strong></span> <span class='ocrx_word' id='word_1_340' title='bbox 207 3743 319 3813; x_wconf 90' lang='lat' dir='ltr'><strong>nescio,</strong></span> <span class='ocrx_word' id='word_1_341' title='bbox 342 3750 442 3805; x_wconf 91' lang='lat' dir='ltr'><strong>utrum</strong></span> <span class='ocrx_word' id='word_1_342' title='bbox 465 3745 615 3825; x_wconf 84' lang='lat' dir='ltr'><strong>perlectae</strong></span> <span class='ocrx_word' id='word_1_343' title='bbox 637 3744 751 3805; x_wconf 89' lang='lat' dir='ltr'><strong>lormae</strong></span> <span class='ocrx_word' id='word_1_344' title='bbox 774 3744 834 3803; x_wconf 92' lang='lat' dir='ltr'><strong>sint</strong></span> <span class='ocrx_word' id='word_1_345' title='bbox 856 3762 892 3804; x_wconf 89' lang='lat' dir='ltr'><strong>an</strong></span> <span class='ocrx_word' id='word_1_346' title='bbox 916 3740 1117 3812; x_wconf 83' lang='lat' dir='ltr'><strong>inchoativae,</strong></span> <span class='ocrx_word' id='word_1_347' title='bbox 1141 3749 1174 3804; x_wconf 93' lang='lat' dir='ltr'><strong>ut</strong></span> <span class='ocrx_word' id='word_1_348' title='bbox 1195 3761 1330 3813; x_wconf 86' lang='lat' dir='ltr'><strong>senesce,</strong></span> 
     </span>
     <span class='ocr_line' id='line_1_35' title="bbox 43 3843 1330 3926; baseline 0.002 -25"><span class='ocrx_word' id='word_1_349' title='bbox 43 3850 67 3901; x_wconf 92' lang='lat' dir='ltr'><strong>ut</strong></span> <span class='ocrx_word' id='word_1_350' title='bbox 86 3845 218 3923; x_wconf 87' lang='lat' dir='ltr'><strong>quiesco.</strong></span> <span class='ocrx_word' id='word_1_351' title='bbox 262 3843 399 3905; x_wconf 91' lang='lat' dir='ltr'><strong>videntur</strong></span> <span class='ocrx_word' id='word_1_352' title='bbox 422 3848 504 3925; x_wconf 72' lang='lat' dir='ltr'><strong>(prasi</strong></span> <span class='ocrx_word' id='word_1_353' title='bbox 527 3853 642 3926; x_wconf 85' lang='lat' dir='ltr'><strong>partem</strong></span> <span class='ocrx_word' id='word_1_354' title='bbox 664 3845 1010 3925; x_wconf 87' lang='lat' dir='ltr'><strong>habereperiectionis,</strong></span> <span class='ocrx_word' id='word_1_355' title='bbox 1039 3845 1070 3907; x_wconf 86' lang='lat' dir='ltr'><strong>id</strong></span> <span class='ocrx_word' id='word_1_356' title='bbox 1099 3852 1144 3905; x_wconf 89' lang='lat' dir='ltr'><strong>cst</strong></span> <span class='ocrx_word' id='word_1_357' title='bbox 1178 3845 1330 3924; x_wconf 88' lang='lat' dir='ltr'><strong>perlectae</strong></span> 
     </span>
     <span class='ocr_line' id='line_1_36' title="bbox 44 3943 1330 4027; baseline 0.005 -27"><span class='ocrx_word' id='word_1_358' title='bbox 44 3943 152 4017; x_wconf 88' lang='lat' dir='ltr'><strong>iormae,</strong></span> <span class='ocrx_word' id='word_1_359' title='bbox 178 3953 207 4006; x_wconf 92' lang='lat' dir='ltr'><strong>et</strong></span> <span class='ocrx_word' id='word_1_360' title='bbox 229 3956 345 4027; x_wconf 84' lang='lat' dir='ltr'><strong>partem</strong></span> <span class='ocrx_word' id='word_1_361' title='bbox 367 3946 478 4008; x_wconf 88' lang='lat' dir='ltr'><strong>habere</strong></span> <span class='ocrx_word' id='word_1_362' title='bbox 499 3947 692 4011; x_wconf 90' lang='lat' dir='ltr'><strong>inchoativae.</strong></span> <span class='ocrx_word' id='word_1_363' title='bbox 737 3965 826 4027; x_wconf 92' lang='lat' dir='ltr'><strong>quam</strong></span> <span class='ocrx_word' id='word_1_364' title='bbox 852 3955 970 4027; x_wconf 90' lang='lat' dir='ltr'><strong>partem</strong></span> <span class='ocrx_word' id='word_1_365' title='bbox 997 3947 1109 4010; x_wconf 88' lang='lat' dir='ltr'><strong>habent</strong></span> <span class='ocrx_word' id='word_1_366' title='bbox 1129 3946 1330 4008; x_wconf 69' lang='lat' dir='ltr'><strong>inchoativae?</strong></span> 
     </span>
    </p>

    <p class='ocr_par' dir='ltr' id='par_1_4' title="bbox 19 4048 1330 4234">
     <span class='ocr_line' id='line_1_37' title="bbox 19 4048 1330 4127; baseline 0.002 -21"><span class='ocrx_word' id='word_1_367' title='bbox 19 4048 136 4108; x_wconf 76' lang='lat' dir='ltr'><strong>stertiae</strong></span> <span class='ocrx_word' id='word_1_368' title='bbox 158 4050 376 4127; x_wconf 86' lang='lat' dir='ltr'><strong>coniugationis</strong></span> <span class='ocrx_word' id='word_1_369' title='bbox 396 4058 552 4126; x_wconf 80' lang='lat' dir='ltr'><strong>correptae</strong></span> <span class='ocrx_word' id='word_1_370' title='bbox 566 4057 635 4113; x_wconf 84' lang='lat' dir='ltr'><strong>sunt</strong></span> <span class='ocrx_word' id='word_1_371' title='bbox 647 4058 677 4111; x_wconf 86' lang='lat' dir='ltr'><strong>et</strong></span> <span class='ocrx_word' id='word_1_372' title='bbox 692 4054 723 4112; x_wconf 80' lang='lat' dir='ltr'><strong>in</strong></span> <span class='ocrx_word' id='word_1_373' title='bbox 738 4066 788 4111; x_wconf 87' lang='lat' dir='ltr'><strong>sco</strong></span> <span class='ocrx_word' id='word_1_374' title='bbox 802 4058 923 4126; x_wconf 82' lang='lat' dir='ltr'><strong>exeunt,</strong></span> <span class='ocrx_word' id='word_1_375' title='bbox 947 4058 980 4112; x_wconf 84' lang='lat' dir='ltr'><strong>ut</strong></span> <span class='ocrx_word' id='word_1_376' title='bbox 992 4058 1037 4112; x_wconf 87' lang='lat' dir='ltr'><strong>est</strong></span> <span class='ocrx_word' id='word_1_377' title='bbox 1049 4068 1186 4113; x_wconf 85' lang='lat' dir='ltr'><strong>senesco:</strong></span> <span class='ocrx_word' id='word_1_378' title='bbox 1207 4068 1330 4111; x_wconf 84' lang='lat' dir='ltr'><strong>senesce</strong></span> 
     </span>
     <span class='ocr_line' id='line_1_38' title="bbox 45 4149 1329 4234; baseline 0.002 -26"><span class='ocrx_word' id='word_1_379' title='bbox 45 4152 178 4221; x_wconf 81' lang='lat' dir='ltr'><strong>senescis,</strong></span> <span class='ocrx_word' id='word_1_380' title='bbox 207 4168 331 4211; x_wconf 84' lang='lat' dir='ltr'><strong>senesce</strong></span> <span class='ocrx_word' id='word_1_381' title='bbox 354 4152 385 4211; x_wconf 93' lang='lat' dir='ltr'><strong>in</strong></span> <span class='ocrx_word' id='word_1_382' title='bbox 406 4170 458 4213; x_wconf 87' lang='lat' dir='ltr'><strong>sco</strong></span> <span class='ocrx_word' id='word_1_383' title='bbox 479 4152 554 4222; x_wconf 79' lang='lat' dir='ltr'><strong>exit3</strong></span> <span class='ocrx_word' id='word_1_384' title='bbox 582 4170 706 4213; x_wconf 90' lang='lat' dir='ltr'><strong>senesce</strong></span> <span class='ocrx_word' id='word_1_385' title='bbox 730 4152 846 4213; x_wconf 87' lang='lat' dir='ltr'><strong>videtur</strong></span> <span class='ocrx_word' id='word_1_386' title='bbox 867 4150 979 4214; x_wconf 90' lang='lat' dir='ltr'><strong>habere</strong></span> <span class='ocrx_word' id='word_1_387' title='bbox 1002 4154 1084 4234; x_wconf 89' lang='lat' dir='ltr'><strong>quasi</strong></span> <span class='ocrx_word' id='word_1_388' title='bbox 1107 4153 1180 4215; x_wconf 90' lang='lat' dir='ltr'><strong>duas</strong></span> <span class='ocrx_word' id='word_1_389' title='bbox 1200 4149 1329 4229; x_wconf 89' lang='lat' dir='ltr'><strong>regulas.</strong></span> 
     </span>
    </p>
   </div>
   <div class='ocr_carea' id='block_1_3' title="bbox 46 4336 1331 4955">
    <p class='ocr_par' dir='ltr' id='par_1_5' title="bbox 46 4336 1331 4955">
     <span class='ocr_line' id='line_1_39' title="bbox 102 4336 1330 4404; baseline -0.001 -16"><span class='ocrx_word' id='word_1_390' title='bbox 102 4336 328 4404; x_wconf 80' lang='lat' dir='ltr'><strong>lsignillcatione]</strong></span> <span class='ocrx_word' id='word_1_391' title='bbox 347 4338 445 4388; x_wconf 86' lang='lat' dir='ltr'><strong>ratione</strong></span> <span class='ocrx_word' id='word_1_392' title='bbox 456 4338 539 4390; x_wconf 82' lang='lat' dir='ltr'><strong>ABG</strong></span> <span class='ocrx_word' id='word_1_393' title='bbox 586 4340 603 4389; x_wconf 74' lang='lat'><strong>5</strong></span> <span class='ocrx_word' id='word_1_394' title='bbox 621 4348 680 4389; x_wconf 90' lang='lat' dir='ltr'><strong>snut</strong></span> <span class='ocrx_word' id='word_1_395' title='bbox 696 4348 721 4387; x_wconf 84' lang='lat' dir='ltr'><strong>et</strong></span> <span class='ocrx_word' id='word_1_396' title='bbox 736 4340 888 4389; x_wconf 85' lang='lat' dir='ltr'><strong>diminution</strong></span> <span class='ocrx_word' id='word_1_397' title='bbox 907 4347 1028 4389; x_wconf 78' lang='lat' dir='ltr'><strong>ettamen</strong></span> <span class='ocrx_word' id='word_1_398' title='bbox 1046 4338 1071 4387; x_wconf 84' lang='grc' dir='ltr'><em>Α</em></span> <span class='ocrx_word' id='word_1_399' title='bbox 1123 4340 1139 4388; x_wconf 85' lang='grc'><strong>7</strong></span> <span class='ocrx_word' id='word_1_400' title='bbox 1158 4337 1330 4403; x_wconf 85' lang='lat' dir='ltr'><strong>ethimologiis</strong></span> 
     </span>
     <span class='ocr_line' id='line_1_40' title="bbox 47 4400 1329 4474; baseline 0.002 -21"><span class='ocrx_word' id='word_1_401' title='bbox 47 4400 84 4453; x_wconf 85' lang='lat' dir='ltr'><strong>Ba</strong></span> <span class='ocrx_word' id='word_1_402' title='bbox 105 4408 340 4473; x_wconf 81' lang='lat' dir='ltr'><strong>eetoemologiisO</strong></span> <span class='ocrx_word' id='word_1_403' title='bbox 363 4408 526 4474; x_wconf 71' lang='lat' dir='ltr'><strong>ethimologia</strong></span> <span class='ocrx_word' id='word_1_404' title='bbox 542 4408 567 4459; x_wconf 86' lang='grc' dir='ltr'><em>Α</em></span> <span class='ocrx_word' id='word_1_405' title='bbox 654 4408 855 4474; x_wconf 84' lang='lat' dir='ltr'><strong>8permutatam</strong></span> <span class='ocrx_word' id='word_1_406' title='bbox 877 4410 987 4459; x_wconf 83' lang='lat' dir='ltr'><strong>litteram</strong></span> <span class='ocrx_word' id='word_1_407' title='bbox 1009 4408 1094 4459; x_wconf 79' lang='lat' dir='ltr'><strong>ABG</strong></span> <span class='ocrx_word' id='word_1_408' title='bbox 1181 4410 1329 4460; x_wconf 80' lang='lat' dir='ltr'><strong>ilceterum</strong></span> 
     </span>
     <span class='ocr_line' id='line_1_41' title="bbox 46 4476 1331 4546; baseline 0.005 -26"><span class='ocrx_word' id='word_1_409' title='bbox 46 4476 124 4535; x_wconf 80' lang='lat' dir='ltr'><strong>pitisso</strong></span> <span class='ocrx_word' id='word_1_410' title='bbox 142 4479 166 4528; x_wconf 90' lang='grc' dir='ltr'><em>Β</em></span> <span class='ocrx_word' id='word_1_411' title='bbox 239 4478 272 4530; x_wconf 83' lang='lat'><strong>10</strong></span> <span class='ocrx_word' id='word_1_412' title='bbox 290 4478 355 4541; x_wconf 88' lang='lat' dir='ltr'><strong>quod</strong></span> <span class='ocrx_word' id='word_1_413' title='bbox 376 4487 436 4544; x_wconf 86' lang='lat' dir='ltr'><strong>poto</strong></span> <span class='ocrx_word' id='word_1_414' title='bbox 453 4480 479 4529; x_wconf 89' lang='lat' dir='ltr'><em>B</em></span> <span class='ocrx_word' id='word_1_415' title='bbox 485 4478 505 4531; x_wconf 85' lang='lat'><em>0</em></span> <span class='ocrx_word' id='word_1_416' title='bbox 575 4480 700 4546; x_wconf 85' lang='lat' dir='ltr'><strong>originem</strong></span> <span class='ocrx_word' id='word_1_417' title='bbox 718 4480 795 4529; x_wconf 84' lang='lat' dir='ltr'><strong>trahit</strong></span> <span class='ocrx_word' id='word_1_418' title='bbox 811 4478 865 4530; x_wconf 81' lang='grc' dir='ltr'><strong>ΑΟ</strong></span> <span class='ocrx_word' id='word_1_419' title='bbox 887 4480 1012 4545; x_wconf 85' lang='lat' dir='ltr'><strong>originem</strong></span> <span class='ocrx_word' id='word_1_420' title='bbox 1030 4477 1096 4527; x_wconf 81' lang='lat' dir='ltr'><strong>tratri</strong></span> <span class='ocrx_word' id='word_1_421' title='bbox 1113 4497 1130 4531; x_wconf 86' lang='lat' dir='ltr'><strong>a</strong></span> <span class='ocrx_word' id='word_1_422' title='bbox 1149 4479 1248 4545; x_wconf 90' lang='lat' dir='ltr'><strong>origine</strong></span> <span class='ocrx_word' id='word_1_423' title='bbox 1265 4476 1331 4526; x_wconf 82' lang='lat' dir='ltr'><strong>trahi</strong></span> 
     </span>
     <span class='ocr_line' id='line_1_42' title="bbox 47 4542 1331 4616; baseline -0.001 -18"><span class='ocrx_word' id='word_1_424' title='bbox 47 4542 66 4591; x_wconf 83' lang='lat' dir='ltr'><em>B</em></span> <span class='ocrx_word' id='word_1_425' title='bbox 116 4547 146 4598; x_wconf 96' lang='lat' dir='ltr'><strong>ll</strong></span> <span class='ocrx_word' id='word_1_426' title='bbox 166 4556 226 4599; x_wconf 86' lang='lat' dir='ltr'><strong>nuto</strong></span> <span class='ocrx_word' id='word_1_427' title='bbox 244 4548 320 4599; x_wconf 76' lang='lat' dir='ltr'><strong>ena</strong></span> <span class='ocrx_word' id='word_1_428' title='bbox 340 4549 483 4614; x_wconf 79' lang='lat' dir='ltr'><strong>nutuA(?)</strong></span> <span class='ocrx_word' id='word_1_429' title='bbox 533 4564 594 4615; x_wconf 81' lang='lat' dir='ltr'><strong>crgo</strong></span> <span class='ocrx_word' id='word_1_430' title='bbox 614 4564 681 4613; x_wconf 88' lang='lat' dir='ltr'><strong>uego</strong></span> <span class='ocrx_word' id='word_1_431' title='bbox 700 4566 767 4603; x_wconf 76' lang='lat' dir='ltr'><strong>corr.</strong></span> <span class='ocrx_word' id='word_1_432' title='bbox 787 4564 850 4616; x_wconf 89' lang='lat' dir='ltr'><strong>ergo</strong></span> <span class='ocrx_word' id='word_1_433' title='bbox 866 4550 974 4615; x_wconf 80' lang='lat' dir='ltr'><strong>uugoA</strong></span> <span class='ocrx_word' id='word_1_434' title='bbox 1033 4548 1066 4600; x_wconf 83' lang='lat'><strong>12</strong></span> <span class='ocrx_word' id='word_1_435' title='bbox 1087 4551 1161 4613; x_wconf 88' lang='lat' dir='ltr'><strong>quasi</strong></span> <span class='ocrx_word' id='word_1_436' title='bbox 1182 4548 1331 4599; x_wconf 79' lang='lat' dir='ltr'><strong>nutoBOn</strong></span> 
     </span>
     <span class='ocr_line' id='line_1_43' title="bbox 46 4616 1262 4685; baseline 0.009 -27"><span class='ocrx_word' id='word_1_437' title='bbox 46 4616 108 4675; x_wconf 81' lang='lat' dir='ltr'><strong>qnasi</strong></span> <span class='ocrx_word' id='word_1_438' title='bbox 127 4628 186 4669; x_wconf 85' lang='lat' dir='ltr'><strong>natu</strong></span> <span class='ocrx_word' id='word_1_439' title='bbox 201 4616 269 4685; x_wconf 80' lang='lat' dir='ltr'><em>A(?)</em></span> <span class='ocrx_word' id='word_1_440' title='bbox 342 4620 375 4669; x_wconf 80' lang='grc'><strong>14</strong></span> <span class='ocrx_word' id='word_1_441' title='bbox 394 4636 452 4669; x_wconf 89' lang='lat' dir='ltr'><strong>ecce</strong></span> <span class='ocrx_word' id='word_1_442' title='bbox 470 4620 610 4684; x_wconf 85' lang='lat' dir='ltr'><strong>graecissat</strong></span> <span class='ocrx_word' id='word_1_443' title='bbox 629 4634 675 4673; x_wconf 87' lang='lat' dir='ltr'><strong>om.</strong></span> <span class='ocrx_word' id='word_1_444' title='bbox 696 4620 736 4684; x_wconf 84' lang='grc' dir='ltr'><strong>Α,</strong></span> <span class='ocrx_word' id='word_1_445' title='bbox 758 4621 818 4673; x_wconf 82' lang='lat' dir='ltr'><strong>add.</strong></span> <span class='ocrx_word' id='word_1_446' title='bbox 840 4636 858 4669; x_wconf 83' lang='lat' dir='ltr'><strong>a</strong></span> <span class='ocrx_word' id='word_1_447' title='bbox 929 4619 962 4670; x_wconf 87' lang='grc'><strong>18</strong></span> <span class='ocrx_word' id='word_1_448' title='bbox 985 4618 1132 4682; x_wconf 74' lang='lat' dir='ltr'><strong>frequenter</strong></span> <span class='ocrx_word' id='word_1_449' title='bbox 1148 4630 1223 4669; x_wconf 87' lang='lat' dir='ltr'><strong>cauto</strong></span> <span class='ocrx_word' id='word_1_450' title='bbox 1236 4619 1262 4669; x_wconf 90' lang='lat' dir='ltr'><em>B</em></span> 
     </span>
     <span class='ocr_line' id='line_1_44' title="bbox 47 4684 1331 4753; baseline 0.001 -18"><span class='ocrx_word' id='word_1_451' title='bbox 47 4684 75 4731; x_wconf 74' lang='lat'><strong>&#39;20</strong></span> <span class='ocrx_word' id='word_1_452' title='bbox 91 4688 136 4737; x_wconf 84' lang='lat' dir='ltr'><strong>erit</strong></span> <span class='ocrx_word' id='word_1_453' title='bbox 161 4688 262 4751; x_wconf 88' lang='lat' dir='ltr'><strong>etquid</strong></span> <span class='ocrx_word' id='word_1_454' title='bbox 280 4690 347 4739; x_wconf 86' lang='lat' dir='ltr'><strong>enim</strong></span> <span class='ocrx_word' id='word_1_455' title='bbox 366 4690 438 4739; x_wconf 79' lang='lat' dir='ltr'><strong>nea</strong></span> <span class='ocrx_word' id='word_1_456' title='bbox 455 4691 502 4741; x_wconf 87' lang='lat' dir='ltr'><strong>erit</strong></span> <span class='ocrx_word' id='word_1_457' title='bbox 517 4689 577 4753; x_wconf 90' lang='lat' dir='ltr'><strong>quid</strong></span> <span class='ocrx_word' id='word_1_458' title='bbox 591 4690 658 4738; x_wconf 86' lang='lat' dir='ltr'><strong>enim</strong></span> <span class='ocrx_word' id='word_1_459' title='bbox 676 4688 702 4738; x_wconf 87' lang='grc' dir='ltr'><em>Α</em></span> <span class='ocrx_word' id='word_1_460' title='bbox 772 4689 853 4753; x_wconf 82' lang='lat' dir='ltr'><strong>aliqui</strong></span> <span class='ocrx_word' id='word_1_461' title='bbox 872 4691 904 4739; x_wconf 89' lang='lat' dir='ltr'><strong>sit</strong></span> <span class='ocrx_word' id='word_1_462' title='bbox 920 4689 972 4740; x_wconf 83' lang='lat' dir='ltr'><strong>AC</strong></span> <span class='ocrx_word' id='word_1_463' title='bbox 992 4689 1086 4751; x_wconf 82' lang='lat' dir='ltr'><strong>aliquis</strong></span> <span class='ocrx_word' id='word_1_464' title='bbox 1105 4692 1138 4739; x_wconf 85' lang='lat' dir='ltr'><strong>sit</strong></span> <span class='ocrx_word' id='word_1_465' title='bbox 1151 4690 1177 4740; x_wconf 90' lang='grc' dir='ltr'><em>Β</em></span> <span class='ocrx_word' id='word_1_466' title='bbox 1195 4697 1222 4738; x_wconf 89' lang='lat' dir='ltr'><strong>ut</strong></span> <span class='ocrx_word' id='word_1_467' title='bbox 1239 4687 1331 4751; x_wconf 85' lang='lat' dir='ltr'><strong>aliquis</strong></span> 
     </span>
     <span class='ocr_line' id='line_1_45' title="bbox 47 4754 1331 4825; baseline 0.007 -27"><span class='ocrx_word' id='word_1_468' title='bbox 47 4754 75 4799; x_wconf 83' lang='lat' dir='ltr'><strong>sit</strong></span> <span class='ocrx_word' id='word_1_469' title='bbox 85 4754 116 4802; x_wconf 78' lang='lat' dir='ltr'><strong>a*</strong></span> <span class='ocrx_word' id='word_1_470' title='bbox 169 4760 201 4807; x_wconf 83' lang='lat'><strong>22</strong></span> <span class='ocrx_word' id='word_1_471' title='bbox 219 4773 283 4825; x_wconf 87' lang='lat' dir='ltr'><strong>ergo</strong></span> <span class='ocrx_word' id='word_1_472' title='bbox 297 4770 323 4808; x_wconf 82' lang='lat' dir='ltr'><strong>ut</strong></span> <span class='ocrx_word' id='word_1_473' title='bbox 338 4759 475 4810; x_wconf 86' lang='lat' dir='ltr'><strong>uideantur</strong></span> <span class='ocrx_word' id='word_1_474' title='bbox 492 4759 578 4824; x_wconf 88' lang='lat' dir='ltr'><strong>petius</strong></span> <span class='ocrx_word' id='word_1_475' title='bbox 597 4758 739 4809; x_wconf 83' lang='lat' dir='ltr'><strong>deriuatiua</strong></span> <span class='ocrx_word' id='word_1_476' title='bbox 752 4774 768 4807; x_wconf 81' lang='lat' dir='ltr'><strong>a</strong></span> <span class='ocrx_word' id='word_1_477' title='bbox 781 4760 924 4809; x_wconf 88' lang='lat' dir='ltr'><strong>nominibus</strong></span> <span class='ocrx_word' id='word_1_478' title='bbox 937 4775 999 4825; x_wconf 86' lang='lat' dir='ltr'><strong>ergo</strong></span> <span class='ocrx_word' id='word_1_479' title='bbox 1013 4759 1150 4811; x_wconf 80' lang='lat' dir='ltr'><strong>diriuetiuc</strong></span> <span class='ocrx_word' id='word_1_480' title='bbox 1167 4769 1226 4810; x_wconf 85' lang='lat' dir='ltr'><strong>suut</strong></span> <span class='ocrx_word' id='word_1_481' title='bbox 1246 4760 1331 4825; x_wconf 88' lang='lat' dir='ltr'><strong>potius</strong></span> 
     </span>
     <span class='ocr_line' id='line_1_46' title="bbox 47 4826 1331 4901; baseline 0.005 -30"><span class='ocrx_word' id='word_1_482' title='bbox 47 4826 208 4901; x_wconf 75' lang='lat' dir='ltr'><strong>acuminibus</strong></span> <span class='ocrx_word' id='word_1_483' title='bbox 224 4829 249 4878; x_wconf 80' lang='lat' dir='ltr'><em>A</em></span> <span class='ocrx_word' id='word_1_484' title='bbox 329 4829 363 4880; x_wconf 80' lang='grc'><strong>34</strong></span> <span class='ocrx_word' id='word_1_485' title='bbox 384 4844 458 4893; x_wconf 86' lang='lat' dir='ltr'><strong>quum</strong></span> <span class='ocrx_word' id='word_1_486' title='bbox 473 4838 572 4894; x_wconf 87' lang='lat' dir='ltr'><strong>purtem</strong></span> <span class='ocrx_word' id='word_1_487' title='bbox 589 4828 662 4879; x_wconf 81' lang='lat' dir='ltr'><strong>Aet</strong></span> <span class='ocrx_word' id='word_1_488' title='bbox 681 4845 746 4895; x_wconf 87' lang='lat' dir='ltr'><strong>quae</strong></span> <span class='ocrx_word' id='word_1_489' title='bbox 764 4840 862 4895; x_wconf 88' lang='lat' dir='ltr'><strong>purtem</strong></span> <span class='ocrx_word' id='word_1_490' title='bbox 881 4828 942 4880; x_wconf 73' lang='lat' dir='ltr'><strong>Ba*</strong></span> <span class='ocrx_word' id='word_1_491' title='bbox 1029 4828 1062 4881; x_wconf 83' lang='grc'><strong>35</strong></span> <span class='ocrx_word' id='word_1_492' title='bbox 1081 4838 1212 4895; x_wconf 86' lang='lat' dir='ltr'><strong>correptae</strong></span> <span class='ocrx_word' id='word_1_493' title='bbox 1231 4836 1331 4880; x_wconf 88' lang='lat' dir='ltr'><strong>suntet</strong></span> 
     </span>
     <span class='ocr_line' id='line_1_47' title="bbox 48 4898 889 4955; baseline 0.014 -17"><span class='ocrx_word' id='word_1_494' title='bbox 48 4906 69 4939; x_wconf 90' lang='lat' dir='ltr'><strong>m</strong></span> <span class='ocrx_word' id='word_1_495' title='bbox 85 4910 127 4943; x_wconf 89' lang='lat' dir='ltr'><strong>sco</strong></span> <span class='ocrx_word' id='word_1_496' title='bbox 145 4906 236 4948; x_wconf 83' lang='lat' dir='ltr'><strong>exeunt</strong></span> <span class='ocrx_word' id='word_1_497' title='bbox 253 4906 281 4947; x_wconf 91' lang='lat' dir='ltr'><strong>ut</strong></span> <span class='ocrx_word' id='word_1_498' title='bbox 298 4907 337 4949; x_wconf 86' lang='lat' dir='ltr'><strong>est</strong></span> <span class='ocrx_word' id='word_1_499' title='bbox 353 4914 461 4950; x_wconf 85' lang='lat' dir='ltr'><strong>seueseo</strong></span> <span class='ocrx_word' id='word_1_500' title='bbox 478 4914 524 4955; x_wconf 86' lang='lat' dir='ltr'><strong>om.</strong></span> <span class='ocrx_word' id='word_1_501' title='bbox 542 4898 624 4951; x_wconf 73' lang='lat' dir='ltr'><strong>Aac</strong></span> <span class='ocrx_word' id='word_1_502' title='bbox 692 4899 727 4951; x_wconf 81' lang='grc'><strong>33</strong></span> <span class='ocrx_word' id='word_1_503' title='bbox 746 4900 770 4949; x_wconf 91' lang='lat' dir='ltr'><strong>in</strong></span> <span class='ocrx_word' id='word_1_504' title='bbox 789 4914 848 4949; x_wconf 84' lang='lat' dir='ltr'><strong>esco</strong></span> <span class='ocrx_word' id='word_1_505' title='bbox 868 4900 889 4950; x_wconf 83' lang='lat'><em>0</em></span> 
     </span>
    </p>
   </div>
   <div class='ocr_carea' id='block_1_4' title="bbox 0 0 1680 5442">
    <p class='ocr_par' dir='ltr' id='par_1_6' title="bbox 0 0 1680 5442">
     <span class='ocr_line' id='line_1_48' title="bbox 0 0 1680 5442; baseline 0 0"><span class='ocrx_word' id='word_1_506' title='bbox 0 0 1680 5442; x_wconf 95' lang='lat' dir='ltr'><strong> </strong></span> 
     </span>
    </p>
   </div>
  </div>
 </body>
</html>
