3350 5442
190 391 192 394 -
296 365 360 429 624
856 367 1040 450 meroru-

323 488 344 529 [ι.
358 476 416 517 θ’ῖθῖ.
430 477 456 515 63
470 474 493 514 Ρ.
706 526 711 537 Ι
840 534 841 537 ¹

296 558 413 615 linitum
434 556 548 615 iaciunt
570 555 710 615 adiuncto
732 556 889 637 participio
912 556 957 615 rel
980 558 1074 633 magis
1095 552 1221 633 gerundi
1244 554 1398 615 modoire
1421 572 1474 615 seu
1499 555 1542 613 iri
1565 562 1591 611 et

296 658 395 718 velia
416 660 534 737 passivo
557 656 676 717 doctum
698 659 738 717 iri
759 656 805 717 vel
827 659 860 717 in
882 660 976 718 activo
998 657 1118 717 doctum
1141 659 1185 717 ire
1200 660 1407 737 pronuntiant.
1437 648 1588 733 ἀπαρέγ-

297 777 387 839 φατα
414 778 488 839 quae
517 762 548 820 in
569 762 631 820 θαι
657 766 768 820 exeunt
789 769 840 819 aut
862 762 985 821 tertium
1012 760 1108 819 alane
1131 767 1250 821 acutum
1272 762 1450 827 sortiuntur,
1479 767 1516 819 ut
1539 754 1592 816 λε’-

229 886 235 893 ·
296 864 419 941 γεσθαι
440 853 645 941 γράφεσθαι,
668 861 918 931 autsecuudum,
952 870 984 923 ut
1006 860 1156 923 τεκίλθαι
1177 856 1359 941 κεκάρθαι,
1389 868 1442 921 ant
1463 862 1591 921 circurn-

298 966 420 1025 llectunt
442 964 663 1042 paenultimam,
688 972 720 1025 ut
740 965 899 1024 κυεῖσθαι
921 966 1085 1024 νοεῖσθαι.
1116 956 1356 1045 άιιαρέμφαιον
1371 963 1454 1043 quod
1475 965 1508 1023 iu
1532 964 1612 1022 ilar:

298 1069 369 1136 enit,
393 1067 418 1127 si
440 1065 548 1126 habeat
569 1068 599 1126 in
621 1064 803 1145 paenultima
824 1085 858 1145 υ,
882 1066 968 1126 modo
983 1068 1149 1145 praesentis
1163 1067 1306 1145 tenrporis
1321 1074 1376 1135 est,
1401 1065 1490 1126 modo
1504 1083 1591 1145 prac-

299 1170 381 1229 teriti
403 1168 539 1247 perlecti,
563 1175 594 1228 et
615 1167 691 1228 banc
713 1168 915 1229 diversitatem
937 1168 1081 1229 discernit
1105 1176 1253 1229 accentus.
1298 1186 1365 1229 nam
1395 1170 1420 1229 si
1445 1170 1556 1227 tertius
1577 1188 1591 1223 a

298 1274 356 1333 lure
379 1273 427 1340 sit,
450 1288 592 1350 praesens
613 1276 732 1349 tempus
754 1270 890 1340 ostendit,
914 1278 948 1331 ut
969 1264 1137 1332 ὄλλυσθαι
1153 1265 1345 1351 ῥήγνυσθαι
1366 1264 1591 1349 ζεύγνυσθαι

299 1378 324 1434 si
349 1373 514 1443 secamus,
537 1373 732 1452 praeteritum
755 1374 930 1452 perlectum,
955 1382 986 1433 nt
1008 1368 1174 1434 λελύσθαι
1197 1368 1349 1445 ἐξάσθαι.
1394 1372 1476 1433 unde
1499 1368 1592 1448 elpo-

298 1478 376 1555 θαι,
406 1478 433 1535 si
459 1477 491 1535 in
518 1476 615 1553 capite
637 1474 746 1535 babeat
767 1483 936 1544 accentum,
966 1474 1119 1555 σημαίνει
1140 1470 1310 1553 ἕλκεσθαι,
1333 1474 1413 1554 quod
1435 1482 1484 1534 e'st
1504 1492 1589 1553 prae·
1604 1494 1618 1527 ι.

299 1580 409 1647 sentis;
447 1579 474 1637 si
509 1579 541 1636 in
576 1576 759 1655 paenultima
796 1580 849 1646 sit,
884 1576 1039 1658 σημαίνει
1075 1573 1271 1655 alludebat,
1308 1575 1386 1656 quod
1424 1584 1473 1636 est
1506 1594 1590 1655 prae-

301 1680 393 1749 teriti,
417 1678 498 1757 ‘uqa
514 1673 766 1755 κακειράσθαι’.
795 1682 825 1739 in
838 1672 1090 1759 άκαρεμφάτοις
1110 1681 1274 1759 conpositio
1296 1698 1355 1739 unu
1377 1686 1475 1739 mutat
1489 1696 1589 1739 accen·

301 1791 373 1851 tum,
397 1782 449 1842 sed
465 1782 543 1841 hunc
558 1783 712 1861 conposita
727 1781 907 1851 custodiunt,
930 1782 981 1861 qui
1004 1781 1189 1861 simplicibus
1210 1780 1399 1851 adhaerebat,
1417 1779 1592 1859 φιλεῖσθαι

300 1883 576 1963 κακαφιλεῐσθαι,
605 1886 740 1944 κεῖσθαι
766 1886 996 1947 κατακεῖσθαι.
1040 1883 1168 1963 deniqne
1195 1889 1426 1963 καταγραψαι,
1462 1884 1531 1961 (prtia
1564 1890 1590 1940 et

301 1988 390 2047 activi
418 1986 622 2065 aparempbati
650 1992 696 2045 est
722 1994 752 2045 et
780 1988 887 2066 passivi
918 1988 1102 2066 imperativi,
1135 2004 1203 2046 cum
1231 1994 1278 2045 est
1308 1985 1527 2065 aparempbati,
1562 1986 1622 2042 inc·

278 2087 506 2159 ,vcrbohabet
527 2096 699 2159 accentum,
723 2083 952 2168 καταγράψαι,
981 2096 1010 2148 at
1033 2106 1099 2148 cum
1123 2095 1168 2147 est
1190 2089 1374 2167 imperativi,
1405 2086 1441 2147 ad
1469 2105 1589 2165 praepo·

301 2192 439 2251 sirionem
463 2192 600 2260 recurrit,
624 2185 845 2270 κατάγραψαι.
879 2193 910 2251 in
932 2192 1049 2251 infinito
1071 2208 1177 2267 graeco
1199 2191 1394 2269 praeteritum
1417 2190 1589 2268 perlectum,

301 2294 325 2350 si
354 2287 547 2371 dissyllabum
577 2293 679 2361 luerit,
709 2294 789 2351 omui
817 2292 904 2352 ruodo
933 2312 949 2351 a
980 2292 1072 2352 vocali
1099 2294 1214 2372 incipit,
1239 2278 1356 2371 ω’φθαι
1378 2281 1522 2369 εἷρχθαι.
1567 2290 1588 2347 si

302 2392 374 2471 orgo
396 2395 585 2454 inveniantur
607 2392 767 2473 dissyllaba
788 2392 878 2455 huius
900 2394 977 2455 modi
1000 2414 1016 2454 a
1038 2393 1269 2454 consonantibus
1291 2394 1477 2471 incipientia,
1500 2394 1589 2451 mani-

301 2497 410 2557 lestum
432 2504 558 2557 estnon
581 2514 646 2556 esse
668 2498 794 2573 integra,
816 2503 851 2557 ut
865 2491 989 2577 πέρθαι
1008 2493 1156 2575 βλῆσθαι
1177 2490 1306 2575 δέχθαι,
1329 2512 1455 2574 quorum
1478 2496 1618 2570 integrae

199 2608 245 2656 164
259 2607 288 2659 V.
303 2605 372 2658 sunt
394 2593 561 2678 πεκέρθαι
583 2595 772 2677 βεβλῆσθαι
794 2593 962 2679 δεδέχθαι.
995 2598 1099 2659 Graeci
1123 2598 1331 2677 aparemphato
1354 2614 1412 2657 non
1436 2614 1589 2675 numquam

303 2718 358 2780 pro
380 2702 556 2779 imperativo
578 2706 713 2769 utuntur,
736 2699 835 2760 Latini
859 2719 914 2779 pro
936 2698 1110 2761 indicativo:

453 2801 597 2881 θαρσῶν
617 2800 696 2880 νῦν,
718 2796 897 2884 Διόμηδες,
926 2798 981 2863 ἐπὶ
1008 2795 1157 2881 Τρώεσσι
1180 2794 1356 2880 μάχεσθαι,

303 2904 332 2964 id
362 2911 407 2964 est
433 2899 559 2984 μάχου,
582 2904 630 2964 hic
652 2924 706 2984 pro
728 2906 919 2984 imperatum
942 2912 973 2965 at
995 2922 1048 2983 pro
1071 2904 1230 2964 indicativo
1253 2901 1410 2964 Sallustius
1433 2902 1509 2963 ‘hic
1532 2901 1589 2961 ubi

303 3008 460 3085 primum
482 3006 654 3076 adolevit,
679 3026 749 3066 non
770 3024 806 3065 se
828 3005 1003 3067 luxuriae
1027 3024 1143 3085 neque
1166 3006 1331 3093 inertiae
1353 3020 1621 3083 corrumpens¹

304 3107 386 3167 dum
409 3107 527 3175 dedit,
550 3108 628 3176 sed,
657 3117 697 3168 ut
717 3127 794 3168 mos
821 3110 946 3185 gentis
969 3108 1078 3168 illins
1101 3114 1171 3176 est,
1200 3107 1382 3177 iaculari,
1411 3108 1588 3187 equitare.

304 3216 340 3268 ot
368 3227 444 3269 cum
472 3228 596 3269 omnes
624 3210 752 3288 gloria
780 3212 959 3279 anteiret,
988 3209 1160 3271 omnibus
1188 3216 1310 3270 tamen
1344 3227 1456 3269 carus
1480 3209 1589 3269 csse':

305 3311 383 3371 idom
406 3312 607 3391 ‘pleraque
630 3319 795 3392 tempora
818 3314 855 3372 in
878 3311 1044 3372 venando
1067 3329 1187 3389 agore,
1209 3311 1353 3371 leonem
1376 3310 1589 3390 atquealias

304 3414 405 3473 leras
434 3415 658 3492 primusaut
681 3415 874 3493 inprimis
905 3414 1037 3483 ierire,
1066 3414 1264 3493 plurimum
1292 3414 1434 3482 lacere,
1464 3410 1589 3495 ]·rnini·

304 3534 398 3574 mum
427 3515 468 3575 de
498 3534 534 3575 se
562 3515 696 3595 loqui’.
740 3517 889 3577 inlinitum
912 3534 970 3576 non
993 3495 1153 3595 numquam
1175 3534 1228 3594 pro
1256 3518 1619 3597 coniunctiroponrrnt1n

305 3617 487 3696 Ciceropro
510 3617 607 3678 Sestio
630 3617 898 3696 ‘reipublicae
923 3618 1089 3695 dignitas
1113 3635 1164 3678 me
1189 3617 1228 3677 ad
1260 3634 1297 3677 se
1321 3620 1422 3697 rapit
1451 3626 1486 3678 ct
1507 3616 1588 3676 lraor

305 3720 447 3778 minora
470 3718 687 3799 relinquere
710 3720 900 3780 hortatur'
924 3738 979 3799 pro
997 3720 1150 3779 ‘hortatur
1173 3726 1205 3779 ut
1222 3720 1425 3799 relinquam’;
1449 3720 1589 3780 ‘bortor

305 3838 426 3881 amare
448 3822 569 3881 locos'
593 3840 648 3901 pro
670 3822 789 3882 ‘hortor
811 3830 845 3882 ut
860 3824 988 3882 ament’.
1016 3829 1130 3901 ponunt
1145 3830 1175 3882 et
1189 3840 1245 3901 pro
1267 3822 1393 3899 gerundi
1418 3821 1519 3881 modo:
1548 3820 1588 3879 (ii-

304 3941 374 3983 cero
397 3940 451 4001 pro
473 3922 594 3992 Quintio
614 3922 840 3984 ‘consilium
863 3926 1011 4003 cepisse
1034 3922 1197 3985 bominis
1220 3925 1396 3985 fortunas
1423 3923 1588 3985 l'unditus

305 4026 500 4084 evertete’
524 4043 579 4103 pro
603 4025 773 4096 evertendi;
796 4026 945 4103 Vergilius
1609 4036 1613 4043 '

456 4127 518 4186 sed
541 4130 571 4187 si
595 4135 721 4189 tantus
744 4146 844 4189 amor
866 4146 974 4187 casus
996 4146 1228 4206 cognoscere
1253 4148 1317 4189 nos
1333 4138 1414 4189 tros

304 4248 360 4308 pro
388 4229 602 4305 cognoscendi;
638 4238 668 4289 et
695 4228 782 4289 aliter
810 4228 970 4289 Terentius
997 4232 1028 4289 in
1056 4229 1171 4309 Hecyra
1200 4233 1247 4291 ‘it
1276 4232 1318 4291 ad
1348 4248 1425 4291 eam
1455 4230 1587 4290 viserr’

305 4349 359 4409 pro
381 4331 548 4400 visitatum

401 4458 409 4473 ·
458 4440 674 4494 etcantare
697 4452 807 4512 pares
829 4416 866 4493 et
887 4433 1121 4513 respondere
1144 4436 1270 4513 parati

372 4585 608 4648 λκαικαρθαιΡ
676 4584 813 4651 ipcrlecti
827 4602 847 4649 p
864 4584 996 4650 inperfecti
1013 4586 1038 4635 P
1106 4588 1136 4635 12
1155 4584 1224 4651 νῆα]
1244 4586 1319 4636 Hom.
1339 4585 1385 4637 Od.
1405 4586 1499 4643 ,3332
1564 4589 1587 4635 Ιῡ

306 4664 365 4698 cum
384 4662 423 4701 est
440 4653 650 4718 aparemplratum
666 4655 693 4703 P
760 4655 791 4703 16
807 4664 940 4702 accentum
958 4666 981 4701 et
1002 4668 1058 4703 cum
1077 4666 1115 4703 est
1132 4654 1348 4719 imperatinumP
1416 4658 1448 4705 23
1470 4650 1585 4717 θάρσώνλ

306 4719 382 4771 Hom.
399 4720 432 4771 Il.
450 4720 475 4770 E
492 4723 541 4770 124
609 4726 643 4772 24
660 4718 809 4787 Sallustius]
832 4722 949 4785 Iupartd.
970 4722 993 4779 6,
1017 4724 1030 4770 l
1100 4724 1131 4772 31
1156 4738 1201 4787 pro
1219 4719 1311 4787 Sestio]
1329 4726 1381 4782 3,7
1452 4724 1584 4781 32lronor:

310 4788 578 4851 Verp.Aen.lll134
636 4790 846 4855 seponuntur?
901 4786 1215 4854 34proQuimi0116,53
1272 4791 1427 4856 coepisseP
1480 4788 1582 4857 s3dsrll

311 4856 389 4917 Vorp.
405 4857 469 4908 Aen.
485 4857 505 4904 ll
519 4860 551 4906 10
619 4860 651 4909 3Ἰ
664 4859 690 4907 in
703 4853 811 4922 Hecyra]
826 4859 844 4915 l,
858 4862 882 4919 ι),
899 4859 947 4906 114
1015 4858 1047 4907 39
1061 4868 1084 4907 et
1097 4856 1209 4924 cantare]
1230 4858 1306 4923 Verp.
1321 4860 1402 4911 bucol.
1417 4861 1440 4919 7,
1456 4862 1483 4914 lo
