3350 5442
283 307 344 371 aaa
602 260 605 263 ’
852 305 1005 370 ronrnn

307 431 329 472 p.
344 416 471 459 aaa-att.
1321 456 1327 459 .

282 499 392 559 militer
413 498 444 556 in
468 493 640 564 masculino,
664 504 697 558 ut
719 505 765 556 cst
787 494 869 565 illud,
893 512 1010 557 manes:
1034 494 1064 556 hi
1087 512 1199 565 manes,
1223 496 1330 557 horum
1346 496 1416 577 quid
1433 496 1572 559 iacimus?

282 602 426 669 manium,
450 598 496 659 his
518 596 678 659 manibus·
697 597 792 667 vides,
816 616 904 677 quem
927 596 963 657 ad
986 597 1105 658 modum
1129 600 1274 669 nascitur,
1298 606 1331 660 ut
1352 598 1382 657 hi
1405 597 1522 669 lacilaS,
1545 599 1574 660 hi

282 720 399 763 manes:
430 720 519 781 quem
547 700 583 760 ad
612 700 729 760 modum
759 699 862 761 faciles
888 698 1036 771 declinas,
1065 702 1107 761 sic
1135 703 1223 761 etiarn
1251 719 1362 761 manes.
1408 702 1479 762 item
1507 703 1575 763 lacit

282 806 389 865 horum
416 803 561 872 facilium;
592 822 663 881 ergo
691 820 750 882 quo
775 799 779 883 l
803 802 892 863 modo
920 802 951 862 hi
978 802 1079 864 faciles
1108 803 1214 863 horum
1241 802 1384 872 lucilium,
1416 805 1460 863 sic
1489 805 1573 865 etiarn

282 925 384 967 manes
413 907 543 966 manium
574 904 719 965 manibus.
764 906 795 965 in
823 912 929 965 neutro
958 923 1016 964 uon
1053 904 1144 966 babes
1180 904 1259 985 quod
1287 906 1432 986 sequaris.
1478 908 1596 968 omniaa

283 1010 361 1069 enirn
390 1009 510 1070 nomina
533 1026 608 1085 quae
636 1009 753 1067 numeri
781 1014 849 1068 sunt
870 1005 992 1086 pluralis
1015 1008 1107 1067 varias
1130 1005 1240 1068 habent
1261 1007 1393 1085 regulas,
1418 1007 1574 1086 aliquando

281 1114 311 1171 in
335 1131 367 1180 a,
392 1109 550 1190 aliquando
573 1112 604 1169 in
626 1111 667 1170 ia:
696 1118 764 1189 puta
794 1116 890 1170 castra
913 1116 1078 1169 castrorum
1101 1111 1186 1177 lacit,
1218 1112 1334 1171 moenia
1356 1112 1524 1179 moenium;
1549 1122 1576 1172 et

282 1212 355 1275 illud
378 1215 408 1272 iu
432 1233 448 1273 a
471 1220 501 1274 et
522 1210 579 1271 hoc
601 1214 631 1272 in
652 1214 690 1281 ia,
714 1211 767 1272 sed
789 1210 862 1271 illud
883 1212 913 1271 in
936 1212 997 1271 imn
1020 1210 1099 1280 lacit,
1124 1210 1196 1271 illud
1219 1214 1248 1272 in
1271 1230 1338 1273 rum
1364 1210 1447 1292 [nam
1464 1220 1574 1273 castro·

282 1334 349 1376 rum
372 1310 466 1397 lacitl.
511 1333 569 1393 quo
592 1314 680 1375 modo
702 1315 845 1374 sumimus
867 1312 1017 1392 regulam?
1040 1316 1078 1375 ita
1103 1321 1148 1383 ut,
1172 1316 1196 1375 si
1220 1335 1236 1375 a
1258 1313 1351 1375 solum
1375 1314 1523 1383 habuerit,
1545 1318 1575 1375 iu

282 1420 342 1478 ium
365 1419 475 1485 mittat:
500 1418 526 1477 si
548 1436 564 1478 a
587 1416 744 1477 cohaereat
766 1415 1004 1487 consonantibus
1028 1418 1059 1475 in
1081 1432 1147 1475 rum
1170 1419 1275 1487 mittat,
1305 1424 1611 1497 putatectatecto·1o

282 1539 349 1581 rum
371 1521 467 1580 tectis.
512 1520 537 1579 si
566 1527 664 1580 autem
692 1520 790 1579 omnia
818 1520 938 1579 nomina
968 1525 1088 1587 neutra,
1119 1537 1193 1600 quae
1223 1520 1254 1578 in
1282 1537 1298 1579 a
1322 1527 1443 1595 exeunt,
1467 1522 1575 1581 variam

283 1621 396 1683 hahent
416 1620 550 1699 regulam
575 1630 604 1681 et
626 1619 783 1697 aliquando
798 1627 917 1681 serrant
937 1619 1019 1680 illam
1043 1618 1079 1681 ad
1103 1622 1313 1682 nominativum
1337 1623 1455 1683 numeri
1477 1623 1574 1701 siugu-

283 1723 367 1793 laris,
392 1722 549 1803 aliquando
572 1722 737 1783 discedunt.
766 1741 852 1783 nam
876 1741 944 1782 ecce
967 1741 1093 1783 numero
1121 1722 1262 1800 singulari
1285 1724 1355 1783 lacit
1377 1723 1433 1784 hoc
1456 1732 1574 1794 tectum,

283 1827 356 1887 haec
379 1834 455 1887 tecta
479 1825 584 1887 horum
607 1833 764 1887 tectorum.
811 1826 978 1904 quaeritur,
1007 1827 1032 1885 si
1060 1832 1226 1886 castrorum
1250 1825 1356 1886 debeat
1377 1827 1487 1887 iacere.
1530 1846 1575 1887 re-

284 1929 407 1989 deamus
429 1928 465 1989 ad
490 1946 646 1989 numerum
668 1925 858 2005 singularem.
890 1926 960 2007 quid
985 1934 1044 1998 est,
1068 1927 1185 2007 quando
1208 1929 1333 1988 iacimus
1356 1930 1473 1989 moenia
1495 1948 1574 1989 moe·
1590 1954 1612 1994 ra

284 2032 383 2092 nium?
405 2032 482 2091 sicut
503 2029 647 2091 dehemus
669 2028 770 2089 dicere
792 2028 913 2107 agilium
936 2028 1068 2108 agilibus.
1100 2028 1152 2090 sed
1177 2038 1275 2090 tamen
1297 2032 1352 2091 ista
1374 2030 1486 2109 regula,
1503 2050 1576 2111 quae

283 2135 314 2194 in
344 2134 372 2193 ia
400 2134 474 2203 exit,
503 2132 619 2193 recedit
645 2150 661 2192 a
687 2130 790 2209 regula
814 2130 992 2209 aliquotiens
1022 2138 1050 2193 et
1078 2134 1139 2193 exit
1171 2134 1202 2192 in
1225 2151 1302 2193 rum.
1346 2132 1415 2193 inde
1439 2140 1485 2194 cst
1506 2133 1577 2194 illud

284 2234 361 2315 ‹puod
384 2234 512 2313 legimus
534 2234 820 2319 saepiuS,u‘Curio
847 2232 986 2293 ibidem
1014 2241 1177 2295 moratus
1211 2236 1367 2313 regione
1394 2234 1577 2297 Vulcana-

285 2338 453 2400 liorum'.
490 2356 558 2397 ecce
581 2336 612 2396 in
633 2338 660 2397 ia
683 2337 743 2396 erit
766 2344 795 2395 et
816 2335 931 2396 recedit
953 2338 982 2395 in
1005 2337 1062 2397 isto
1085 2355 1154 2397 casu
1178 2343 1291 2397 mutum
1313 2336 1411 2408 modo,
1434 2338 1466 2399 in
1489 2356 1578 2417 gene·

287 2438 361 2520 {tiro
375 2437 497 2519 plurali;
522 2446 653 2500 cetemm
676 2439 706 2498 in
730 2436 795 2497 aliis
817 2436 934 2499 casibus
956 2437 1093 2499 similiter
1116 2438 1280 2500 declinatur
1303 2439 1467 2501 secundum
1490 2458 1577 2519 regu·
1591 2465 1616 2505 ao

283 2541 354 2603 lam.
399 2550 428 2602 et
449 2540 589 2602 Horatius
612 2540 685 2601 dixit

437 2642 665 2705 anciliorum
689 2649 725 2703 et
747 2644 910 2703 nominis
932 2649 966 2702 et
988 2650 1096 2721 togae

437 2744 587 2807 oblitus

283 2847 400 2909 recedis
428 2855 541 2907 tantum
568 2848 599 2907 in
629 2864 752 2907 numero
780 2846 887 2927 plurali
918 2846 963 2927 [id
993 2855 1037 2907 est
1062 2848 1173 2926 redigis
1201 2848 1237 2908 ad
1265 2847 1487 2911 similitudinem
1516 2852 1579 2913 eius

284 2950 412 3011 nominis
435 2948 513 3025 quod
535 2968 551 3009 a
573 2949 717 3026 singulari
738 2947 843 3030 venit].
1592 2978 1617 3017 25

369 3052 526 3112 Praeterea
560 3059 631 3110 sunt
662 3052 781 3112 nomina
817 3052 1019 3113 euurrtiatione
1052 3048 1227 3130 singularia,
1267 3050 1418 3115 intellectu
1455 3054 1580 3135 pluralia

286 3153 418 3235 [quando
447 3151 572 3213 dicimus
599 3169 687 3230 gens,
719 3156 921 3215 enuntiatione
950 3152 1098 3232 singulare
1122 3164 1180 3223 est,
1203 3154 1356 3216 intellectu
1379 3154 1524 3239 plurale]‚
1550 3165 1582 3217 ut
1663 3144 1664 3149 ἵ

284 3254 412 3337 populus
439 3256 539 3316 contio
567 3254 740 3316 multitudo:
770 3256 843 3317 haec
871 3258 989 3317 nomina
1020 3256 1223 3317 enuntiatione
1246 3256 1405 3335 singularia
1427 3267 1510 3327 sunt.
1534 3261 1580 3319 in·

285 3357 405 3419 tellecta
433 3355 567 3437 pluralia.
612 3374 628 3417 e
657 3361 806 3419 contrario
836 3360 1036 3420 enuntiatione
1065 3354 1204 3437 pluralia,
1233 3358 1385 3422 intellectu
1409 3358 1582 3437 singularia,

286 3468 318 3522 ut
339 3460 469 3521 Athenae
492 3460 632 3539 Mycenae
654 3459 774 3521 Thebae
797 3459 929 3521 Puteoli:
952 3462 1007 3520 ista
1030 3461 1128 3520 omnia
1152 3463 1354 3523 enuntiatione
1376 3461 1511 3543 pluralia,
1535 3464 1580 3523 in·
1596 3486 1619 3525 ao

286 3562 406 3624 tellectu
429 3559 590 3639 singularia
612 3571 690 3623 sunt.
729 3569 862 3624 ceterum
885 3581 989 3623 omnes
1012 3561 1144 3622 civitates
1167 3569 1244 3623 sunt.
1272 3560 1275 3643 l
1330 3618 1334 3633 ,

355 3768 450 3833 5quid
466 3768 582 3831 sequaris
601 3767 625 3816 A
635 3766 687 3818 Bc
767 3767 873 3817 danim
890 3768 978 3821 om,O
1066 3767 1164 3832 'lputa
1184 3774 1267 3817 castre
1285 3792 1318 3803 —
1338 3766 1430 3819 hocin
1449 3770 1536 3819 iuom.
1554 3774 1585 3833 0,

284 3840 378 3893 addc
447 3838 543 3889 Bnam
562 3846 700 3887 castrorum
721 3836 779 3888 lacit
797 3838 885 3889 om.0
954 3836 986 3889 10
1003 3838 1202 3889 consonantibus
1225 3845 1305 3887 mutat
1324 3838 1406 3889 ABG
1476 3839 1508 3890 11
1526 3840 1586 3905 for-

286 3919 356 3961 tasse
374 3909 420 3960 sed
438 3916 524 3957 tamen
542 3909 628 3957 omnio
645 3909 766 3970 nomina;
782 3909 832 3971 nisi
844 3912 932 3971 potira
948 3908 1071 3973 quaedam
1090 3908 1239 3957 exciderunt
1254 3918 1315 3970 post
1331 3909 1353 3959 si
1373 3917 1466 3959 autem.
1486 3927 1544 3960 uam
1558 3915 1586 3961 iu

286 3982 390 4045 reliquia
407 3982 480 4030 etiam
491 3980 569 4041 plura
581 3976 734 4041 perturbato
748 3984 819 4042 auat,
833 3978 957 4038 uberiore,
975 3985 1003 4027 ut
1018 3978 1125 4037 uidetur,
1142 3979 1310 4043 disputatione
1321 3981 1346 4029 in
1357 3982 1526 4045 compendium
1541 3998 1585 4032 re-

287 4052 364 4101 dacta
435 4050 467 4100 12
486 4045 680 4114 nominativum]
703 4048 805 4097 uomina
823 4048 910 4098 ABG
981 4046 1125 4114 illucere]
1153 4047 1271 4099 dicereC
1354 4048 1387 4100 18
1406 4050 1458 4115 legi
1476 4054 1584 4116 saepius

287 4121 330 4169 A:
349 4120 384 4183 cf.
398 4118 465 4171 Non.
483 4134 512 4182 p.
527 4118 587 4178 489,
601 4117 633 4168 26
647 4117 783 4168 Sallustius
797 4118 958 4168 historiarum
978 4118 1041 4167 libro
1063 4120 1108 4167 llll
1122 4117 1195 4167 Curio
1209 4118 1416 4168 vulcanaliorum
1431 4121 1473 4171 die
1486 4122 1585 4171 ibidem

286 4200 409 4253 moratus,
429 4191 540 4252 Pompei.
560 4206 589 4253 p.
609 4188 660 4237 227
680 4186 720 4239 ed.
744 4187 818 4237 irad.
852 4196 935 4237 tamen
961 4186 1097 4238 Sallustius
1120 4188 1185 4238 dixit
1209 4192 1218 4219 e
1226 4189 1349 4254 religione
1372 4190 1584 4241 vulcanaliorum

287 4260 448 4325 impeditua’.
476 4259 524 4308 duo
544 4259 660 4320 exernpla
679 4257 714 4308 ἐκ
736 4258 820 4308 eodem
835 4257 952 4308 Sallustii
973 4259 1026 4307 loco
1048 4262 1129 4320 petita
1152 4258 1209 4308 olim
1232 4258 1365 4322 adscripta
1382 4275 1438 4311 erse
1455 4262 1584 4325 videatur,

287 4346 351 4395 quae
372 4331 412 4380 cel
429 4332 509 4393 ipsius
526 4330 683 4394 praenuntiet
699 4328 854 4392 neglegentia
873 4330 912 4379 ael
929 4328 1089 4379 librariorum
1111 4344 1200 4379 errore
1217 4328 1323 4391 confuso
1340 4338 1407 4393 auat,
1423 4330 1498 4381 Curio
1519 4332 1585 4382 Vul-

287 4400 443 4449 canaliorum
465 4399 508 4449 die
527 4400 621 4448 ibidem
641 4410 752 4448 moratus
771 4405 797 4447 et
815 4398 940 4464 religione
963 4398 1169 4449 Vulcanaliornm
1189 4400 1328 4463 impeditus
1398 4400 1504 4466 regione
1523 4404 1585 4452 uul-

287 4470 441 4528 canalioram
455 4466 519 4520 Ba*
537 4470 625 4534 region
643 4468 843 4519 uulcanaliorum
860 4470 881 4521 0
897 4470 1002 4535 regione
1022 4467 1205 4519 ulcanaliorum
1227 4468 1251 4517 A
1298 4470 1332 4520 al
1351 4468 1480 4537 Horatius]
1502 4486 1583 4522 carm.

289 4540 321 4589 lll
336 4542 362 4602 5,
382 4540 414 4590 10
468 4540 518 4590 ‹25
533 4540 600 4589 veuit
619 4554 665 4590 om.
678 4540 711 4599 A,
726 4539 789 4589 add.
807 4555 824 4587 a
894 4540 927 4590 26
943 4549 1073 4603 praeterea
1092 4548 1150 4589 sum
1169 4540 1271 4589 nomina
1286 4538 1371 4603 aliqua
1390 4542 1491 4591 nomina
1507 4543 1585 4593 intel—

292 4610 410 4659 lectualia
429 4611 455 4659 id
474 4618 512 4658 est
536 4623 599 4659 sono
624 4611 674 4659 alia
698 4619 757 4659 aunt
774 4623 878 4659 numero
901 4610 950 4659 alia
972 4618 1029 4660 sunt
1048 4610 1150 4658 nomine
1169 4610 1378 4660 enuntiationeA
1467 4613 1586 4678 siugula-

290 4680 329 4728 ria
347 4678 475 4729 intellectu
494 4679 603 4744 pluralia
618 4679 713 4743 A(?)B
731 4679 855 4746 singulari
874 4680 1002 4730 intellectu
1021 4678 1115 4745 plurali
1131 4680 1173 4730 Ga
1243 4679 1275 4729 27
1294 4680 1435 4747 singulare]
1456 4682 1586 4749 singulari

291 4747 374 4801 ABG
442 4746 551 4815 plurale]
575 4750 666 4814 plurali
686 4750 770 4800 Anu
838 4748 873 4802 30
893 4751 1064 4800 enuntiatione
1087 4750 1194 4815 pluralia
1219 4750 1346 4800 intellectu
1364 4752 1505 4817 singularia
1524 4766 1585 4803 snut

289 4818 337 4871 a*=
356 4819 483 4869 intellectu
508 4820 649 4887 singularia
673 4834 718 4870 om.
738 4819 817 4871 ABG
885 4820 917 4873 31
941 4821 1057 4873 ciuitates
1076 4828 1134 4870 sunt
1150 4821 1194 4883 (oa
1215 4835 1325 4875 runcare
1344 4822 1405 4875 add.
1427 4822 1463 4889 B)
1483 4825 1586 4876 Accidit
