3350 5442
277 292 320 358 22
536 292 540 298 ’
837 290 1011 354 ctuuonu
1046 345 1048 352 ,

303 401 464 457 preventu

279 483 397 564 quaudo
419 481 533 543 dativus
555 498 640 542 casus
661 477 819 559 singularis
841 481 852 539 i
874 478 971 541 littera
995 481 1178 549 terminatur,
1203 487 1235 540 ut
1249 482 1324 554 agrili
1346 477 1473 558 agiliter;
1497 484 1569 538 tuuc

278 589 310 646 iu
332 604 349 646 e
368 591 489 654 exeunt,
506 583 624 663 quaudo
646 583 760 642 dativus
782 601 868 643 casus
890 580 1047 660 singularis
1070 601 1087 643 o
1110 581 1207 644 littera
1223 584 1415 652 terminatur,
1432 588 1464 641 ut
1479 579 1567 640 docto

279 688 374 748 docte.
406 720 448 730 -
481 684 606 747 Nomina
639 687 790 745 civitatum
823 683 999 764 aliquotiens
1032 702 1086 762 pro
1118 685 1332 762 significatione
1360 681 1568 744 adverbiorum

279 796 446 870 pouuutur,
471 797 581 847 etcum
597 786 633 846 ad
656 785 753 847 locum
773 788 779 861 Ι
797 787 977 864 significant,
994 787 1151 848 accusativi
1171 788 1301 865 speciem
1316 793 1427 854 tenent,
1452 792 1570 864 utputa

279 892 402 953 Romam
425 907 533 969 pergm
554 907 621 950 cum
644 886 783 958 deloco,
807 888 940 959 ablativi,
964 896 996 950 ut
1012 898 1080 969 puta
1104 888 1196 950 Roma
1219 888 1319 956 veuio;
1349 905 1416 949 eum
1439 889 1470 948 iu
1494 887 1598 958 looo,⁵

279 990 436 1072 aliquando
465 993 606 1069 genetivi,
636 989 793 1072 abquando
821 991 923 1060 dativi,
959 998 1030 1052 tunc
1057 992 1199 1068 genetivi.
1229 989 1346 1070 quando
1374 991 1572 1051 nominativus

280 1092 325 1154 vel
341 1113 391 1154 um
408 1090 454 1152 vel
470 1112 506 1154 us
520 1094 609 1153 luerit
624 1094 808 1162 terminatus,
825 1100 858 1152 ut
876 1101 945 1172 puta
962 1091 1046 1153 ilium
1062 1093 1243 1154 Antandrum
1259 1091 1450 1162 Adrumetus;
1468 1091 1572 1152 adver-

279 1196 362 1257 bium
377 1197 408 1256 iu
424 1193 490 1256 loco
512 1196 582 1255 lacit
596 1194 642 1255 llii
657 1196 813 1256 Antandri
824 1194 987 1256 Adrumeti.
1019 1215 1087 1255 teum
1104 1203 1200 1256 autem
1218 1196 1415 1256 nominativus
1437 1193 1501 1256 aliis
1524 1212 1572 1254 re-

205 1343 211 1350 .
280 1296 356 1376 gulis
377 1299 468 1358 luerit
489 1299 679 1365 terminatus,
709 1297 872 1358 secuudum
902 1297 1029 1358 dativum
1051 1297 1121 1357 lacit
1143 1295 1329 1364 adverbium,
1353 1305 1478 1376 utputa
1501 1296 1573 1358 Car-

280 1400 371 1477 thago
385 1398 492 1460 Tibur:
516 1399 685 1460 adverbium
709 1398 765 1458 loci
788 1400 818 1459 in
841 1399 907 1459 loco
931 1401 987 1459 erit
1010 1397 1195 1477 ‘Carthagini
1217 1404 1312 1468 sum',
1337 1397 1458 1460 ‘Tiburi
1481 1401 1570 1458 sum’.
1590 1411 1616 1450 10

280 1501 317 1563 ab
339 1501 388 1563 his
408 1500 520 1578 regulis
541 1520 634 1585 pauca
656 1502 830 1562 auctoritate
853 1509 992 1581 usurpata
1015 1507 1096 1571 suut,
1121 1508 1152 1561 ut
1174 1500 1331 1562 ‘Narbone
1346 1501 1405 1561 iui’
1428 1520 1484 1582 pro
1499 1501 1575 1562 Nar·

282 1603 368 1673 boni;
392 1602 549 1664 ablativum
572 1606 673 1683 posuit
686 1623 741 1685 pro
756 1603 868 1664 dativo:
893 1600 1046 1664 Sallustius
1069 1601 1257 1664 ‘Narbone
1281 1621 1345 1683 per
1368 1601 1575 1664 concilium

282 1704 499 1774 Gallorum',
524 1703 627 1766 Cicero
648 1707 680 1766 iu
702 1704 875 1784 Philippicis
903 1710 998 1765 ‘cum
1020 1712 1058 1765 tu
1081 1704 1249 1788 Narhoup
1271 1723 1416 1766 mensas
1448 1703 1576 1783 hospi·

281 1817 357 1870 tum
381 1811 650 1868 convomeres’.
681 1842 719 1851 —
754 1807 862 1868 Contra
888 1811 893 1884 1
918 1805 995 1868 hauc
1017 1806 1150 1885 regulam
1173 1807 1363 1868 inveniuntur
1385 1825 1452 1868 rare
1475 1813 1574 1868 aucto-

282 1912 385 1972 ritates
411 1916 584 1989 usurpatae,
614 1917 647 1970 ut
675 1909 767 1971 durus
794 1909 921 1978 duriter,
952 1909 1128 1970 inhumanus
1156 1909 1365 1970 inhumaniter.
1411 1911 1483 1970 item
1505 1917 1576 1970 suut
1592 1933 1617 1972 15

283 2012 452 2092 alia,-quae
475 2031 493 2071 o
514 2011 644 2072 litteram
666 2012 697 2072 in
719 2031 753 2072 er
775 2018 964 2080 convertunt,
988 2017 1021 2070 ut
1035 2009 1163 2071 violento
1185 2010 1336 2073 violenter.
1367 2012 1439 2071 item
1462 2029 1497 2072 ex
1520 2009 1577 2073 hae

283 2116 378 2176 iorme
401 2121 472 2174 suut
492 2115 628 2182 uomina,
653 2131 728 2192 quae
750 2132 767 2173 o
790 2097 917 2173 litteram
940 2114 972 2174 iu
994 2114 1004 2172 i
1026 2120 1217 2182 convertunt,
1241 2120 1271 2173 et
1292 2121 1340 2173 tus
1362 2109 1504 2194 syllabam
1528 2133 1576 2174 ac-

284 2218 411 2296 cipiunt,
436 2223 468 2276 ut
489 2215 588 2276 divino
611 2214 762 2283 divinitus,
786 2215 868 2276 caelo
891 2212 1022 2275 caelitus.
1054 2220 1124 2274 suut
1146 2213 1210 2282 alia,
1234 2233 1309 2293 quae
1334 2213 1482 2296 [genera],
1506 2215 1575 2276 dum

284 2318 412 2379 dativum
436 2319 467 2377 iu
490 2336 507 2377 o
530 2335 590 2377 uon
612 2318 742 2385 mittant,
766 2318 876 2377 variata
899 2315 1037 2377 adverbia
1058 2317 1088 2376 iu
1117 2316 1163 2376 tus
1186 2317 1317 2386 mittant,
1347 2325 1377 2378 et
1398 2317 1454 2378 hoc
1482 2335 1576 2396 paeuc

285 2419 322 2481 ab
355 2417 493 2480 omnibus
525 2416 686 2496 generibus
719 2418 860 2480 decurrit.
904 2438 972 2481 uam
1004 2418 1089 2480 radix
1124 2419 1193 2479 iacit
1220 2417 1363 2480 radicitus
1390 2427 1419 2480 et
1447 2419 1575 2480 dativum
1592 2441 1619 2480 so

284 2523 375 2583 mittit
396 2523 428 2582 iu
450 2523 468 2580 i.
514 2518 569 2581 alia
593 2539 668 2600 quae
691 2522 834 2600 originem
858 2540 917 2583 nou
939 2520 1065 2591 hebent,
1095 2528 1127 2581 ut
1147 2523 1273 2601 penitus.
1320 2539 1387 2582 uam
1409 2521 1579 2582 medullitus

285 2625 467 2685 aiemiuiuo
494 2641 605 2701 genere
634 2623 805 2685 adverbium
833 2625 917 2694 lacit,
941 2624 1019 2704 quod
1043 2631 1087 2684 est
1109 2625 1222 2702 primae
1245 2622 1459 2684 declinationis.
1506 2643 1578 2703 ergo
1613 2659 1617 2670 ·

285 2724 389 2804 regula
420 2723 528 2786 horum
562 2727 716 2786 nominum
743 2729 794 2807 qui
822 2735 929 2787 exeunt
956 2727 986 2786 iu
1016 2724 1155 2788 adverbia
1181 2728 1212 2786 iu
1241 2745 1275 2787 us
1304 2723 1439 2807 valjduut.
1484 2743 1577 2805 prauca

285 2847 360 2908 quae
382 2829 542 2888 auctoritas
564 2826 721 2906 adprobat,
746 2837 777 2888 ut
798 2826 926 2888 medulla
948 2826 1135 2896 medullitus,
1162 2828 1167 2905 Ι
1193 2836 1221 2887 et
1243 2847 1259 2887 a
1281 2827 1409 2888 secunda
1433 2826 1577 2897 similiter,

285 2937 319 2990 ut
341 2927 454 2991 caelum
483 2927 618 2999 caelitus,
648 2936 678 2989 et
700 2947 717 2989 a
738 2930 825 2989 tortia
847 2928 997 2998 similiter,
1021 2937 1053 2989 ut
1075 2929 1159 2989 radix
1182 2929 1334 2990 radicitus.
1379 2947 1399 2988 c
1422 2937 1525 3008 quarta
1549 2937 1579 2990 et
1593 2953 1620 2991 2⁵

286 3033 388 3111 quinta
411 3028 608 3091 declinatione
631 3047 775 3109 nusquam
797 3029 907 3092 lectum
932 3032 1078 3111 estquod
1100 3029 1237 3092 adverbia
1260 3033 1290 3090 iu
1314 3050 1348 3092 us
1370 3033 1498 3093 mittunt.

790 3200 840 3262 bu
861 3199 1074 3263 Pturtctetu

370 3335 560 3416 Partieipium
588 3335 714 3407 dictum,
744 3336 820 3416 quod
850 3346 964 3417 partem
993 3337 1050 3398 sibi
1083 3337 1180 3409 verbi,
1215 3346 1331 3419 partem
1363 3338 1420 3401 sibi
1453 3341 1580 3400 nominis

288 3438 378 3501 tollat.
423 3456 491 3499 uam
519 3457 536 3499 a
565 3440 684 3499 nomine
712 3438 789 3500 tollit
815 3458 901 3500 casus
930 3448 959 3501 et
985 3447 1109 3518 genera‘,
1141 3439 1271 3502 averbo
1299 3443 1528 3520 significationes
1550 3451 1580 3502 et

286 3551 437 3621 tempora,
468 3538 505 3600 ab
527 3541 660 3620 utrisque
686 3539 821 3621 partibus
850 3559 1007 3604 numerum
1031 3549 1060 3602 et
1081 3543 1214 3622 figuram.
1262 3542 1397 3604 similitor
1420 3561 1528 3605 nomeu
1551 3552 1580 3604 et
1594 3566 1620 3604 ao

287 3643 475 3724 participium
497 3641 571 3704 haee
593 3630 642 3704 res
664 3643 819 3704 disceruit:
844 3643 921 3724 quod
945 3646 970 3706 si
991 3645 1127 3722 genetivo
1149 3647 1246 3716 servit,
1271 3665 1379 3707 noureu
1402 3652 1461 3714 cst:
1484 3647 1508 3706 si
1531 3665 1579 3706 ac·

289 3747 436 3816 cusatiro,
459 3745 658 3825 participium.
690 3745 839 3826 ‘prudeus
856 3755 900 3806 cst
914 3745 993 3807 illius
1009 3748 1081 3817 rei’,
1105 3746 1251 3826 ‘prudeus
1267 3755 1310 3809 cst
1325 3748 1361 3808 ad
1384 3747 1463 3809 illam
1486 3753 1578 3818 rcm'‚

358 3947 696 4005 eod.Bem.1ttu-t*.
769 3949 866 4016 lagili
885 3965 931 4004 om.
997 3951 1022 4000 iu
1042 3967 1056 4000 e
1074 3953 1127 4000 exit
1197 3951 1356 4002 deblatiuus
1425 3953 1581 4021 dgeuetiuo

357 4021 474 4088 genetibo
544 4020 656 4070 iillium
674 4025 754 4079 (corr.
773 4018 859 4085 ilium)
877 4019 1011 4071 elandrum
1082 4021 1237 4072 Saduerbio
1295 4021 1331 4071 illi
1350 4021 1490 4074 adiumenti
1509 4037 1579 4076 corr.

290 4093 336 4142 -eti
406 4091 440 4142 10
455 4089 601 4156 eartbegeni
673 4091 702 4141 11
722 4107 768 4157 pro
786 4091 897 4141 uaeboui
966 4090 1131 4158 13iilippieis
1202 4092 1235 4141 14
1253 4106 1424 4143 comuomeres
1496 4095 1527 4146 15
1541 4103 1581 4143 ut·

289 4169 450 4228 surpeteeut
520 4161 553 4212 lb
571 4175 636 4224 quae
656 4174 670 4209 o
688 4162 715 4210 iu
737 4177 765 4211 er
782 4162 892 4211 litteram
910 4171 1069 4212 eomuertuut
1084 4161 1161 4223 (corr.
1181 4164 1216 4213 at.
1231 4177 1296 4216 nean.
1314 4162 1477 4229 conuertunt)
1550 4165 1582 4214 li

290 4233 388 4299 syllaba
459 4230 491 4282 18
510 4245 600 4297 gerere
618 4244 690 4281 com.
709 4234 746 4282 at.
764 4247 829 4280 nean.
846 4245 941 4297 genera
1013 4230 1044 4281 19
1062 4229 1152 4298 paene]
1174 4240 1231 4282 teue
1300 4235 1333 4285 25
1354 4234 1475 4284 radicitus
1493 4245 1583 4299 quarta

360 4301 394 4352 ’19
414 4299 499 4366 casus]
520 4302 560 4350 cui
630 4300 665 4352 30
683 4315 815 4353 inunctum
886 4301 918 4353 ³1
935 4300 1061 4351 descernit
1079 4317 1145 4352 eoa-r.
1162 4301 1284 4352 disceruit

362 4492 393 4541 12
411 4489 528 4542 Sallustii
542 4491 619 4541 verda
636 4492 673 4541 ud
684 4493 816 4541 secondum
830 4491 918 4540 librum
930 4490 1091 4542 ilistoriarum
1109 4493 1195 4540 retulit
1204 4489 1318 4542 Kritzr'us
1332 4491 1395 4546 Sati.
1411 4493 1470 4548 ttae.
1485 4495 1580 4559 frupm.

290 4577 316 4623 p.
340 4561 389 4611 130
458 4563 491 4614 13
507 4562 534 4610 iu
552 4559 715 4627 Philippicis]
739 4562 760 4610 ll
778 4561 829 4624 31),
850 4561 882 4611 75
954 4561 986 4612 19
1005 4575 1086 4627 peeue
1104 4561 1236 4612 Putacltiuc
1305 4563 1581 4617 22eententt'auerbo·

292 4647 345 4680 rma
362 4635 387 4683 in
404 4631 468 4681 dune
483 4631 542 4696 sere
559 4633 654 4683 modian
667 4633 765 4682 restitui
778 4633 868 4695 possit,
886 4647 948 4697 ergo
961 4630 1050 4698 regula
1065 4631 1155 4682 horum
1170 4633 1306 4694 nominum,
1321 4649 1385 4697 quae
1404 4636 1428 4684 iu
1448 4645 1581 4694 vaeneunt,

292 4701 414 4751 adverbia
437 4703 462 4751 iu
485 4712 526 4751 tus
546 4701 612 4756 lucit.
648 4717 730 4768 pauca
749 4716 813 4764 quae
831 4703 858 4750 iu
876 4709 916 4752 tus
937 4702 1031 4751 vadunt
1049 4703 1184 4752 auctoritas
1201 4704 1325 4768 adprobat
1411 4705 1474 4754 252
1493 4715 1582 4769 quarte

294 4772 427 4823 Putaedics
496 4771 530 4823 32
540 4773 654 4835 sortasse
671 4772 811 4837 providens
829 4778 868 4821 est
886 4771 955 4822 illius
973 4774 1012 4822 rei
1031 4772 1168 4838 providens
1187 4783 1225 4823 est
1242 4772 1311 4823 illam
1330 4789 1381 4824 rem
