3350 5442
1151 259 1164 292 i

591 326 826 391 conducitur
1289 329 1350 393 119

1179 451 1201 493 p.
1213 440 1289 481 44-44
1302 438 1325 480 r.

88 522 128 585 sed
145 526 273 597 nepotes
288 517 346 579 hoc
360 519 370 577 i
385 516 515 588 4414444,
531 534 592 579 444
612 515 695 589 1444,
712 520 768 581 4141
786 519 792 597 Ι
811 518 930 600 quando
941 517 1049 581 vocalis
1060 518 1191 581 vocalem
1207 521 1349 598 sequitur,

86 621 183 705 quando
201 618 313 681 lubrica
335 628 380 683 est
400 622 465 699 ipsa
486 617 618 683 conlisio.
665 619 798 683 ‘insulae
825 621 909 683 lonio
935 622 966 681 in
988 626 1128 699 magno',
1159 640 1228 683 ecoe
1251 621 1349 683 ‘ionio

85 725 255 802 inmagno’,
278 720 358 783 nulla
380 740 548 784 consonans
568 724 742 795 1444444414,
765 743 841 805 quac
863 731 1071 804 corrumperet
1092 724 1172 784 illam
1194 723 1249 784 lae.

149 826 218 888 ltem
238 826 265 887 si
287 824 396 886 vocalis
419 823 549 886 vocalem
570 834 724 906 sequatur:
748 830 785 887 ‘o
807 844 863 905 ego
885 826 1014 897 inielix'‚
1039 824 1158 903 elonga
1174 826 1214 886 lit.
1231 826 1263 887 14
1277 827 1348 888 Ver·
1361 838 1421 901 444,
1434 840 1466 887 34

66 930 139 1009 agilo
158 928 234 989 enim
256 926 373 989 miliens
394 926 494 989 brevis
516 933 570 988 444.
600 946 672 1006 ergo
689 928 807 1008 quando
822 929 931 991 vocalis
946 928 1078 990 vocalem
1093 930 1241 1008 sequitur,
1265 928 1351 989 ‘sub
1363 907 1420 968 479,
1437 909 1467 955 ¹⁶

81 1033 136 1094 llio
155 1028 253 1098 alto’;
278 1048 296 1090 o
318 1028 407 1107 longa
429 1037 484 1099 est,
508 1028 560 1090 sed
583 1032 717 1110 sequitur
738 1030 820 1093 illam
843 1031 991 1092 44414414
1011 1030 1092 1091 illam
1113 1028 1245 1091 brevem.
1268 1033 1349 1093 etin

82 1135 121 1195 illo
140 1130 284 1212 exemplo,
309 1130 407 1192 ‘vale
429 1130 524 1199 4414,
552 1132 690 1211 inquit,
718 1131 845 1202 lolla’;
867 1133 903 1203 414
927 1132 1003 1204 4414,
1033 1132 1061 1194 14
1089 1130 1177 1210 longa
1205 1139 1265 1203 444,
1297 1132 1349 1194 sed

82 1234 226 1299 14144414.
272 1232 381 1313 quare?
410 1233 516 1310 quial
543 1234 677 1313 sequitur
705 1234 823 1297 vocalis.
868 1237 939 1297 item
966 1236 997 1295 in
1025 1232 1082 1295 alio
1111 1234 1261 1314 exemplo,
1295 1218 1381 1296 ‘ut'

81 1338 154 1398 litus
173 1334 264 1415 llyla
284 1333 376 1415 llyla
398 1353 504 1395 omne
526 1340 703 1398 sonaret’.
748 1335 777 1399 la
798 1326 886 1417 Hyla,
914 1335 1003 1415 longa
1026 1344 1117 1405 4444,
1142 1336 1194 1397 sed
1216 1338 1350 1416 sequitur

55 1438 210 1501 44444414
232 1444 263 1499 et
283 1437 355 1498 14414
371 1436 455 1497 'illam
479 1435 609 1499 brevem.
639 1446 669 1499 44
688 1436 761 1499 illud
784 1438 880 1510 aliud,
904 1444 956 1499 ‘te
978 1438 1147 1519 Corydon
1170 1458 1187 1499 o
1209 1437 1348 1507 illexi';

81 1543 125 1603 don
145 1561 162 1602 o
181 1559 198 1601 a
218 1537 453 1619 palimbacchius
474 1545 529 1609 est,
551 1541 606 1601 sed
626 1556 644 1601 o
664 1541 760 1603 144444
777 1544 821 1615 fit,
845 1542 913 1622 quia
934 1559 951 1602 a
973 1540 1081 1601 vocalis
1104 1542 1246 1621 sequitur.
1277 1559 1349 1620 ergo
1452 1531 1455 1537 ’

80 1646 145 1705 odes
164 1644 318 1723 quoniam,
341 1639 497 1703 41444414
519 1641 651 1704 vocalem
673 1651 828 1720 sequatur,
853 1652 882 1705 et
903 1643 992 1721 longa
1013 1644 1046 1703 14
1068 1650 1098 1703 44
1119 1642 1229 1705 brevis.

146 1746 216 1807 ltem
238 1764 256 1805 4
277 1743 376 1805 1144444
398 1741 557 1824 aliquando
578 1762 634 1823 pro
657 1743 770 1807 duabus
785 1744 1016 1807 consonantibus
1032 1754 1076 1807 444
1091 1746 1206 1807 etfacit
1219 1745 1347 1825 longam,
1360 1758 1420 1819 444,
1434 1760 1467 1807 34

80 1858 103 1910 44
120 1854 161 1909 444
178 1845 268 1917 illud,
296 1846 384 1923 fhoc
406 1853 489 1906 crat
510 1844 603 1907 alma
624 1849 789 1926 pareus':
816 1848 888 1919 hoc,
919 1846 1026 1909 collide
1048 1866 1079 1917 4,
1103 1855 1137 1908 44
1158 1849 1197 1909 414
1217 1865 1272 1928 444
1294 1828 1467 1910 14479420

52 1950 137 2011 uabus
160 1947 399 2011 consonantibus.
443 1949 474 2007 in
502 1946 555 2008 illo
587 1947 644 2009 alio
672 1947 810 2029 exemplo
844 1948 942 2011 brevis
971 1958 1029 2021 est,
1059 1949 1179 2011 ‘solus
1209 1949 1270 2012 hic
1293 1952 1348 2011 in·

78 2052 172 2114 114414
191 2053 359 2120 444444;’
379 2049 384 2127 Ι
405 2047 482 2131 [sed]
510 2051 553 2111 sic
580 2049 696 2113 lubrice
724 2059 754 2111 et
779 2050 886 2112 leniter
913 2053 1015 2113 currit.
1061 2069 1132 2131 ergo
1155 2072 1171 2114 c
1192 2051 1350 2133 aliquando

78 2175 122 2235 pro
140 2153 251 2217 duabus
273 2150 653 2215 consonantibushabebir
677 2153 798 2214 etfacit
823 2152 905 2215 illam
932 2152 1061 2231 longam.
1106 2154 1163 2215 hoc
1186 2156 1217 2215 in
1238 2173 1349 2235 prono-

79 2256 189 2318 minibus
209 2256 256 2327 14,
280 2262 312 2316 44
332 2274 388 2336 444
410 2252 538 2335 simplici
557 2261 656 2334 444444
676 2258 782 2336 accipi.

146 2358 216 2419 ltem
236 2377 253 2419 z
275 2377 332 2438 pro
354 2356 471 2419 duabus
493 2365 538 2418 444
559 2357 802 2428 consonantibus,
827 2375 886 2435 quo
901 2356 989 2419 modo
1005 2377 1035 2428 c,
1060 2359 1174 2420 etfacit
1189 2358 1269 2421 illam
1284 2359 1348 2421 lon·

50 2480 133 2539 sogam
152 2462 350 2540 superiorem,
373 2467 406 2520 ut
428 2467 474 2520 444
496 2459 671 2521 ‘Mezenti
692 2460 800 2522 ducis
823 2461 1013 2529 exuvias?
1036 2478 1084 2521 me
1107 2460 1205 2523 brevis
1227 2468 1279 2533 est,
1303 2480 1349 2523 se·

77 2566 196 2642 quiturz
218 2571 248 2624 44
270 2563 341 2624 14414
361 2560 443 2623 illam
463 2563 649 2641 superiorem
670 2560 798 2642 longam.
844 2568 997 2623 44444444
1019 2559 1144 2642 simplex
1168 2570 1213 2623 444
1236 2562 1347 2624 441444-

77 2684 132 2726 scm
159 2665 312 2745 relinquit,
345 2672 379 2725 44
412 2671 457 2726 444
483 2667 697 2725 ‘nemorosa
729 2665 961 2744 Zacynthos!
981 2712 984 2721 .
1005 2663 1056 2726 illo
1084 2663 1150 2726 loco
1177 2665 1266 2744 longa
1294 2674 1347 2737 444,

78 2769 202 2829 ‘Mezenti
224 2766 308 2828 ducis
330 2766 471 2835 exuvias:
494 2766 593 2827 brevis
614 2765 731 2829 4441114
753 2764 819 2827 1444
841 2785 897 2846 444
920 2766 1017 2846 longa,
1040 2764 1272 2846 palimbacchius
1295 2774 1347 2837 444,

76 2882 100 2931 44
118 2890 172 2931 444
190 2869 289 2933 stabit

49 2988 67 3022 τι
148 2972 256 3035 144444
286 2980 317 3033 44
342 2972 432 3032 istum
459 2970 596 3043 modum,
625 2988 715 3049 quem
748 2990 809 3033 non
843 2970 960 3033 hahetis
988 2970 1118 3033 latinum.
1169 2990 1188 3032 4
1215 2974 1420 3052 4441444444,
1434 2985 1467 3034 45

78 3076 215 3135 44441414
236 3075 359 3136 nomina
381 3091 497 3152 graeca,
521 3074 609 3135 441444
630 3092 687 3154 444
709 3071 836 3153 simplici
858 3072 994 3144 habetur,
1024 3073 1219 3135 ‘instravit
1236 3072 1349 3135 litora

76 3176 253 3239 Xanthus’:
277 3174 427 3245 Xanthus,
457 3175 554 3237 scribe
580 3174 654 3238 iliud
682 3194 793 3237 nomen
814 3194 897 3245 ram
920 3176 1006 3239 litora
1030 3176 1162 3258 dactylus
1184 3183 1241 3246 est;
1270 3176 1349 3237 Xan·

76 3278 146 3349 1444,
168 3298 234 3341 ecce
256 3280 393 3359 sequitur
422 3296 455 3347 x,
483 3277 537 3339 sed
563 3297 619 3358 pro
647 3278 774 3359 simplici
800 3276 937 3339 habetur.
982 3280 1209 3339 ‘constravit
1235 3277 1349 3339 litora

76 3378 233 3443 leries’:
262 3400 335 3443 ecce
366 3388 398 3443 et
422 3380 471 3443 hic
493 3379 619 3460 simplex
643 3389 697 3442 444.
745 3398 815 3441 nam
842 3380 955 3442 iaceret
981 3379 1100 3459 longam
1124 3384 1130 3457 1
1152 3380 1370 3459 superiorem·

51 3482 120 3543 used
139 3485 253 3547 nomina
275 3487 332 3546 iata
353 3501 460 3563 graeca
482 3489 566 3554 sunt,
591 3488 621 3543 et
640 3480 711 3544 licet
733 3481 821 3545 nohis
841 3501 897 3562 pro
919 3482 1048 3563 simplici
1068 3501 1087 3542 x
1108 3500 1230 3561 ponere.

147 3587 216 3648 ltem
236 3584 310 3647 illud
332 3594 436 3647 tenere
457 3584 586 3656 debetis,
609 3587 641 3647 in
663 3583 871 3646 communibus
893 3602 959 3647 esse
974 3583 1108 3666 syllabis,
1133 3584 1251 3662 quando
1266 3592 1350 3664 quat·
1450 3598 1453 3609 ·

77 3698 132 3747 4444
151 3686 253 3749 breves
279 3707 335 3767 pro
363 3687 477 3749 duabus
505 3688 691 3767 accipiuntur
720 3686 827 3765 longis.
872 3704 932 3747 non
961 3688 1039 3749 enim
1067 3705 1195 3766 semper.
1229 3693 1259 3747 et
1280 3705 1349 3747 nus·

133 3859 146 3910 1
164 3860 208 3910 sed
227 3875 277 3911 non
294 3858 487 3922 1144444444444
505 3857 554 3907 hoc
571 3858 579 3906 i
598 3855 621 3921 (1
638 3873 685 3908 om.
707 3858 739 3923 C)
754 3857 855 3908 soluere
871 3858 921 3907 nisi
940 3857 1021 3908 ABG
1089 3860 1106 3909 1
1124 3856 1214 3907 inlelix
1230 3854 1309 3923 longa
1323 3856 1349 3906 14

76 3930 146 3980 .ch
209 3926 367 3995 54411114]
389 3930 468 3993 Verp.
487 3928 553 3981 Aen.
571 3929 595 3977 V
612 3927 660 3980 aot
733 3925 833 3991 14414]
857 3928 1029 3994 1144414441.
1044 3928 1068 3986 3,
1086 3926 1120 3978 79
1190 3925 1281 3977 iolaB

75 3997 208 4064 84411444]
230 3998 404 4065 Verpiuoot.
424 3999 450 4058 6,
467 3999 501 4048 44
572 3997 606 4048 10
623 4007 647 4049 te
666 3995 794 4065 Corydon]
820 4001 898 4063 Verp.
916 3998 996 4053 bucol.
1016 3999 1041 4061 2,
1059 3997 1094 4050 65
1164 3998 1195 4047 ll
1214 3996 1350 4061 palimbac-

76 4068 135 4118 chius
152 4085 201 4119 non
219 4082 271 4132 est,
290 4070 352 4132 quia
366 4069 492 4119 Luzaciua
507 4068 578 4132 apud
593 4069 738 4119 Santeniann
754 4070 780 4119 in
796 4069 941 4119 1444444144.
957 4084 985 4132 p.
1002 4070 1053 4119 252
1123 4068 1169 4119 sed
1188 4082 1203 4116 o
1223 4066 1305 4116 brevis
1323 4066 1351 4115 14

76 4140 207 4191 oe.ABC
275 4140 308 4190 11
327 4136 458 4205 hocerat]
479 4138 644 4204 1744441444.
664 4138 758 4201 11111
828 4139 920 4189 collide
937 4137 962 4205 c]
981 4138 1074 4205 collige
1090 4138 1117 4188 B
1187 4145 1214 4186 44
1232 4137 1265 4187 414
1282 4136 1349 4187 Son·

76 4210 182 4259 4441414
201 4208 792 4273 1444441444.25344414410444141411
863 4210 896 4261 15
915 4206 997 4273 eolus]
1019 4210 1097 4273 Verp.
1117 4209 1182 4258 Aeo.
1201 4206 1298 4256 111122

79 4278 138 4328 1144
155 4281 193 4330 414
206 4279 305 4330 lubrica
323 4290 348 4330 et
367 4279 456 4329 leviter
472 4277 607 4330 Suntem'ua
677 4279 773 4329 lubrica
785 4288 809 4329 et
825 4278 906 4330 Ano
977 4278 1008 4330 17
1021 4279 1135 4341 sortasse
1155 4276 1257 4328 etfacit
1274 4275 1350 4341 syllo-

77 4349 120 4398 bam
137 4350 255 4418 longam
276 4350 322 4401 sed
341 4348 391 4399 1444
406 4350 433 4398 iu
456 4349 648 4413 pronominibus
666 4348 707 4414 14,
726 4358 751 4399 44
766 4364 813 4415 444
829 4349 926 4414 duplici
944 4358 1030 4413 44444
1045 4348 1153 4413 simplici
1170 4352 1254 4413 444444
1270 4347 1351 4411 accipi

132 4420 224 4473 184441
240 4428 265 4469 et
282 4435 328 4486 pro
348 4418 457 4485 simplici
470 4420 607 4470 Santonica
657 4419 693 4469 20
709 4418 830 4486 Mezenti]
850 4420 1008 4484 Verp.Aen.
1028 4416 1096 4467 1117
1151 4418 1185 4467 22
1203 4413 1348 4483 nemorosa]

80 4490 142 4557 1444,
161 4492 227 4542 Aen.
250 4487 354 4540 111270
419 4488 558 4553 zacynthus
573 4490 621 4540 Ba
640 4489 771 4541 zancithos
785 4490 810 4538 A
830 4488 969 4554 zacynthus
988 4486 1026 4538 Ob
1097 4486 1131 4539 23
1149 4488 1233 4537 breuis
1252 4486 1350 4535 4441114

78 4574 111 4607 u„
122 4562 154 4619 Α,
164 4561 227 4613 add.
241 4557 274 4609 a*
330 4560 364 4611 26
381 4559 499 4609 inatrauit
508 4558 581 4609 nea
599 4560 706 4611 iustauit
721 4560 747 4611 A
749 4579 762 4621 ;
779 4576 811 4610 ex
828 4560 870 4610 1414
888 4574 937 4609 444
954 4558 1049 4624 duplex
1067 4566 1105 4609 444
1118 4574 1145 4607 x.
1163 4572 1240 4621 quare
1258 4556 1350 4605 dicitur

78 4630 173 4694 duplex?
192 4631 254 4693 quia
276 4639 366 4695 44444
387 4629 502 4694 simplice
519 4629 643 4695 accipitur
660 4639 685 4680 et
702 4645 749 4696 444
767 4630 880 4696 duplice.
908 4628 1001 4679 daubi
1026 4630 1059 4677 sit
1082 4642 1128 4695 pro
1147 4626 1273 4694 simplice.
1309 4630 1351 4674 ‘et

79 4702 197 4761 4444444414
223 4700 298 4750 litora
315 4698 465 4755 Xanthus’e
491 4700 538 4749 sed
562 4700 630 4764 opud
649 4699 773 4761 Graecos,
794 4716 845 4752 non
872 4700 941 4767 apud
964 4711 1020 4748 nos.
1055 4699 1088 4748 da
1111 4698 1154 4747 ubi
1172 4712 1218 4763 pro
1239 4696 1348 4761 duplice.

78 4770 220 4834 ’4144414444
243 4769 350 4835 globum
374 4768 491 4836 zipheri’
521 4768 637 4821 Iulianus
662 4771 696 4821 de
718 4772 812 4826 littera.
838 4772 875 4834 cs.
898 4769 1042 4821 Terentiana.
1062 4766 1091 4819 o.'
1105 4768 1173 4820 1110
1243 4766 1273 4818 31
1295 4781 1350 4817 4444

76 4854 111 4887 41α
128 4840 237 4899 41444141.
253 4855 270 4887 a
1318 4856 1325 4903 p
