3350 5442
279 269 341 333 150
838 265 992 329 PouPnfl

302 392 324 433 p.
338 381 426 419 rer-na
439 378 460 417 ε.

277 460 377 541 pium?
404 478 462 539 quo
485 457 572 518 modo
594 456 808 517 discernimus?
835 452 967 516 casibus:
991 458 1017 516 si
1039 458 1220 517 accusativus
1242 456 1347 526 luerit,
1371 456 1428 516 erit
1450 454 1566 534 partici-

279 564 374 641 pium;
403 562 428 621 si
456 561 623 638 genetivus
653 560 710 619 erit
736 576 857 619 nomeu.
903 576 972 619 ecce
1005 557 1097 619 babes
1129 557 1337 619 discretionem
1372 556 1568 635 ambiguitatis

277 665 380 743 ipsius.
410 664 434 722 si
450 663 559 723 dixeris
581 662 702 721 ‘aurens
724 658 808 721 illurn
828 660 888 721 boo
910 660 994 731 leci',
1018 662 1204 740 participium
1229 667 1274 721 εει
1294 660 1398 730 modo;
1421 661 1446 719 si
1462 658 1567 719 dixeris

280 771 399 827 ‘amans
419 764 498 825 illius
519 763 576 824 boc
598 764 683 832 leui',
708 780 817 823 nomen
840 769 894 822 est.
938 762 1017 823 unde
1039 761 1096 822 boc
1118 764 1259 842 appareti
1281 762 1317 822 da
1340 760 1451 829 simile,
1476 769 1505 820 et
1524 762 1566 820 in·

279 869 378 927 verrios
404 868 461 936 sic;
490 884 577 945 quem
606 865 642 925 ad
670 863 790 925 modum
814 866 840 924 si
862 863 944 925 dicas
967 863 1120 925 ‘scribens
1150 862 1232 925 illum
1260 864 1316 925 boc
1338 864 1422 934 leci',
1445 864 1470 922 si
1493 862 1592 925 dicass

280 974 399 1031 ‘amans
421 967 503 1028 illum
525 968 583 1028 boc
605 967 690 1036 leci’,
713 966 857 1047 numquid
879 986 1000 1047 possum
1023 965 1124 1027 dicere
1147 970 1268 1026 ‘amans
1293 964 1373 1025 illius
1400 964 1458 1024 lroc
1480 964 1571 1025 ieci'i

280 1092 349 1132 ecce
372 1070 451 1131 tunde
473 1077 596 1150 apparet
617 1070 686 1148 quia
707 1070 896 1149 participium
919 1076 973 1129 est.
1019 1070 1086 1147 quia
1111 1077 1140 1129 ει
1161 1068 1350 1148 participium
1373 1068 1571 1127 accusativum

279 1173 370 1235 babet
394 1190 505 1242 casum,
529 1171 630 1249 legens
651 1170 750 1231 illum:
775 1189 845 1231 eece
862 1170 949 1230 modo
965 1172 1153 1250 participium
1177 1177 1230 1230 est.
1262 1170 1450 1231 econtrario
1472 1167 1573 1245 legens

278 1275 357 1337 illius
384 1292 494 1335 nornen
523 1282 576 1335 est.
621 1274 730 1353 quare?
762 1274 831 1352 quia
860 1274 1012 1351 genetivus
1041 1279 1086 1333 est
1113 1290 1207 1333 casus.
1252 1274 1296 1333 sic
1324 1278 1369 1333 est
1390 1290 1424 1331 ac
1446 1272 1472 1330 si
1494 1270 1573 1331 dicas

280 1376 389 1437 ‘cultor
417 1374 495 1437 illius
522 1376 607 1446 leci',
637 1376 754 1436 ‘doctor
781 1373 860 1434 illius
889 1374 975 1435 leci’.
1022 1381 1051 1433 et
1077 1372 1175 1435 cultor
1204 1373 1283 1435 illius
1311 1382 1340 1434 et
1367 1372 1472 1433 doctor
1492 1371 1606 1433 illiusn

279 1480 434 1557 genetivus
462 1486 506 1538 εει
532 1496 626 1538 εεεεε.
672 1495 743 1555 ergo
772 1476 890 1555 quando
917 1477 1052 1554 iungitur
1080 1478 1217 1554 genetivo
1245 1478 1339 1545 casui,
1368 1476 1426 1537 erit
1449 1492 1573 1543 nomem

281 1579 400 1660 (parando
422 1580 555 1657 iungitur
577 1581 759 1648 accusativo,
783 1580 841 1639 crit
862 1579 1059 1658 participium.

272 1737 278 1749 ,
366 1682 508 1760 Superest
530 1670 639 1741 nomen
661 1679 739 1759 rqrvod
763 1679 854 1740 verbo
877 1680 972 1741 simile
995 1688 1054 1751 est,
1084 1689 1115 1742 ut
1139 1678 1143 1763 l
1167 1686 1213 1741 est
1235 1678 1419 1760 contemplor
1441 1684 1574 1739 contem·

281 1782 372 1863 piaris
400 1781 633 1862 contemplatur:
664 1784 751 1843 modo
777 1785 952 1858 imperativo
973 1790 1109 1862 ternpore
1131 1783 1229 1844 luturo
1251 1781 1477 1862 contemplator.
1522 1780 1573 1841 sed

282 1896 379 1945 tomen
404 1891 433 1944 et
460 1903 569 1945 rronren
596 1891 794 1964 potestesse,
817 1884 866 1945 bic
889 1883 1104 1964 contemplator
1132 1883 1221 1947 buius
1243 1882 1485 1963 contemplatoris
1507 1883 1573 1943 buie
1587 1903 1608 1941 ε

281 1984 518 2066 contemplaturi.
548 1984 725 2064 aliquotiens
740 2003 811 2063 ergo
827 1987 892 2046 sino
915 1986 1006 2047 dubio
1029 2006 1137 2047 nomen
1160 1994 1219 2055 est,
1243 1984 1419 2066 aliquotiens
1442 1984 1574 2045 verbum.

282 2086 351 2167 quid
375 2105 446 2164 ergo
468 2088 607 2155 interest,
632 2087 749 2166 quaudo
772 2088 810 2147 sit
832 2088 970 2157 verbum,
994 2088 1113 2168 quando
1137 2089 1262 2149 nornen?
1286 2086 1408 2148 verbum
1430 2089 1454 2147 si
1477 2087 1574 2154 luerit,

281 2200 399 2267 tempus
426 2186 529 2256 lrabet3
559 2207 667 2250 nornen
694 2190 720 2249 si
747 2188 853 2260 luerit,
884 2209 984 2251 casum
1017 2189 1116 2251 babet.
1161 2190 1186 2249 si
1218 2189 1313 2249 dicem
1343 2187 1577 2268 ‘contemplator

282 2290 395 2360 illum',
419 2291 475 2351 boc
497 2296 544 2349 est
564 2288 711 2351 ‘adtende
732 2290 845 2363 illum’,
871 2298 986 2372 tempus
1003 2298 1049 2353 est
1069 2292 1133 2352 sine
1155 2290 1258 2351 dubio:
1282 2292 1405 2352 verbum
1430 2300 1475 2353 est
1496 2310 1577 2369 ergo.

282 2395 308 2453 si
330 2392 424 2453 dicam
447 2392 682 2471 ‘contemplator
703 2392 842 2473 quidam'
867 2412 901 2453 ec
931 2396 956 2453 si
984 2393 1080 2455 dicam
1103 2395 1249 2472 ‘scriptor
1272 2392 1418 2473 quidam’,
1444 2395 1503 2454 erit
1524 2413 1575 2454 no·
1589 2416 1612 2454 ε

282 2496 455 2555 rninativus:
478 2512 579 2554 casnm
604 2512 674 2573 ergo
696 2494 801 2565 babet,
826 2497 884 2556 erit
906 2514 976 2574 ergo
999 2514 1117 2556 nornen.

369 2595 480 2674 Collige
510 2614 581 2675 ergo
609 2600 680 2657 istas
706 2598 823 2677 species
847 2598 947 2675 viginti
971 2605 1001 2657 et
1029 2604 1151 2676 septem.
1198 2604 1267 2658 sunt
1288 2599 1407 2659 nomina
1429 2617 1506 2679 quae
1529 2617 1579 2676 ap·

284 2697 432 2779 pellantur
454 2697 636 2777 corporalia,
660 2707 729 2760 sunt
751 2718 827 2779 quae
850 2698 1061 2779 incorporalia,
1090 2706 1160 2759 sunt
1181 2700 1295 2779 primae
1317 2701 1486 2779 positionis,
1512 2709 1581 2761 suut

284 2801 458 2870 derivativa,
482 2808 551 2861 sunl
573 2799 759 2871 diminutiva,
788 2808 859 2861 sunt
882 2820 955 2861 sono
977 2801 1165 2870 diminutiva,
1190 2810 1259 2862 sunt
1279 2808 1338 2861 tota
1362 2820 1482 2880 graeca,
1512 2810 1581 2862 suut

284 2911 346 2963 tota
367 2902 473 2971 latina,
502 2908 572 2961 sunt
599 2902 701 2976 notba,
731 2912 801 2963 sunt
829 2921 1005 2982 synonyma,
1035 2912 1105 2964 sunt
1132 2901 1324 2982 homonyma,
1349 2912 1418 2964 sunt
1440 2911 1614 2984 patrem-rs

286 3006 376 3072 mica,
402 3011 472 3064 sunt
493 3004 612 3079 ctetica,
635 3004 665 3063 id
689 3012 734 3065 εει
754 3006 937 3085 possessiva,
966 3011 1035 3066 sunt
1056 3004 1212 3076 adiectiva,
1235 3012 1304 3067 sunt
1326 3004 1487 3085 qualitatis,
1513 3013 1580 3066 εεει

287 3106 474 3186 (prenotatis,
498 3111 568 3165 sunl
589 3106 699 3183 gentis,
723 3113 792 3166 sunt
813 3109 942 3186 patriae,
966 3114 1035 3167 sunt
1057 3108 1188 3177 numeri,
1211 3114 1280 3168 sunt
1302 3106 1429 3176 ordiniS,
1453 3108 1580 3169 suntad

286 3206 396 3287 aliquid
419 3204 554 3287 qualilter
575 3225 609 3266 se
630 3206 782 3277 habentia,
806 3217 876 3271 sunt
896 3208 1056 3287 generalia,
1079 3216 1149 3270 sunt
1171 3208 1317 3289 specialia,
1341 3216 1412 3270 sunt
1431 3208 1579 3278 verbialia,

287 3317 357 3369 sunt
378 3309 543 3388 participiis
564 3308 684 3379 similia,
708 3317 776 3371 sunt
798 3319 827 3371 ει
849 3310 948 3371 verbis
971 3310 1086 3371 similia.
1118 3312 1192 3371 istae
1206 3318 1275 3371 sunt
1289 3311 1392 3389 viginti
1415 3320 1445 3372 et
1466 3318 1580 3391 septem

288 3412 412 3490 species.
458 3409 509 3469 sed
537 3411 675 3490 quicquid
703 3412 792 3472 luerit
819 3412 857 3472 dc
879 3413 944 3474 istis
965 3413 1068 3489 viginti
1091 3419 1120 3471 ει
1142 3421 1270 3493 septem,
1299 3414 1377 3473 scire
1399 3412 1490 3475 debes
1513 3414 1616 3493 quiaso

288 3510 496 3591 appellativum
520 3519 573 3572 εει.
617 3513 700 3573 finita
722 3513 863 3593 qualitate
885 3516 990 3575 transit
1013 3514 1048 3575 ad
1072 3516 1324 3596 conparationem.

161 1656 220 1716 430,
233 1656 266 1705 32

762 3698 809 3744 DE
832 3696 1103 3747 componemus

188 3804 277 3865 491,‘t
375 3801 554 3880 Conparatio
577 3802 729 3862 nominum
753 3804 792 3864 ita
815 3803 934 3865 definita
957 3812 1015 3875 est,
1040 3806 1212 3882 conparatio
1234 3811 1278 3865 εει
1299 3805 1426 3865 elocutio
1448 3822 1525 3884 quae
1547 3822 1583 3863 ex

291 3902 413 3965 alterius
436 3901 592 3964 collatione
616 3903 741 3965 alterum
764 3906 904 3985 praelert.
948 3906 987 3967 ita
1010 3905 1189 3967 definierunt
1211 3907 1331 3986 antiqui.
1374 3926 1442 3967 nam
1465 3906 1583 3985 quando

291 4005 357 4066 dico
380 4004 509 4073 doctior,
538 4023 596 4066 εεε
619 4013 718 4085 potest
739 4007 826 4067 unius
850 4024 930 4075 esse;
960 4006 1164 4079 doctissimus,
1188 4009 1400 4087 conparatione
1421 4006 1583 4069 multorum
1597 4033 1620 4071 aa

291 4108 341 4169 illc
364 4108 560 4169 doctissimus.
605 4124 678 4186 ergo
700 4107 740 4168 ita
763 4108 915 4169 definitum
938 4115 992 4169 est.
1031 4112 1202 4189 conparatio
1226 4118 1325 4171 autem
1348 4116 1400 4171 aut
1420 4117 1510 4187 auget
1531 4106 1584 4169 ali·

362 4332 379 4379 4
395 4330 510 4391 sortasse
528 4329 642 4378 invenies
661 4329 698 4378 sie
716 4329 849 4378 ‘scribens
862 4329 930 4379 illurn
945 4329 993 4379 boc
1008 4330 1083 4393 leci’‚
1102 4346 1177 4395 quern
1190 4330 1221 4381 ad
1238 4330 1342 4381 niodum
1355 4330 1378 4380 si
1395 4329 1466 4380 dicas
1484 4336 1585 4382 ‘amaus

293 4400 365 4448 illum
382 4398 431 4450 boc
446 4398 522 4451 leei’.
547 4400 670 4461 numquid
689 4412 792 4464 possum
810 4400 894 4448 dicere
913 4401 1042 4451 ‘scribens
1060 4401 1129 4451 illiue
1143 4402 1191 4449 lroc
1210 4400 1285 4461 leci’,
1304 4400 1544 4465 quemadmodum
1563 4402 1586 4451 si

294 4470 364 4519 dicas
379 4474 484 4519 ‘uorans
501 4469 571 4518 illius
589 4467 638 4517 hoe
654 4469 735 4517 leci?’
755 4486 818 4518 —e
834 4471 961 4519 contrario
980 4474 1084 4521 ‘amarus
1104 4472 1173 4521 illius
1190 4486 1279 4521 nomen
1300 4479 1339 4522 est
1392 4471 1424 4521 tl
1444 4472 1519 4521 modo
1539 4473 1586 4521 im—

294 4541 469 4605 perativoom.
488 4538 574 4587 Aac
643 4539 675 4590 lu
688 4539 803 4600 sortasse
820 4553 921 4604 tempus
937 4548 989 4604 εει,
1015 4542 1070 4590 sine
1088 4542 1165 4591 dnbio
1184 4556 1246 4607 ergo
1266 4542 1433 4591 verbumest.
1462 4543 1484 4590 si
1504 4542 1585 4591 dicam

363 4610 398 4658 22
417 4624 479 4674 ergo
498 4608 589 4674 uiginti
612 4617 709 4674 septem
733 4618 793 4658 sunt
811 4610 912 4659 nomina
932 4626 997 4674 quae
1013 4611 1172 4677 appellantur
1193 4610 1347 4677 appellatiua
1366 4616 1425 4660 aunt
1442 4610 1587 4677 corporalia

296 4679 318 4729 C
369 4680 404 4727 26
418 4678 511 4728 thetica
528 4678 614 4728 ABG
665 4680 697 4728 27
715 4688 774 4729 suut
786 4680 883 4729 ordinis
902 4680 1006 4731 suntad
1023 4681 1118 4745 aliquid
1135 4682 1179 4731 Ca
1191 4688 1249 4731 sunt
1263 4680 1359 4732 ordinis
1372 4687 1430 4729 sunt
1443 4680 1476 4731 ed
1488 4680 1587 4745 aliquid

270 4755 271 4760 ’
295 4748 362 4798 dieta
379 4748 439 4798 na*
457 4757 515 4799 sunt
534 4748 629 4799 ordinis
647 4757 705 4799 sunt
726 4748 823 4813 aliquid
841 4751 865 4797 A
