3350 5442
527 292 726 356 Exercitum
751 291 924 355 PARlSle
948 294 980 352 V.
1004 292 1041 352 Vl
1364 287 1428 352 605

1232 411 1255 452 p.
1268 399 1325 441 2785.
1339 397 1401 442 ddP.

139 502 259 546 sensum
281 483 404 557 coniect-
417 483 542 561 incipiat
563 499 580 542 a
602 480 696 542 vocali
720 482 884 562 inciplento
906 479 998 541 verbo
1021 499 1037 540 a
1060 487 1255 551 consonante,
1277 481 1425 561 inperlco·

141 593 203 648 tum
230 592 369 647 manente
398 584 500 646 cadem
530 601 586 644 nec
608 589 718 644 mutata
741 585 972 668 praepositionis
994 581 1086 643 vocali
1108 582 1196 644 allam
1217 581 1300 644 addit
1321 601 1426 643 conso·

138 690 222 750 nanti
243 686 327 748 verbi
350 686 495 756 vocalem,
520 691 552 746 ut
573 691 619 746 ost
642 680 803 764 ἐπιχαίρω
827 679 1017 766 ἐπέχαιρον,
1039 686 1110 764 quia
1124 684 1205 746 aliud
1220 692 1280 754 est,
1297 679 1426 765 ἐπιχαί-

138 809 200 868 φω,
222 789 302 851 aliud
325 786 440 870 χαίροι.
473 805 543 850 sane
558 787 614 847 boc
632 785 815 856 observatur,
839 795 872 848 ut
886 787 994 847 vocalis
1015 804 1091 866 quae
1112 786 1232 848 additur
1253 788 1427 849 consonanti

105 905 125 946 s
139 891 240 952 brevis
263 893 317 961 sit,
340 891 408 971 quia
431 908 490 951 non
513 895 612 968 potest
632 887 709 949 ultra
732 907 823 950 unum
838 896 956 968 tempus
977 906 1166 958 excrescere,
1189 885 1275 966 λέγω
1297 886 1426 968 ἔλεγον,

136 989 276 1073 λέγομαι
304 986 479 1072 ἐλεγόμην.
524 991 603 1052 unde
629 985 796 1070 βούλομαι
823 997 854 1078 et
880 986 1028 1071 όόναμαι
1055 991 1218 1053 secundum
1240 1009 1426 1052 communem

136 1095 272 1173 regulam
300 1113 336 1156 ex
365 1112 397 1156 se
425 1094 539 1154 iaciunt
568 1087 760 1172 ἐβουλόμην
789 1087 977 1173 ἐδυνάμηνε
1010 1092 1061 1154 sed
1089 1094 1167 1173 quod
1189 1111 1278 1173 saepe
1300 1093 1426 1172 legimus

134 1190 332 1277 ἠβουλόμην
364 1189 542 1276 ἠδυνάμην
569 1196 659 1256 attica
688 1194 807 1256 licentia
830 1202 885 1255 est.
930 1193 1031 1256 ultima
1054 1214 1171 1276 quoque
1192 1190 1303 1276 syllaba
1324 1197 1426 1275 inper-

135 1300 210 1360 lecti
232 1317 292 1359 non
314 1297 390 1360 nihil
413 1297 597 1358 diversitatis
619 1295 724 1366 babet,
747 1303 781 1357 ut
803 1297 834 1356 in
857 1297 1075 1376 perispomenis
1096 1299 1194 1377 prima
1221 1304 1251 1357 et
1278 1299 1366 1359 tertia
1394 1301 1426 1360 in

90 1415 122 1454 ιο
136 1419 202 1462 ουν
224 1403 356 1470 mittant,
381 1393 521 1462 ἐποίουν
545 1393 732 1478 ἐχρόσουν,
756 1397 885 1459 secunda
908 1399 940 1458 in
963 1417 1030 1478 ιον,
1053 1393 1178 1478 ἐβόων,
1201 1417 1276 1479 quae
1298 1400 1372 1461 dunt
1395 1402 1426 1462 in

133 1505 253 1583 passivo
281 1501 327 1563 rel
355 1502 471 1582 passivo
499 1499 650 1562 similibus
679 1495 866 1581 ἐποιούμην
895 1494 1111 1581 ἐχρυαοάμην
1138 1494 1302 1581 ἑβοιάμην.
1348 1502 1425 1582 apud

135 1604 266 1666 Graecos
294 1602 374 1665 solus
403 1601 571 1664 definitivus
592 1603 697 1664 modus
724 1619 868 1682 praesens
895 1601 933 1663 ab
954 1602 1122 1682 inperfecto
1144 1602 1303 1681 disiungit,
1332 1608 1424 1667 ceteri

134 1724 239 1768 omnes
261 1705 341 1766 modi
363 1685 505 1783 iungun't,
530 1713 561 1766 ut
583 1703 672 1784 φιλῶ
696 1700 857 1783 ἐφίλουνε
880 1711 911 1764 at
931 1704 962 1766 in
984 1706 1160 1784 imperativo
1176 1703 1268 1784 φίλει
1283 1723 1426 1784 praesens
1486 1770 1491 1778 ,

134 1815 166 1869 ct
194 1809 391 1889 inperfectum
415 1805 420 1887 Ι
443 1806 652 1878 οουλιιιιόίιιιι;
691 1805 827 1868 similitor
855 1807 886 1866 in
914 1807 1102 1866 coniunctivo
1130 1798 1191 1867 ἐάν
1219 1805 1308 1886 φιλοῖ
1336 1816 1367 1869 ot
1394 1810 1425 1870 in

93 1925 121 1966 ιι
134 1913 267 1991 optativo
295 1905 326 1971 εί
351 1908 483 1991 φιλοίμι
511 1915 541 1969 et
568 1910 599 1969 in
628 1908 771 1970 infinitivo
799 1905 914 1987 φιλείν
944 1915 1102 1988 utrumqne
1125 1908 1214 1970 simul
1235 1916 1353 1990 ternpus
1374 1929 1424 1991 ap·
1507 1969 1511 1976 .

134 2013 258 2093 pellant.
504 2087 507 2095 Ι

221 2113 263 2175 lle
286 2120 420 2194 tempore
442 2114 585 2193 perlecto.
629 2115 795 2193 perlectum
822 2119 940 2191 tempus
967 2113 1043 2192 apud
1067 2112 1196 2174 Graecos
1216 2131 1276 2174 non
1298 2132 1315 2174 a
1337 2133 1422 2194 prae·
1438 2120 1483 2171 191
1497 2122 1530 2172 v.

135 2218 230 2286 senti,
254 2214 307 2277 scd
330 2234 346 2276 a
368 2215 469 2276 lutino
491 2217 643 2293 liguratur.
682 2233 738 2274 nec
760 2216 825 2275 sine
848 2215 979 2275 ratione:
1003 2233 1089 2276 omne
1112 2217 1192 2276 onim
1214 2215 1293 2295 quod
1315 2216 1426 2277 lactum

75 2321 83 2344 ⁸
134 2326 181 2380 est
202 2319 287 2398 prius
309 2317 479 2379 laciendum
501 2318 567 2378 luit.
601 2317 631 2378 in
653 2317 769 2394 graecis
790 2334 878 2394 omne
900 2317 1066 2396 perlectum
1088 2324 1138 2376 ant
1161 2315 1271 2396 syllaba
1294 2325 1345 2379 aut
1365 2337 1425 2379 uno

92 2436 121 2476 oo
136 2429 270 2500 tempore
298 2420 393 2481 maius
421 2421 517 2499 prima
540 2405 756 2498 positione'sul
777 2419 942 2498 prolertur,
972 2425 1004 2479 ut
1031 2411 1325 2499 idoneamque.
1369 2439 1425 2482 nec

134 2530 164 2584 te
187 2528 302 2584 moreat
323 2521 401 2602 quod
424 2518 590 2600 πεποίηκα
612 2519 658 2581 vel
685 2518 855 2600 πεφίληκα
877 2525 907 2580 et
928 2520 1037 2581 similia
1057 2539 1117 2581 non
1139 2538 1211 2590 una,
1235 2521 1288 2582 scd
1310 2521 1426 2584 duabus

135 2623 258 2705 syllabis
279 2624 408 2703 primam
424 2621 509 2691 verbi
531 2623 654 2684 vincunt
676 2623 866 2702 positionem.
898 2622 1027 2684 diximus
1049 2624 1128 2684 onim
1149 2624 1278 2702 primam
1301 2625 1424 2704 perlecti

134 2727 314 2806 positionem
339 2743 396 2785 non
419 2743 483 2786 esse
506 2743 664 2804 praesens,
696 2724 748 2784 sed
771 2724 921 2794 luiturum,
945 2724 1022 2803 quod
1046 2743 1119 2794 una,
1142 2744 1201 2786 non
1224 2724 1338 2786 duabus
1366 2727 1423 2806 syl·

134 2827 227 2897 labis,
257 2833 411 2906 superant,
442 2835 474 2888 ut
501 2821 629 2906 ποιήσιο
659 2823 842 2907 πεποίηκα,
871 2820 1004 2906 φιλήσω
1031 2823 1211 2907 πεφίληκα.
1256 2828 1312 2888 boc
1334 2830 1423 2889 etiam

94 2945 122 2986 as
137 2935 312 3007 argumento
334 2927 497 3008 probatur:
525 2946 593 2990 nam
616 2945 684 2990 cum
707 2946 867 3008 numquam
888 2929 1054 3007 perlectum
1076 2935 1231 3008 tempusa
1253 2931 1350 3010 prima
1371 2948 1424 3009 po·

134 3032 244 3092 sitione
273 3033 321 3092 sui
337 3038 378 3092 ct
406 3029 519 3111 syllaba
546 3036 662 3090 crescat
689 3037 718 3091 et
745 3036 894 3110 ternpore,
923 3029 975 3090 sed
1004 3037 1117 3091 tantum
1146 3031 1254 3101 altero,
1278 3039 1371 3094 restat
1393 3039 1426 3093 ut

135 3126 273 3213 όπτηκα
295 3124 463 3212 ἠγάπηκα,
487 3133 512 3193 si
535 3151 551 3194 a
574 3131 784 3212 praesentibus
805 3133 882 3193 lacta
905 3139 973 3193 sunt
996 3123 1087 3192 όπτοῖ
1109 3125 1238 3211 dranci,
1262 3141 1292 3194 ot
1314 3132 1423 3214 syllaba

135 3237 246 3296 maiora
268 3235 459 3296 luvenlantur
479 3241 510 3294 et
531 3240 681 3314 tempore,
704 3234 782 3314 qnod
805 3235 869 3295 lieri
891 3252 946 3313 per
967 3233 1101 3311 regulam
1123 3252 1181 3294 non
1203 3242 1316 3314 potest;
1339 3255 1356 3297 a
1377 3237 1423 3297 lu·

134 3344 203 3398 turo
226 3337 317 3415 igitur
340 3337 477 3407 veniunt,
501 3328 635 3418 όπιήσω
651 3328 789 3416 όπτηκα
811 3342 842 3397 et
862 3329 1023 3415 άγαπήσω
1045 3328 1213 3416 ἠγάπηκα,
1235 3338 1350 3417 primae
1374 3355 1423 3398 oo·

94 3457 122 3496 ao
136 3438 212 3500 calis
234 3445 389 3518 correptae
411 3438 608 3518 productione
631 3439 717 3499 lacta.
762 3441 834 3500 item
857 3457 924 3499 cum
945 3455 1105 3518 numquam
1127 3439 1293 3519 perlectum
1315 3460 1330 3501 a
1353 3458 1422 3500 con·

135 3543 253 3602 sonanti
282 3541 431 3620 incipiens
457 3558 511 3620 par
538 3542 648 3618 origini
677 3558 747 3602 suae
775 3543 815 3602 sit
842 3558 966 3616 numero
993 3538 1187 3620 syllabarum,
1217 3539 1423 3602 adversabitur

92 3647 94 3652 '
133 3642 257 3722 regulae
286 3660 373 3702 omne
401 3643 568 3722 perlectum
597 3641 666 3703 τόν
694 3638 741 3714 είς
767 3663 821 3723 μι,
851 3645 920 3722 quia
947 3659 1050 3721 parem
1072 3647 1222 3721 praesenti
1244 3642 1422 3724 syllabarum

80 3729 86 3743 ’
133 3762 290 3806 numerum
319 3750 415 3814 tenet,
444 3740 565 3824 δίδωμι
598 3739 747 3823 δέδωκα,
781 3743 899 3825 τίθημι
924 3739 1070 3804 τέθεικα.
1115 3744 1168 3805 sed
1195 3763 1254 3805 non
1289 3747 1330 3806 ita
1361 3751 1421 3806 cst:

134 3841 233 3907 βοάσω
256 3847 336 3906 enim
359 3841 490 3907 βέβακα
512 3846 583 3906 iecit
605 3852 634 3905 et
656 3841 753 3926 θήσω
775 3842 912 3907 τέθεικα
934 3852 964 3906 et
986 3847 1081 3906 crevit
1102 3843 1224 3926 syllaba.
1261 3864 1423 3926 numquam

93 3965 121 4006 ss
135 3948 214 4027 apud
237 3947 366 4010 Graecos
388 3947 554 4027 perlectum
577 3948 675 4008 minus
697 3950 847 4028 praesenti
871 3947 916 4008 vel
937 3949 1038 4009 tuturo
1061 3949 1222 4009 invenitur.
1259 3951 1332 4010 item
1355 3966 1421 4008 curn

133 4066 277 4130 praesens
304 4067 320 4108 a
348 4047 442 4109 vocali
465 4050 585 4129 incipit,
615 4051 696 4111 omni
724 4049 810 4110 modo
837 4052 869 4111 in
899 4051 1062 4129 praeterito
1084 4056 1218 4112 moretur
1240 4053 1271 4112 ln
1293 4050 1420 4127 longam.

133 4169 295 4230 numquam
317 4151 394 4231 apud
417 4150 545 4212 Graecos
566 4153 760 4230 praeteritum
785 4152 951 4231 perlectum
973 4153 1005 4213 in
1027 4151 1141 4212 duabus
1164 4151 1284 4232 syllabis
1306 4153 1421 4212 inveni-

133 4261 198 4324 tur,
228 4253 280 4313 scd
303 4259 348 4313 est
369 4252 519 4314 interdum
541 4271 593 4314 sex
615 4252 809 4332 syllabarum,
832 4261 866 4314 ut
887 4248 1183 4334 πεπολεμάρχηκα,
1212 4260 1258 4316 est
1278 4255 1420 4334 quinque,

132 4351 364 4436 πεπολέμηκα,
393 4346 439 4416 est
460 4361 615 4436 quattuor,
638 4354 821 4436 necetque,
844 4364 890 4417 est
912 4358 1017 4426 trium,
1041 4351 1182 4436 λέλυκα,
1204 4375 1260 4417 nec
1283 4373 1421 4436 umquam

202 4575 218 4626 3
238 4589 370 4642 ινιγαιρω
382 4591 530 4643 ενεηαιρον
547 4577 588 4629 P:
608 4569 731 4642 ἔγχαίρω
749 4579 854 4628 coniecit
871 4574 1017 4641 Opaopoeua
1085 4567 1237 4644 ἐπιγαίου]
1251 4591 1384 4640 sarzanam
1398 4579 1423 4628 P

204 4646 238 4697 10
258 4646 358 4696 mittunt
377 4647 403 4694 P
471 4643 501 4696 ll
522 4647 563 4696 uel
582 4647 694 4713 prasinis
715 4648 841 4697 similibus
860 4648 885 4697 P
907 4645 946 4694 vel
967 4641 1065 4711 passivi
1089 4646 1218 4697 similibus
1243 4645 1352 4696 Zeunlua

136 4718 169 4768 12
188 4715 342 4769 dillnitinns
358 4721 504 4767 constanter
522 4717 546 4766 P
615 4716 649 4768 20
666 4717 763 4771 λιλικα
781 4717 806 4768 P
875 4732 921 4767 nec
940 4725 1042 4768 mouent
1061 4717 1086 4768 P
1106 4731 1153 4767 nco
1176 4726 1260 4768 umen
1280 4723 1303 4768 tc
1321 4725 1421 4768 morreat

132 4803 191 4842 earo.
214 4786 277 4838 Bob.
348 4785 381 4841 32
394 4783 578 4852 proesentis?
