3350 5442
606 381 677 444 lits
706 382 794 444 1v1.
819 387 837 443 2
1300 377 1364 444 465

101 487 272 548 fimes
1178 487 1337 543 umus

227 571 369 640 intuor,
394 570 539 632 lneclrii
563 579 649 632 sunt
670 571 709 632 hi
733 571 820 642 tibi,
844 575 1013 652 concipe,
1037 589 1160 650 reges:

74 672 156 732 idem
179 675 268 734 etiam
291 673 372 734 eliud
394 673 432 734 ab
455 692 490 732 eo
513 677 709 753 compositum
732 676 763 736 in
781 673 845 735 Vlll
868 674 945 735 libro
960 674 1129 735 Thebaidos
1150 674 1269 744 extulit,
1292 692 1362 735 con·

75 783 158 844 tuor,
181 784 214 836 ut

227 897 379 958 namque
403 878 505 939 modo
528 880 701 940 infensos
724 886 834 940 utero
856 879 947 940 mibi
970 887 1128 940 contuor
1150 897 1268 940 enses.
1297 873 1303 960 l

42 995 57 1034 ⁵
162 979 228 1042 Sola
256 981 355 1060 itaque
384 982 480 1060 prima
508 981 675 1058 coniugatio
697 979 824 1061 syllabas
846 981 1043 1058 genitivorum
1065 981 1193 1042 nominis
1215 981 1362 1042 custodire

73 1081 153 1142 solet
174 1083 206 1142 in
228 1082 312 1142 verbi
335 1082 536 1153 traductione,
561 1082 749 1150 notatisillis
772 1084 876 1162 paucis
898 1083 1155 1144 terminationibus
1168 1084 1199 1144 in
1215 1101 1251 1143 co
1264 1084 1310 1144 vel
1332 1084 1363 1144 in

73 1193 105 1242 to
130 1184 176 1244 vel
198 1187 228 1245 in
250 1184 278 1245 lo
300 1183 345 1244 vel
367 1187 399 1246 in
421 1186 504 1246 cinor
527 1184 573 1245 vel
595 1184 626 1244 in
656 1185 715 1244 cito
738 1185 783 1246 vel
805 1185 836 1246 in
859 1202 898 1245 uo
919 1203 936 1246 a
958 1188 1062 1264 quarta
1084 1185 1281 1246 declinatione
1303 1191 1362 1246 tra-

73 1286 175 1346 ductis
199 1283 243 1365 [et
271 1287 302 1347 iu
324 1289 352 1348 io
374 1306 390 1347 a
412 1284 546 1367 quinta],
574 1293 604 1346 et
631 1287 734 1366 siquae
762 1293 832 1348 sunt
852 1286 927 1349 tales
949 1287 1162 1358 derivationes
1185 1307 1258 1368 quas
1280 1289 1364 1368 quasi

73 1394 198 1466 praeter
219 1388 344 1450 aliarum
366 1407 478 1450 morem
494 1395 664 1450 crescentes
679 1390 816 1467 superius
839 1389 1076 1461 observavimus;
1099 1390 1151 1450 illo
1172 1408 1289 1471 qnoque
1312 1408 1362 1468 gc-

28 1519 56 1557 10
73 1490 232 1559 ueraliter‚
256 1499 289 1551 ut
311 1492 407 1552 omnis
429 1491 606 1569 ambiguitas
628 1491 761 1561 tollatur,
785 1491 933 1561 addendo,
958 1489 972 1573 ll
995 1492 1083 1572 quod,
1106 1492 1175 1559 licet
1195 1491 1304 1572 duplex
1325 1493 1365 1552 sit

74 1593 246 1652 terminatio
268 1591 428 1656 latinorum
444 1594 633 1674 inpositione
649 1592 822 1663 verborum,
847 1594 877 1654 id
899 1601 944 1654 est
966 1601 1017 1655 aut
1038 1612 1056 1653 o
1078 1602 1128 1655 aut
1150 1612 1185 1654 or
1206 1593 1363 1655 indicativo

72 1696 228 1773 praesenti
257 1695 410 1765 desinens,
439 1696 551 1776 absque
580 1696 743 1774 corruptis,
773 1715 849 1775 quae
879 1695 992 1774 regulis
1018 1696 1169 1774 analogiae
1190 1702 1309 1766 carent,
1333 1701 1366 1755 ut

72 1815 143 1858 suna
166 1804 279 1868 esest,
303 1817 423 1877 possum
444 1816 568 1878 prosum
592 1798 647 1858 edo
663 1806 692 1859 et
708 1797 869 1869 similibus,
892 1797 1045 1860 sciendum
1068 1799 1166 1860 estin
1188 1816 1223 1858 or
1244 1797 1364 1878 quidem

72 1899 240 1960 desinentia
262 1899 362 1970 verba,
386 1901 411 1960 si
432 1901 547 1980 passiva
569 1901 637 1970 sint,
661 1918 782 1962 suorum
798 1903 961 1962 activorum
976 1901 1212 1978 coniugationem
1234 1918 1364 1971 servare,

29 2025 57 2064 15
73 2001 105 2060 id
129 2008 190 2071 est,
214 2001 274 2062 sive
297 2002 404 2063 vocalis
427 2019 480 2063 seu
503 2021 668 2064 consonans
690 2003 818 2064 sitente
841 2023 874 2073 o,
906 2002 1005 2064 addita
1027 2021 1044 2066 r
1065 2003 1164 2064 littera
1186 2020 1245 2063 non
1268 2008 1364 2064 muta-

74 2110 126 2162 tur
148 2104 331 2181 coniugatio,
355 2107 380 2164 si
402 2113 574 2184 permaneat
596 2105 700 2168 eadem
722 2104 806 2165 verbi
829 2106 1020 2184 significatio,
1043 2113 1076 2166 nt
1097 2123 1169 2165 curo
1190 2123 1290 2176 curor,
1313 2105 1364 2165 do·

73 2223 129 2264 ceo
153 2205 277 2276 doceor,
306 2206 405 2267 scribo
434 2206 564 2278 scribor,
592 2207 678 2269 audio
701 2206 819 2278 andior;
844 2215 957 2270 mutato
979 2226 1049 2268 vero
1071 2224 1181 2285 genere
1204 2206 1250 2267 vel
1272 2208 1364 2284 signi·

74 2309 212 2368 litatione
235 2307 333 2380 verbi,
358 2309 427 2370 licet
449 2309 522 2370 nibil
544 2309 622 2372 aliud
644 2311 702 2372 nist
724 2328 739 2370 r
761 2309 911 2380 adsumat,
935 2317 1034 2371 tamen
1056 2327 1114 2370 non
1137 2308 1274 2370 observat
1296 2327 1364 2370 ean·

73 2411 145 2470 dem
164 2412 410 2488 coniugationem,
427 2419 460 2474 ut
471 2430 580 2492 sperno
595 2414 713 2491 spernis
724 2430 851 2492 spernor
866 2413 1033 2493 sperneris
1054 2429 1198 2491 aspernor
1214 2410 1367 2490 deponens

31 2539 57 2578 aa
73 2513 265 2592 aspernaris;
287 2515 438 2593 conspicio
460 2515 608 2594 conspicis
630 2516 742 2594 aspicio
764 2517 872 2595 aspicis
894 2516 1062 2595 conspicior
1084 2513 1266 2592 conspiceris
1287 2513 1365 2591 aspi·

71 2617 138 2674 rior
170 2615 326 2694 aspiceris,
360 2617 517 2694 conspicor
549 2616 701 2696 deponens
734 2617 932 2696 conspicaris;
968 2625 1069 2678 sterno
1104 2616 1213 2679 sternis
1248 2621 1366 2676 sternor

71 2718 239 2788 sterneris,
262 2725 438 2780 consternor
461 2725 558 2780 autem
582 2719 733 2798 deponens
755 2720 973 2790 consternaris;
996 2720 1072 2780 facio
1095 2725 1250 2788 neutrum,
1273 2718 1365 2795 grati-

73 2821 149 2880 ficor
171 2821 360 2897 gratificaris,
383 2821 519 2882 ludificor
540 2821 717 2892 ludificaris3
740 2823 836 2883 sentio
852 2821 924 2882 item
939 2822 1046 2891 sentis,
1062 2820 1200 2882 adsentor
1214 2818 1366 2899 deponens

72 2922 257 2992 adsentaris3
280 2940 353 3001 gero
374 2926 470 3000 geria,
493 2925 661 3001 morigeror
677 2924 878 3002 morigeratis.
909 2930 939 2983 et
961 2942 977 2984 c
1000 2922 1121 3003 quidem
1142 2920 1282 2983 babentia
1298 2927 1366 2982 ante

31 3049 58 3088 as
73 3043 111 3084 or
135 3024 282 3086 secundae
311 3032 380 3085 sunt
407 3027 640 3103 coniugationis,
669 3043 724 3086 ceu
746 3033 813 3087 ante
836 3025 1030 3095 dictumest,
1053 3031 1087 3086 ut
1107 3024 1201 3086 liceor
1222 3024 1367 3103 polliceor

73 3126 200 3188 medeor
222 3144 291 3186 reor
313 3145 431 3188 mercor
452 3129 598 3188 misereor
620 3146 725 3188 vereor
746 3129 844 3189 fatcor
865 3135 964 3199 tueor,
989 3134 1019 3189 et
1041 3145 1116 3207 quae
1138 3144 1175 3187 ex
1196 3126 1244 3186 bis
1265 3128 1366 3204 singu·

72 3229 113 3289 lis
137 3235 363 3308 componuntur.
392 3231 402 3288 i
425 3237 524 3291 autern
541 3237 608 3291 ante
624 3249 658 3290 or
679 3229 818 3292 babentia
833 3228 1096 3291 observationibus
1106 3229 1219 3309 primae
1234 3229 1367 3290 carentia

73 3337 226 3408 coguntur
253 3331 289 3391 ad
318 3338 452 3410 quartam
482 3333 584 3392 venire
612 3334 868 3410 coniugationem,
897 3339 931 3394 ut
957 3332 1081 3393 amicior
1103 3330 1243 3392 blandior
1264 3331 1367 3392 ordior

73 3435 190 3511 largior
212 3432 319 3492 molior
340 3437 480 3513 opperior
503 3436 610 3494 metior
632 3437 741 3495 sortior
756 3433 878 3515 paritior
900 3434 1067 3504 adsentior,
1090 3435 1222 3513 exceptis
1244 3432 1367 3510 gradior

32 3561 58 3599 ao
74 3543 107 3596 ct
130 3537 244 3596 morior
271 3542 300 3595 et
326 3536 437 3615 patior,
468 3554 543 3617 quae
566 3538 672 3599 tertiae
696 3543 766 3598 sunt
787 3543 944 3616 correptae
966 3537 1068 3597 solius.
1112 3537 1195 3596 orior
1216 3541 1315 3596 autem
1337 3540 1368 3595 ct

74 3640 177 3718 protior
199 3644 260 3698 tam
283 3639 387 3699 tertiae
409 3657 497 3718 quam
520 3645 642 3718 quartae
665 3637 807 3717 quosdam
828 3644 927 3698 motus
954 3637 1075 3698 babent.
1120 3638 1150 3697 in
1172 3655 1228 3698 nor
1249 3655 1366 3717 quoque

74 3741 247 3801 desinentia
269 3741 420 3820 primitiva
441 3742 548 3802 tertiae
571 3747 654 3810 sunt,
681 3746 715 3799 ut
736 3740 820 3802 lruor
842 3740 950 3801 irncris
979 3739 1078 3819 liquor
1099 3738 1239 3818 liqueris,
1262 3738 1367 3818 loquor

73 3842 225 3921 loqueris,
254 3860 363 3922 sequor
390 3845 535 3922 sequeris.
581 3861 706 3923 quorum
734 3843 902 3922 posteriora
925 3841 962 3903 ad
984 3842 1210 3902 consonantium
1233 3841 1367 3919 regulam

73 3945 231 4023 pertinere
258 3945 396 4006 videntur
424 3952 453 4007 et
480 3947 511 4006 in
540 3962 593 4006 cor
619 3944 818 4006 desinentium
841 3943 1001 4006 verborum
1022 3943 1135 4006 habere
1157 3945 1364 4022 praeteritum,

35 4069 60 4110 ss
74 4055 109 4106 ut
134 4046 250 4108 locutus
272 4066 353 4118 snm,
378 4054 498 4110 secutus
520 4067 597 4110 sum.
628 4045 859 4140 consonantibus
881 4065 951 4107 vero
975 4047 1046 4108 solis
1068 4044 1313 4116 antecedentibus
1335 4047 1367 4106 in

149 4319 162 4370 1
183 4317 277 4368 inachii
294 4327 353 4370 sunt
369 4317 511 4384 (superarer.
532 4319 558 4369 hi
576 4333 644 4369 corr.
663 4319 689 4368 in
706 4333 787 4384 mnrp.
807 4317 865 4382 qni)
881 4319 926 4369 tibi
941 4319 966 4368 B
982 4318 1081 4368 innobis
1099 4329 1159 4370 sunt
1176 4319 1222 4370 tibi
1239 4329 1249 4370 t
1270 4319 1368 4371 inachis

539 4402 631 4444 ssidcmo

76 4465 138 4508 sunt
159 4457 186 4506 lri
205 4457 250 4506 tibi
267 4459 285 4521 f
350 4415 590 4525 concipereggssrqs
609 4459 675 4508 idem
694 4455 719 4504 B
734 4457 837 4524 concipe
855 4471 929 4522 reges
947 4457 1078 4523 gessidem
1093 4458 1165 4524 regio
1184 4458 1251 4507 idem
1268 4459 1291 4508 P
1307 4473 1368 4507 con·

76 4529 164 4594 cipere
188 4542 263 4592 reges
282 4527 348 4576 idem
368 4528 400 4590 ts
481 4529 542 4578 2in
557 4528 604 4576 Vll
623 4517 686 4578 librd
705 4528 745 4578 P:
762 4525 827 4576 Stat.
849 4526 939 4578 acuet.
960 4528 969 4576 l
990 4528 1048 4580 1:31.
1072 4528 1107 4590 cf.
1123 4529 1208 4577 Prisc.
1230 4530 1247 4581 t.
1268 4529 1325 4577 Vlll
1338 4543 1365 4592 p.

76 4599 140 4658 ⁴⁴4,
158 4598 192 4648 12
263 4595 379 4662 littero]
404 4605 511 4663 utroque
529 4613 594 4649 corr.
615 4608 734 4659 utrosque
752 4597 778 4645 B
796 4605 947 4661 uteroquet
1016 4593 1101 4663 enses]
1122 4613 1180 4648 csse
1197 4598 1223 4648 B
1293 4597 1366 4647 'ivel

77 4670 103 4718 in
124 4666 149 4718 lo
167 4666 249 4716 velin
267 4667 446 4732 cinerescit
515 4667 617 4717 Betin
636 4666 853 4729 ioaquintoom.
874 4667 916 4716 Bt
983 4667 1280 4731 italiorumssliorum
1298 4682 1366 4717 corr.

76 4739 187 4788 eliorum
209 4735 354 4787 Bellorum
369 4738 411 4789 Pt
480 4738 513 4789 18
529 4737 578 4786 nisi
596 4745 718 4788 rismum
734 4735 913 4788 adsumatnon
930 4736 1088 4787 obseruatB
1160 4736 1191 4787 ru
1209 4738 1367 4803 coniugatio·

77 4804 146 4874 nem]
163 4805 416 4873 significationemP
462 4809 561 4873 spernis
579 4823 624 4862 om.
639 4807 696 4858 BP
747 4806 781 4857 28
798 4806 914 4857 blandior
926 4807 1023 4874 largior
1034 4807 1121 4858 ordior
1138 4806 1257 4873 langnlor
1268 4807 1369 4857 mollior

76 4876 228 4944 operior?
297 4876 331 4929 29
348 4877 444 4942 partior
460 4893 507 4930 om.
527 4878 552 4928 P
620 4876 814 4933 adsentior‘om.
832 4877 858 4927 B
925 4875 960 4929 bb
980 4886 1082 4930 secutus
1098 4893 1156 4928 snm
1175 4885 1199 4929 ot
1218 4877 1314 4946 reliqna
1327 4878 1354 4932 P
