3350 5442
267 302 331 365 622
828 302 1008 363 nixunuiiii

294 426 316 466 p.
329 414 388 453 2759.
401 416 427 453 60
440 410 463 451 Ρ.

269 512 323 553 cur
346 512 405 553 nun
427 503 457 551 et
479 488 625 573 γράφειν
647 495 678 553 in
702 492 828 552 aiterum
851 509 958 551 nomen
981 492 1089 568 migret
1111 509 1147 549 ex
1171 490 1269 559 verbo,
1294 510 1363 551 cum
1387 510 1446 551 iiun
1470 489 1571 551 soiurn

270 599 359 655 iinem
382 603 506 665 moveat,
530 594 583 654 sed
606 595 696 653 etiam
718 594 965 671 significationem
992 610 1137 673 personae
1166 593 1341 672 numerique
1365 592 1480 671 perdat,
1506 610 1569 652 ma·

258 700 347 758 xime
381 715 463 766 cum,
498 698 576 756 sicut
603 698 795 775 participium
828 698 860 755 in
888 695 1111 757 distinctionem
1139 713 1331 773 personarum
1365 695 1571 757 additamento

270 802 455 879 pronominis
477 806 617 866 mutatur,
642 793 700 878 ἐμὲ
715 797 836 877 φιλῶν,
857 792 894 859 σε
917 796 1039 878 φιλῶν,
1063 793 1196 858 ἐκεῖνον
1216 796 1339 875 φιλῶν,
1362 799 1404 857 ita
1425 804 1458 857 ct
1479 790 1569 856 άπα-

271 895 429 983 ρεμφάτφ
457 902 610 977 contingit,
641 895 699 979 ε’μὲ
727 898 858 979 φιλεῖν,
886 894 923 960 σε
952 898 1081 979 φιλεῖν,
1111 894 1242 961 ἐκεῖνον
1269 898 1402 978 φιλεῖνι
1447 898 1593 959 sediliis

271 1006 322 1083 qui
344 1003 415 1064 taiia
438 1003 474 1062 dc
498 1005 614 1063 infinito
636 1008 741 1081 putant
766 1000 822 1062 hac
850 1004 977 1061 maxime
1005 1003 1120 1061 ratione
1149 1003 1321 1068 vincuntur,
1350 1000 1431 1079 quod
1464 1002 1493 1060 iu
1518 1001 1568 1060 ad·

272 1105 374 1166 verbio
396 1112 564 1184 temporum
586 1105 819 1182 significationes
842 1122 901 1163 nun
924 1103 960 1163 de
977 1104 1108 1163 eiusdem
1131 1105 1195 1164 soni
1218 1102 1376 1163 inflexione
1394 1110 1568 1169 nascuntur,

204 1270 211 1281 ,
271 1208 323 1267 sed
358 1215 391 1267 ut
423 1214 558 1286 tempora
590 1213 742 1267 mutantur
775 1213 805 1265 et
833 1223 932 1275 voces,
962 1204 1028 1265 νῦν
1056 1200 1160 1265 πάλαι
1188 1198 1346 1285 ὕστερον,
1378 1222 1458 1265 nunc
1481 1212 1567 1263 anteo
1650 1274 1651 1277 Ἴ

272 1316 388 1389 postem
411 1311 442 1369 iu
465 1310 580 1369 infinito
603 1317 700 1368 autem
715 1327 771 1368 vox
793 1308 896 1369 eadem
919 1307 1071 1387 paululum
1093 1308 1168 1367 ilexa
1192 1315 1308 1385 tempus
1322 1309 1460 1377 inmutat,
1483 1302 1553 1385 γρά

272 1430 351 1491 φειν
371 1404 580 1492 γεγραφέναι
600 1405 758 1489 γράψειν,
788 1408 923 1470 scrihere
946 1412 1101 1489 scripsisse
1129 1411 1272 1488 scriptum
1300 1409 1354 1469 ire.
1400 1426 1457 1469 nec
1480 1428 1567 1469 omne
1583 1428 1601 1463 u
1650 1404 1651 1481 ι

271 1506 512 1593 άπαρέμφατον
528 1514 703 1591 cuicumque
720 1512 811 1573 verbo
835 1516 968 1573 iunctum
987 1530 1106 1573 sensum
1129 1513 1277 1591 exprimit,
1301 1510 1353 1571 sed
1376 1510 1439 1571 iliis
1454 1518 1568 1571 tantum
1650 1506 1651 1531 ¹

190 1678 193 1685 ,
272 1634 348 1695 (puae
371 1613 481 1675 nuliam
504 1632 568 1673 rem
590 1632 645 1693 per
667 1632 699 1673 se
722 1615 800 1675 dicta
823 1615 1005 1693 significant,
1034 1632 1109 1693 quac
1132 1614 1169 1675 ab
1196 1614 1256 1674 iiiis
1277 1608 1508 1693 προαιρετικά,
1533 1612 1568 1672 uh

274 1718 320 1779 his
343 1716 504 1777 arbitraria
526 1734 585 1775 non
608 1715 736 1776 absurde
758 1718 861 1779 vocari
884 1723 1017 1795 possunt,
1041 1718 1110 1795 quia
1138 1733 1192 1794 per
1215 1716 1488 1795 ipsasignihcatur
1510 1714 1569 1774 dis·
1650 1700 1651 1787 i

273 1821 453 1899 positionem
481 1836 535 1878 seu
562 1836 693 1878 amorem
722 1817 768 1877 vel
790 1816 949 1878 arbitrium
977 1816 1100 1879 subesse
1129 1817 1216 1877 nobis
1238 1820 1284 1879 rei
1305 1816 1402 1878 adhuc
1425 1818 1568 1885 incertae,

274 1921 326 1981 sed
348 1939 402 2001 per
425 1920 645 1982 adiunctionem
667 1919 752 1980 verbi
774 1920 897 1981 citerius
920 1921 1140 1998 exprimendae.
1184 1939 1250 1980 nam
1274 1914 1379 1981 ἐσθίω
1402 1910 1486 2000 μετά
1508 1920 1568 1977 τοῦ
1582 1938 1601 1970 ι»
1650 1926 1651 2001 i

251 2016 413 2083 ’τύπτειν
435 2031 485 2083 aut
507 2021 678 2101 περιπατῶ
700 2016 781 2102 μετά
804 2020 865 2082 τοῦ
887 2020 1047 2082 πλουτεῖν
1069 2024 1153 2101 iungi
1176 2040 1235 2083 non
1249 2029 1383 2101 possunt.
1416 2022 1489 2081 item
1505 2020 1567 2097 iege

275 2143 342 2185 cum
370 2123 475 2185 sedere
497 2126 632 2183 iunctum
654 2130 705 2184 ant
730 2123 831 2184 scribo
860 2142 927 2183 cum
956 2124 1081 2185 caedere
1109 2123 1218 2185 nuiiam
1246 2125 1342 2184 eiiicit
1370 2142 1476 2184 seusus
1502 2141 1566 2202 per·

277 2228 451 2297 sectionem,
480 2227 549 2306 quia
578 2234 608 2285 et
636 2226 701 2303 iege
728 2244 794 2286 rem
821 2226 971 2306 significat
997 2231 1026 2285 et
1053 2226 1171 2295 sedere,
1203 2234 1233 2286 et
1255 2225 1355 2286 scribo
1378 2225 1519 2286 similiter
1540 2232 1566 2283 et

276 2328 412 2389 caedere.
458 2330 482 2387 si
511 2346 581 2387 vero
609 2327 713 2388 dixero
741 2328 805 2387 vnio
834 2335 885 2388 aut
916 2335 985 2406 opto
1007 2338 1058 2387 aut
1080 2327 1160 2387 soleo
1183 2335 1233 2389 aut
1255 2330 1366 2407 incipio
1396 2336 1426 2389 et
1448 2327 1564 2399 similia,

276 2430 387 2491 nuiiam
415 2448 480 2490 rem
508 2448 545 2490 cx
572 2430 662 2491 huius
684 2430 763 2490 modi
785 2428 869 2490 verbi
892 2431 1132 2508 pronuntiatione
1162 2430 1313 2508 signidem
1342 2438 1373 2489 et
1403 2429 1477 2489 haec
1504 2438 1565 2489 suoi
1580 2450 1598 2481 e·

278 2532 323 2592 vei
348 2533 417 2592 taiia
440 2550 515 2611 quae
538 2531 614 2592 bene
638 2532 859 2611 aparcmphatis
882 2529 885 2612 i
910 2530 1116 2610 implicantur,
1150 2540 1182 2592 ut
1204 2552 1240 2592 ex
1257 2550 1321 2614 ¹uno
1344 2530 1512 2599 arbitrium,
1535 2550 1566 2589 ex

279 2635 373 2695 altero
402 2651 451 2693 res
480 2641 608 2703 notetur,
632 2634 697 2695 volo
725 2652 857 2703 currere,
880 2641 950 2712 opto
973 2634 1121 2703 invenire,
1150 2635 1275 2714 dispone
1302 2634 1468 2712 proficisci,
1492 2632 1567 2693 soleo

279 2735 425 2797 scribere.
470 2754 506 2795 ex
529 2736 584 2795 hoc
607 2736 791 2815 intellegitur
813 2737 971 2797 maximam
1000 2737 1059 2795 vim
1081 2735 1165 2796 verbi
1195 2738 1226 2795 in
1248 2736 1365 2796 infinito
1387 2753 1453 2795 esse
1476 2734 1565 2799 modo.

279 2838 427 2918 siquidem
460 2837 551 2898 verba
585 2856 685 2898 rerum
720 2841 838 2898 nomina
872 2849 948 2909 sunt,
983 2846 1013 2899 et
1041 2839 1174 2900 videmus
1208 2836 1244 2899 ab
1278 2836 1497 2916 aparemphatis
1529 2838 1566 2895 rei

279 2941 525 3016 significationem
552 2940 654 2999 alteris
675 2960 791 3020 quoque
814 2942 914 3002 verbis
941 2960 1000 3001 nun
1023 2940 1203 3001 habentibus
1225 2938 1453 2999 accommodari.
1498 2938 1596 2998 adeor·

280 3048 378 3101 autem
400 3041 449 3100 hic
471 3040 577 3101 niodus
599 3042 766 3103 ahsolutum
788 3062 896 3104 nomen
925 3060 1023 3103 rerum
1052 3051 1106 3111 est,
1129 3044 1215 3102 utin
1237 3038 1504 3119 significationibus
1524 3058 1564 3097 rc·

280 3162 356 3211 rum,
380 3161 452 3221 quas
467 3143 641 3204 Aristoteles
663 3163 787 3205 numero
802 3145 906 3206 decem
921 3143 1120 3225 κατηγορίας
1135 3152 1226 3214 vocat,
1243 3150 1381 3223 quattuor
1396 3160 1451 3221 per
1465 3134 1564 3219 άπαρ-

281 3240 431 3324 ε’μφατον
457 3245 664 3323 proferantur,
693 3250 827 3308 κεῖσθαι
856 3246 944 3327 ἔχειν
971 3254 1081 3308 ποιεῖν
1103 3236 1256 3326 πάσχειν.
1302 3262 1410 3321 graece
1433 3242 1565 3303 vocabulo

282 3353 439 3426 propterea
467 3332 575 3407 dicitur
602 3341 859 3429 άπαρέμφατον,
891 3349 969 3429 quod
996 3348 1109 3409 nulium
1137 3349 1246 3409 mentis
1280 3346 1392 3407 indicat
1426 3347 1563 3407 aiiectum.

283 3468 349 3508 nam
372 3444 492 3527 γράφω
514 3444 629 3510 τύπτω
653 3448 737 3530 τιμά
759 3459 789 3511 et
810 3469 876 3512 rem
898 3459 928 3511 et
950 3453 1047 3530 ipsum
1064 3452 1157 3511 animi
1173 3449 1308 3510 habitum
1323 3451 1472 3528 expressit
1486 3464 1595 3525 agen-:¹2⁴¹

283 3552 336 3619 tis;
359 3544 504 3629 γράφειν
527 3570 597 3611 vero
619 3552 665 3612 vei
689 3547 826 3613 τύπτειν
849 3552 894 3613 vei
915 3553 1016 3634 τιμᾷν
1037 3536 1149 3614 ιιόιιοοι
1172 3553 1304 3611 continet
1332 3550 1454 3611 affectus
1484 3551 1564 3626 signi·

283 3654 459 3721 iicatiunem,
483 3655 553 3733 quia
575 3656 723 3715 incertum
745 3663 790 3714 est
812 3656 883 3734 quid
913 3664 1068 3735 sequatur,
1091 3648 1182 3715 θέλοι
1205 3646 1315 3733 μέλλοι
1339 3648 1505 3720 ὃιατυπώ,
1534 3669 1563 3709 au

282 3763 385 3814 contra
414 3749 455 3815 od
481 3752 573 3816 θέλω
602 3748 642 3816 οὐ
669 3750 780 3835 μέλλω
809 3750 850 3816 οὐ
878 3754 1040 3817 dccccxci.
1086 3756 1156 3817 hinc
1184 3755 1219 3815 de
1249 3755 1343 3833 ipsius
1376 3753 1563 3814 declinatione

284 3864 455 3917 tractemus.

367 3959 473 4018 Graeci
508 3961 616 4020 infiniti
650 3977 742 4020 unum
774 3969 891 4040 tempus
919 3961 977 4021 duo
1017 3968 1152 4039 tempera
1188 3959 1387 4038 conplectitur
1427 3957 1592 4019 indication

284 4061 378 4121 modi:
412 4058 498 4120 ποιῶ
531 4056 671 4121 ἐποίουν
698 4062 729 4121 in
757 4061 932 4133 indicativo,
961 4065 992 4123 in
1021 4063 1136 4122 infinito
1164 4070 1262 4123 autem
1289 4062 1330 4121 ita
1360 4061 1563 4139 pronuntiatur,

286 4158 469 4233 ἐνεστῶτος
490 4160 546 4221 και
568 4162 798 4242 παρατατικοῦ
819 4172 939 4234 ποιεῖν,
964 4167 1036 4224 item
1059 4162 1224 4242 πεποίηκα
1252 4157 1467 4241 ἐπεποιήκειν
1489 4168 1517 4221 et
1540 4162 1563 4218 in

284 4265 402 4324 iniinito
424 4260 674 4344 παρακειμένου
696 4261 752 4325 καὶ
775 4258 1064 4346 ὑπερσυντελικοῦ
1087 4258 1316 4343 πεποιηκέναι.
1351 4263 1428 4342 apud
1452 4263 1564 4325 Graecos

285 4385 371 4426 «inrue
394 4359 637 4446 άπαρὲμφατον
659 4376 709 4427 aut
730 4369 761 4427 in
785 4386 806 4427 ν
828 4369 937 4429 desinit
959 4376 1009 4429 aui.
1031 4370 1062 4427 in
1085 4387 1119 4427 αι
1142 4367 1368 4446 diphthongum.
1399 4366 1451 4426 sed
1467 4374 1495 4425 et
1509 4384 1563 4425 cum

284 4469 317 4527 in
345 4486 366 4526 ν
394 4468 519 4537 desinit,
554 4468 755 4547 diphthongus
787 4470 947 4549 praecedat
979 4488 1101 4531 necesse
1135 4478 1188 4539 est,
1225 4476 1257 4529 ut
1279 4474 1389 4528 ποιεῖν
1418 4464 1561 4547 χρυσοῦν,
1573 4479 1591 4515 n

286 4570 354 4630 ideo
376 4570 422 4648 τῷ
444 4570 593 4631 ΒΟΛΙΝ
613 4568 695 4631 ἰῶτα
717 4572 889 4642 ascribitur,
913 4591 949 4632 ne
973 4573 1012 4632 sit
1034 4564 1275 4651 άπαρέμφατου
1298 4572 1362 4629 sine
1386 4568 1562 4648 diphthongo.

287 4724 589 4731 ——---.--,-

356 4808 372 4849 8
386 4819 412 4855 ut
425 4815 538 4870 temporu
551 4817 695 4856 mutenturo
709 4823 767 4856 vees
781 4810 855 4857 etiam
870 4817 1043 4873 permutentur
1057 4825 1113 4862 erc.
1127 4806 1191 4861 Bob.
