3350 5442
609 366 846 431 couuuurvn
1316 362 1375 428 171

1192 484 1213 528 ρ.
1227 474 1314 517 roo-n
1328 472 1351 513 a.

92 556 202 618 dicitur.
247 555 376 617 diximus
399 558 488 617 etiam
510 554 599 617 talem
621 574 685 617 rem
706 555 745 635 de
766 555 862 633 gradu
883 556 1017 635 positivo.
1052 573 1120 617 nam
1143 554 1290 632 quemad
1313 572 1375 615 mo·

91 660 153 719 dum
173 660 317 738 positivus
337 658 448 737 gradus
470 658 566 719 dictus
581 666 625 719 est
640 659 858 738 conparationis
874 657 996 736 gradus,
1020 676 1081 719 non
1103 656 1182 737 quod
1204 658 1376 737 peripsum

91 768 241 840 conparat,
268 760 321 822 sed
343 760 422 841 quod
445 759 570 840 abipso
599 759 752 831 discimus,
782 760 853 838 quid
882 762 920 821 sit
941 778 1118 841 conparare,
1142 767 1172 820 et
1193 758 1260 821 ideo
1282 758 1376 819 dietus

90 873 130 924 est
151 862 266 943 gradum
292 864 526 943 cooperationis;
554 865 596 923 sic
625 864 713 923 etiam
736 870 766 923 et
788 864 983 923 nominativus
1006 862 1101 923 dietus
1124 868 1169 921 est
1190 878 1292 931 casus,
1316 878 1376 921 non

68 967 150 1047 aquia
172 967 238 1046 ipse
261 982 370 1026 nomeu
391 964 462 1024 lacit
483 964 605 1040 cadere,
626 965 680 1025 sed
701 968 772 1041 quin
788 967 953 1045 peripsum
969 966 1093 1034 scimus,
1118 961 1187 1039 quid
1205 964 1244 1023 sit
1258 962 1374 1023 cadere.

90 1086 142 1129 nou
171 1069 252 1128 enim
280 1084 437 1147 possumus
465 1065 469 1147 Ι
499 1068 590 1136 scire,
619 1066 690 1146 quid
718 1068 756 1127 sit
783 1066 903 1136 cadere,
931 1068 990 1129 nisi
1017 1066 1172 1126 scierimus
1199 1072 1283 1134 ante,
1307 1062 1377 1145 quid

88 1170 171 1231 luerit
191 1176 317 1231 rectum.
687 1178 694 1187 “

166 1272 243 1332 Sunt
269 1278 371 1333 autem
398 1271 470 1332 dicti
498 1290 549 1332 sex
578 1290 678 1341 casus,
706 1273 916 1343 nominativus
946 1270 1022 1351 quod
1046 1288 1100 1349 per
1122 1271 1218 1349 ipsum
1241 1270 1394 1330 nomine.

89 1393 164 1443 mus,
197 1381 228 1434 ut
261 1374 312 1436 bic
344 1377 499 1453 magister;
533 1376 701 1452 genetivus,
735 1374 814 1453 quod
843 1393 898 1453 per
926 1375 1022 1453 ipsum
1050 1390 1145 1461 genus
1176 1370 1375 1440 ostendamus,

61 1477 187 1537 ro‘cuins
211 1474 411 1537 est'b‘illius
434 1481 510 1547 est';
533 1477 661 1546 dativus,
683 1476 762 1554 quod
785 1495 838 1556 per
861 1477 956 1554 ipsum
980 1474 1093 1544 demus,
1116 1474 1172 1535 ‘da
1193 1472 1267 1542 illi';
1292 1490 1376 1533 aceu-

89 1580 209 1649 sativus,
234 1577 315 1656 quod
333 1597 392 1658 per
413 1580 511 1658 ipsum
534 1596 722 1649 accusemus,
746 1583 874 1639 ‘accuso
896 1576 1012 1645 illum’3
1036 1578 1198 1646 vocativus,
1223 1574 1300 1655 quod
1323 1593 1377 1654 per

89 1681 177 1759 ipsum
201 1698 355 1748 vocemus,
379 1700 397 1740 o
418 1681 478 1742 ille.
521 1679 666 1742 ablativus
687 1679 765 1760 apud
787 1680 916 1741 Graecos
938 1696 999 1739 non
1021 1680 1182 1747 invenitur,
1207 1677 1259 1739 sed
1282 1676 1378 1738 Latini

90 1782 163 1841 hune
186 1780 419 1861 adsumpserunt
441 1782 507 1843 sibi.
552 1782 666 1843 idcirco
688 1781 844 1862 aliquando
867 1780 969 1841 dicunt
992 1799 1059 1841 eum
1081 1790 1212 1849 sextum,
1241 1778 1271 1839 id
1294 1786 1339 1839 est
1361 1797 1376 1838 a

90 1901 209 1943 numero
225 1902 293 1945 euru
316 1883 479 1964 appellant,
504 1883 661 1963 aliquando
684 1903 700 1944 a
723 1892 811 1962 gente
830 1883 970 1951 latinum,
994 1884 1131 1962 quoniam
1154 1873 1232 1961 apud
1248 1880 1377 1943 Graecos

61 2002 143 2045 annon
170 1987 322 2047 iuvenitur
348 2004 433 2047 casus
461 1986 604 2047 ablativus
633 1984 805 2065 [aliquando
832 1986 985 2063 genetivus
1014 1982 1171 2063 singularis
1199 1982 1377 2063 fungebatur

90 2088 181 2148 cilicio
210 2087 357 2169 ablativi].
403 2096 472 2168 puta
501 2088 551 2148 bic
578 2088 684 2148 doctus
710 2087 796 2147 buius
819 2086 898 2147 docti
920 2085 990 2147 huie
1013 2084 1100 2147 docto
1122 2086 1202 2147 bunc
1223 2087 1378 2147 declamo

90 2190 168 2249 docte
190 2196 220 2249 ct
242 2189 274 2249 bi
296 2188 375 2250 docti
397 2189 504 2250 borum
528 2190 682 2251 doctorum
705 2189 751 2249 bis
774 2188 868 2249 doctis
889 2190 942 2249 bos
964 2189 1065 2248 doctos
1086 2204 1103 2248 o
1125 2189 1218 2267 docti,
1243 2195 1273 2249 et
1292 2188 1377 2248 linie-

88 2290 161 2351 bant
208 2309 279 2370 crgo
302 2310 369 2353 cum
391 2311 451 2353 non
474 2291 620 2353 baberent
641 2290 814 2361 ablativum,
843 2309 896 2369 per
919 2290 1087 2368 genetivum
1109 2289 1310 2368 iungebantur
1332 2288 1376 2349 ol·

88 2393 149 2451 ticio
171 2390 290 2453 ablativi
314 2392 487 2473 [aliquando
509 2395 677 2471 genetivus,
702 2391 860 2473 aliquando
883 2391 1022 2471 dativus}
1068 2392 1125 2453 boc
1148 2410 1214 2453 cunr
1237 2391 1378 2453 vidissent

58 2493 210 2556 ullomani
233 2512 300 2555 esse
322 2513 473 2573 asperum,
496 2496 634 2557 lecerunt
655 2494 822 2556 ablativum.
1256 2496 1260 2506 “

165 2592 247 2656 Iutcr
269 2595 428 2657 ablativum
453 2605 483 2658 ct
503 2598 661 2677 septimum
684 2596 741 2657 boc
762 2598 895 2666 interest,
919 2596 997 2675 quod
1019 2595 1162 2658 ablativus
1184 2597 1449 2677 praepositio-433,
1464 2611 1495 2660 16

87 2715 151 2757 nem
172 2696 273 2768 babet,
297 2699 442 2779 septimus
463 2718 523 2760 uon
546 2698 644 2761 babet.
676 2718 743 2761 uam
767 2698 885 2778 quando
908 2698 1033 2761 dicimus
1056 2697 1106 2759 ‘ab
1128 2705 1245 2759 oratore
1268 2699 1376 2768 veuio',

88 2799 226 2861 ablativus
249 2808 308 2870 est3
332 2801 449 2881 quando
472 2802 597 2864 dicimus
620 2807 757 2863 ‘oratore
771 2803 913 2880 magistro
928 2802 1024 2871 utor',
1048 2802 1190 2881 septimus
1206 2808 1259 2861 est.
1288 2818 1376 2878 quae·

86 2904 167 2962 situm
197 2909 242 2964 est
264 2922 281 2963 a
304 2901 461 2985 plulrimis,
491 2912 591 2966 uuum
618 2905 648 2965 id
677 2903 856 2982 significaret
883 2904 1041 2983 septimus,
1071 2902 1149 2980 quod
1173 2910 1201 2963 et
1224 2900 1375 2965 ablativus.

59 3004 172 3065 smulti
194 3006 274 3066 enim
298 3005 356 3066 boc
378 3006 530 3076 dixerunt,
553 3006 584 3067 id
605 3006 772 3083 significare
793 3004 966 3077 ablativum,
990 3005 1066 3085 quod
1091 3013 1120 3066 et
1141 3006 1310 3085 septimum.
1349 3012 1378 3066 et

87 3124 117 3165 rc
137 3126 208 3168 vera
235 3115 305 3168 sunt
333 3108 529 3177 elocutiones,
554 3107 605 3168 ubi
626 3108 739 3168 similes
761 3115 831 3169 sunt
852 3106 923 3178 sibi,
947 3115 979 3168 ut
1000 3107 1115 3168 doctior
1136 3106 1187 3167 illo
1211 3114 1240 3167 et
1262 3106 1375 3168 doctior

87 3207 207 3270 abillo:
231 3209 312 3270 idem
334 3217 380 3271 est
401 3209 556 3279 ablativus
580 3209 658 3287 quod
682 3217 711 3269 et
733 3211 886 3288 septimus.
911 3208 972 3270 ‘sed
996 3217 1094 3271 tamen
1117 3211 1193 3271 scire
1216 3208 1307 3270 debes
1328 3210 1373 3271 in·

85 3313 175 3371 veniri
196 3311 311 3389 aliquas
333 3313 523 3382 elocutiones,
546 3313 578 3372 in
601 3310 710 3390 quibus
732 3310 948 3373 elocutionibus
970 3317 1099 3385 mutatur
1119 3313 1175 3373 ista
1198 3311 1371 3373 dillerentia.

86 3429 148 3473 uam
170 3432 261 3494 saepe
280 3413 362 3475 aliud
385 3415 530 3493 significat
552 3414 710 3483 ablativus,
734 3414 814 3475 aliud
837 3415 994 3493 septimus,
1018 3420 1050 3475 ut
1066 3421 1111 3474 est
1133 3413 1202 3475 ‘illo
1217 3422 1372 3491 praesente

60 3517 225 3594 ususcepi'.
271 3534 340 3576 nam
369 3516 436 3577 ‘illo
462 3521 621 3597 praesente
647 3518 780 3596 suseepi'
810 3516 929 3593 quando
958 3514 1037 3585 dico,
1061 3517 1146 3575 tertia
1169 3534 1297 3595 persona
1319 3523 1372 3587 est,

86 3616 181 3677 idest
206 3617 341 3696 ‘suscepi
370 3635 425 3695 ego
452 3618 490 3678 ab
517 3620 572 3678 isto
594 3617 646 3677 illo
667 3623 853 3698 praesente’.
898 3616 1016 3697 quando
1038 3624 1136 3678 autem
1159 3618 1225 3678 dico
1249 3617 1374 3679 ‘abillo

88 3725 239 3795 praesente
262 3720 407 3799 suscepi’,
436 3719 511 3780 duae
540 3738 687 3800 personae
714 3720 931 3799 significantur,
961 3721 1022 3799 ipsa
1052 3736 1126 3797 quae
1148 3719 1230 3781 dedit
1258 3722 1374 3801 etipsa

89 3835 158 3895 quae
180 3823 319 3901 suscepit.
940 3874 943 3879 .

166 3923 243 3984 Sunt
275 3931 373 3984 autem
401 3923 514 3985 lormae
543 3923 691 3986 casuales:
720 3924 777 3985 boc
810 3924 889 4002 quod
923 3924 994 3986 dicit
1026 3924 1187 4005 adsumpsit
1216 3924 1272 3986 sibi
1304 3944 1372 4005 pro·
1387 3940 1493 4003 tasas

62 4029 148 4102 apter
170 4024 402 4087 declinationum
424 4028 604 4089 rarletatem.
648 4027 887 4089 accommodatae
909 4035 976 4088 suut
999 4027 1133 4088 casuales
1155 4028 1276 4097 lormae,
1300 4045 1373 4105 quo·

90 4128 161 4187 dam
181 4130 353 4189 invenimus
380 4130 551 4190 varietatem
572 4130 604 4189 in
626 4129 754 4192 casibus.
790 4128 949 4210 aliquando
971 4130 1136 4191 invenimus
1159 4135 1327 4209 monoptota
1356 4156 1375 4193 a

89 4226 238 4307 aliquando
260 4231 291 4290 in
315 4237 465 4307 quattuor.
510 4231 566 4293 bae
589 4240 687 4293 autem
711 4231 895 4294 dillerentiae
918 4250 978 4293 non
999 4232 1036 4293 ad
1059 4231 1285 4295 declinationem
1307 4251 1375 4313 per·

152 4467 213 4519 dab
232 4485 278 4520 om.
298 4470 331 4528 A,
351 4469 449 4520 cdd-u
538 4472 619 4521 bsed
636 4488 683 4538 per
701 4472 786 4537 ipsum
804 4472 892 4524 Alto
973 4471 1307 4533 8diotiom.B‚cdd.b

94 4536 121 4585 lb
135 4539 271 4604 singularis
287 4540 364 4590 BCa
382 4541 408 4588 in
432 4541 559 4606 singulari
578 4542 602 4590 A
675 4541 809 4592 lbolilcio
831 4542 936 4593 ablativi
955 4542 1239 4607 ABcolilciopl'iG
1308 4540 1377 4594 bunc

93 4606 185 4657 doctum
204 4624 217 4658 o
237 4610 311 4658 docte
325 4618 350 4659 et
367 4609 415 4660 bos
433 4610 638 4661 doctosodncti
656 4628 700 4662 om.
718 4612 804 4663 ABG
889 4611 923 4663 23
942 4612 1054 4662 alliciunt
1074 4616 1097 4660 A
1187 4612 1220 4661 27
1239 4612 1378 4663 inueniric

93 4676 199 4727 inuenire
215 4679 300 4730 ABG
351 4680 385 4731 29
404 4690 430 4731 ιιι
448 4690 486 4730 εει
504 4680 547 4730 ἰΙΙο
567 4690 699 4746 praesente
717 4683 819 4747 suscepi
839 4684 966 4732 ablutiuus
986 4691 1089 4733 estnon
1109 4692 1192 4733 tamen
1211 4682 1259 4731 lrou
1277 4691 1316 4733 est
1333 4684 1377 4735 illo

95 4755 217 4809 praesente
234 4750 332 4815 suscipi
354 4764 413 4799 nam
431 4751 455 4799 A
542 4750 575 4802 31
596 4755 697 4814 qrrando
720 4762 804 4802 nartem
823 4752 882 4803 dicu
901 4753 931 4802 ab
948 4752 991 4803 illo
1008 4762 1142 4819 praesente
1161 4768 1206 4803 om.
1225 4753 1259 4812 A,
1279 4753 1339 4804 add.
1360 4772 1377 4804 a

153 4817 187 4867 35
204 4820 407 4870 accommodatae
422 4830 480 4870 sunu
496 4821 611 4871 australes
629 4831 687 4870 sunt
703 4821 800 4872 lormae
817 4824 841 4871 A
911 4822 945 4873 36
961 4831 1021 4887 post
1038 4832 1184 4889 monoptota
1202 4818 1316 4888 reliquae
1332 4824 1377 4873 de·

96 4886 242 4939 ειὺιαιὲοηεει
254 4890 400 4952 varietates,
416 4898 443 4941 nt
460 4892 568 4957 videtur,
588 4892 712 4943 indicatae
727 4901 752 4944 et
768 4894 886 4951 definitae
897 4894 1010 4958 fuerunt.
1039 4896 1124 4961 itaque
1142 4896 1255 4943 lunanum
1268 4894 1377 4947 indicavi
