3350 5442
630 299 826 364 EXOERPTA
1317 301 1380 365 323

1255 423 1276 463 p.
1289 413 1314 450 22
1330 409 1353 450 R.

78 491 158 562 Quia
187 509 256 570 pars
283 497 398 570 partem
426 489 515 569 duplo
552 492 648 552 vincit.
695 489 777 550 Vnda
804 488 895 550 hahet
916 488 1148 568 etymologiam?
1184 489 1378 562 Tribrachus,
1465 502 1471 506 '

79 595 135 672 qui
165 601 194 653 et
221 592 362 662 choreus,
393 591 559 673 appellatur
587 591 772 662 tribrachus,
802 593 886 670 quasi
908 610 944 652 ex
968 591 1063 653 tribus
1086 591 1240 653 brevibus:
1270 588 1380 672 βραχύ

79 695 164 755 eninr
186 712 294 772 graece
315 693 407 756 breve
430 694 545 756 dicitur.
593 695 650 767 Qui
671 713 725 774 pes
749 701 794 755 est
816 695 844 756 ei
866 695 1051 754 contrarius?
1073 694 1227 756 Molossus.
1264 693 1379 765 Quibus

76 795 201 875 syllabis
223 797 357 858 constat?
380 797 422 857 Ex
445 795 541 858 tribus
562 795 674 875 longis,
698 804 730 856 ut
751 798 876 858 Aeneas.
922 794 1000 866 Quot
1021 804 1155 875 tempora
1178 797 1286 858 habet?
1309 799 1377 860 Ser.

47 898 173 958 ⁵Cuius
194 897 346 959 divisionis
370 899 431 958 est?
461 897 583 978 Duplae.
628 899 693 970 Quo
716 897 821 958 modo?
855 898 929 970 Quia
952 899 1027 959 arsis
1049 898 1140 960 habet
1161 900 1220 962 duo
1244 908 1378 980 tempora

77 1007 111 1060 et
140 999 234 1061 thesis
262 1007 410 1079 quattuor.
455 1000 537 1062 Vnda
566 1000 655 1062 habet
682 999 907 1081 etymologiam?
944 999 1184 1062 hblolossorum
1211 1001 1376 1072 saltatione,

78 1119 172 1181 quam
195 1109 393 1163 exercuerunt
415 1103 528 1163 armati.
560 1104 618 1182 ipsi
643 1120 711 1162 vero
734 1101 805 1168 dicti
819 1100 939 1163 hlolossi
960 1121 978 1162 a
999 1100 1142 1170 hlolosso,
1166 1101 1225 1164 lrlio
1248 1103 1376 1183 Neopto·

77 1201 153 1262 lemi
176 1209 206 1264 et
227 1201 460 1265 Andromaches.
499 1205 556 1276 Qui
577 1224 631 1286 pes
653 1205 805 1284 sequitur?
832 1206 1022 1282 anapaestus.
1062 1203 1104 1264 Ex
1127 1203 1236 1284 quibus
1257 1204 1377 1286 syllabis
1420 1261 1424 1268 .

77 1305 215 1366 constat?
244 1304 286 1365 Ex
311 1304 426 1367 duabus
448 1305 589 1367 brevibus
612 1315 642 1368 et
663 1305 765 1384 longa,
789 1315 821 1366 ut
843 1304 971 1366 bonitas.
1015 1305 1093 1377 Quot
1113 1314 1247 1387 tempora
1269 1307 1376 1369 habet?

38 1426 64 1463 ro
81 1409 238 1479 Quattuor.
285 1406 372 1468 Cuius
392 1407 542 1469 divisionis
565 1409 625 1468 cst?
653 1410 785 1488 nequae,
810 1409 878 1487 quia
900 1408 975 1467 arsis
998 1405 1057 1468 duo
1081 1415 1214 1488 tempora
1237 1407 1326 1468 habet
1347 1416 1378 1470 et

79 1510 174 1571 thesis
196 1509 264 1570 duo.
289 1530 307 1562 v
336 1509 419 1570 Vnde
440 1508 531 1570 habet
558 1509 784 1590 etymologiam?
810 1499 891 1570 'Arrd
914 1507 983 1569 cciv
1005 1506 1103 1570 ἰδίων
1125 1503 1316 1578 δακτύλων,
1340 1529 1376 1572 oo

78 1611 160 1689 quod
188 1613 318 1690 vagitum
345 1611 421 1672 lovis
450 1610 536 1673 huius
564 1619 651 1682 cautu
681 1621 775 1673 mater
804 1613 866 1672 eius
894 1611 1023 1673 Saturno
1056 1614 1134 1691 patri
1161 1611 1312 1686 celaverit,
1347 1622 1377 1674 ct

78 1715 177 1775 onmis
200 1715 312 1775 musica
345 1714 475 1794 propriis
498 1712 596 1792 digitis
619 1732 758 1793 percussa
781 1713 899 1783 luisset,
928 1711 997 1774 ideo
1018 1731 1071 1793 pes
1092 1714 1156 1793 ipsc
1178 1712 1309 1794 dactylus
1331 1713 1375 1776 di-

78 1817 173 1883 citur,
204 1816 271 1892 quia
294 1817 400 1878 Graeci
429 1814 552 1895 digitum
576 1814 723 1896 dactylum
752 1815 910 1895 appellant.
956 1813 1088 1894 dactylus
1115 1833 1131 1876 a
1154 1815 1246 1894 digito
1268 1816 1374 1886 dictus,

42 1933 65 1973 ra
79 1915 161 1996 quod
188 1937 204 1977 a
232 1916 360 1997 longiori
389 1917 468 1978 uodo
496 1917 640 1978 inchoans
667 1919 697 1978 in
726 1916 800 1978 duas
828 1916 937 1978 desinit
965 1916 1084 1986 breves;
1112 1919 1156 1978 sic
1184 1926 1213 1978 et
1234 1919 1299 1998 ipsc
1321 1937 1375 1998 pes

78 2022 247 2082 iuncturam
277 2037 367 2080 unam
394 2018 485 2080 habet
512 2017 630 2098 longam
654 2027 684 2079 ct
706 2019 779 2081 duas
801 2019 915 2080 breves.
961 2017 1042 2080 unde
1064 2026 1094 2079 ct
1115 2037 1220 2080 manus
1242 2039 1375 2100 oppansa

80 2121 176 2200 palma
206 2121 329 2192 dicitur,
360 2130 389 2181 ct
416 2119 580 2201 pendentes
608 2121 692 2198 digiti
719 2120 835 2202 dactyli.
880 2120 929 2181 bic
952 2122 1041 2182 etiarn
1063 2121 1174 2183 herous
1197 2121 1373 2201 appellatur,

81 2222 218 2301 eoquod
247 2222 372 2284 heroum
400 2241 450 2283 res
484 2229 513 2284 et
541 2224 617 2286 lacta
650 2224 707 2283 isto
731 2230 825 2284 metro
848 2229 1017 2283 narrentur.
1062 2221 1300 2303 lmphibrachus
1322 2243 1375 2303 pes
1487 2226 1491 2238 ’

83 2344 117 2385 aa
142 2323 251 2405 quibus
274 2323 394 2404 syllabis
416 2326 551 2386 constat?
575 2324 618 2384 Ex
639 2324 751 2394 tribus,
775 2324 803 2384 id
828 2332 874 2386 est
896 2343 931 2384 cx
955 2323 1038 2384 brevi
1059 2323 1146 2401 longa
1170 2333 1200 2385 et
1221 2324 1320 2395 brevi,
1343 2336 1375 2388 ut

45 2427 225 2489 ubouellus.
271 2427 351 2499 Quot
373 2433 508 2507 tempora
530 2425 636 2487 habet?
672 2427 826 2499 Quattuor.
872 2425 960 2488 Cuius
983 2425 1135 2486 divisionis
1157 2427 1221 2486 est?
1250 2424 1373 2496 Nullius,

81 2533 146 2608 quia
172 2531 284 2592 Donato
312 2529 448 2589 iniormis
476 2535 506 2588 et
531 2527 700 2589 inconditus
728 2527 882 2590 iudicatur.
928 2527 1011 2588 Vnde
1038 2526 1128 2589 habet
1150 2527 1374 2608 etymologiam?

80 2631 119 2692 Eo
143 2630 224 2709 quod
252 2649 288 2691 ex
316 2639 443 2708 utraque
471 2635 556 2710 parte
584 2629 704 2692 brevem
734 2629 842 2692 habeat
867 2627 1010 2709 syllabam
1031 2647 1090 2690 una
1113 2629 1201 2708 longa
1223 2632 1253 2691 in
1277 2631 1374 2692 medio

81 2735 270 2795 consistente.
314 2731 542 2812 amphimacrus
565 2751 600 2793 ex
623 2731 731 2813 quibus
753 2731 871 2812 syllabis
894 2732 1027 2792 coastat?
1064 2730 1107 2792 Ex
1129 2730 1216 2810 longa
1239 2730 1322 2794 brevi
1345 2740 1375 2794 et

80 2834 181 2913 longa,
205 2842 237 2896 ut
259 2835 379 2915 optimc.
425 2834 504 2906 Quot
533 2840 669 2914 tempora
696 2833 804 2916 babet?
833 2834 981 2911 Quinque.
1028 2833 1117 2895 Cuius
1139 2832 1291 2895 divisionis
1313 2838 1373 2895 est?
1425 2825 1427 2829 ’

48 2955 69 2994 rs
81 2935 247 3017 Scscuplae.
282 2937 348 3009 Quo
364 2935 470 2996 modo?
493 2936 567 3007 Quia
583 2939 660 2998 arsis
678 2935 768 2998 habet
783 2937 841 2998 tria
855 2929 1006 3015 tempora,
1023 2936 1114 2996 thesis
1126 2935 1195 2996 duo.
1231 2935 1374 3017 Sescupla

81 3040 172 3116 qualis
195 3046 241 3100 est
268 3040 385 3100 sermo?
419 3038 561 3100 Graecus.
607 3038 681 3110 Quid
709 3048 795 3101 sonat
822 3039 853 3098 in
880 3036 992 3098 latino?
1037 3040 1131 3099 Vnum
1152 3044 1182 3099 ct
1209 3037 1372 3099 dimidium.

82 3143 143 3214 Quo
166 3141 274 3202 modo?
312 3141 386 3213 Quia
409 3138 500 3221 duplo
523 3159 614 3201 unum
639 3120 834 3221 superhahet',
859 3140 896 3201 ah
919 3157 1014 3217 aequo
1038 3158 1130 3201 unum
1152 3143 1252 3201 minus
1274 3140 1373 3202 habet.

83 3244 160 3304 Vnde
184 3242 274 3304 habet
296 3240 522 3322 etymologiam?
545 3241 587 3302 Eo
611 3241 689 3319 quod
713 3242 783 3304 binc
805 3242 874 3303 iude
896 3241 1015 3319 longam
1037 3241 1129 3303 habat
1150 3239 1292 3321 syllabam
1316 3261 1372 3303 uua

84 3345 163 3406 hrovi
184 3346 214 3406 iu
238 3343 336 3405 medio
359 3345 560 3406 interiacente.
593 3343 739 3406 Bacchius
761 3363 815 3424 pes
838 3363 874 3404 ex
898 3342 1006 3421 quibus
1029 3342 1151 3424 syllabis
1173 3345 1308 3405 constat?
1330 3343 1373 3405 Ex

53 3445 160 3507 aohrcri
183 3454 213 3508 ct
235 3445 348 3507 duabus
369 3445 481 3524 longis,
505 3453 538 3505 ut
560 3444 648 3507 beati.
693 3447 771 3518 Quot
792 3454 927 3526 tempora
949 3443 1058 3505 habat?
1092 3445 1238 3525 Quinque.
1284 3446 1374 3508 Cuius

83 3549 230 3611 divisionis
253 3549 313 3610 est?
351 3546 524 3626 Scscuplae;
552 3548 627 3608 arsis
653 3547 743 3609 habet
772 3547 829 3609 cluo
859 3557 991 3625 tempora
1015 3554 1044 3606 ct
1067 3545 1158 3608 thesis
1179 3549 1245 3609 tria.
1291 3547 1374 3609 Vnde

84 3651 168 3712 habet
190 3650 416 3731 etymologiam?
449 3648 608 3720 Bacchius,
633 3651 684 3730 qui
706 3658 734 3710 et
757 3647 988 3729 palimbacchius
1010 3647 1120 3719 dictus,
1145 3669 1180 3710 eo
1203 3649 1281 3730 quod
1304 3650 1373 3714 bac·

85 3753 172 3814 obicis
198 3752 324 3813 maxime
352 3751 508 3812 conveniat
534 3750 683 3822 cantibus,
719 3751 763 3811 vel
792 3752 861 3832 quia
889 3751 954 3828 ipso
980 3749 1058 3830 pede
1086 3751 1229 3822 Bacchia,
1264 3751 1296 3813 id
1329 3760 1373 3814 cst

86 3853 178 3916 liberi
206 3872 305 3925 sacra,
339 3853 536 3916 celebrantur.
582 3853 654 3926 Quis
684 3859 728 3914 est
760 3855 808 3914 isti
842 3853 1028 3914 contrarius?
1065 3851 1284 3916 antibacchius.
1330 3856 1371 3916 Ex

57 3956 186 4032 aquibus
209 3954 329 4037 syllabis
352 3956 486 4017 constat?
523 3955 565 4016 Ex
594 3954 709 4018 duabus
736 3954 832 4034 longis
862 3963 892 4016 ct
918 3954 1014 4026 brevi,
1044 3963 1077 4016 ut
1098 3954 1248 4017 barbatus.
1294 3957 1373 4028 Quot

87 4067 211 4138 tempora
234 4057 339 4119 habet?
362 4058 508 4138 Quinque.
540 4057 630 4136 Cuius
648 4057 798 4118 divisionis
821 4060 884 4118 ast?
907 4055 1076 4137 Scscuplae.
1108 4058 1190 4119 Vnde
1205 4057 1295 4120 habet
1311 4065 1372 4138 ety-

88 4159 256 4251 mologiam?
277 4161 321 4222 Eo
336 4159 413 4240 quod
430 4161 596 4222 contrarius
611 4161 650 4220 sit
664 4159 802 4221 bacchio:
825 4151 905 4220 ἀντί
917 4161 995 4222 enim
1010 4178 1117 4239 graece
1134 4166 1237 4222 contra
1252 4160 1369 4222 dicitur.

635 4261 652 4301 s
717 4258 734 4296 a
797 4261 816 4300 a
1185 4263 1187 4267 ·

567 4399 616 4460 DE
638 4397 878 4460 Bauatrusno

165 4519 235 4581 item
265 4517 480 4590 barbarismus,
511 4519 561 4599 qui
584 4518 724 4599 bipartito
747 4518 835 4579 modo
858 4519 904 4588 lit,
934 4517 964 4579 id
988 4524 1034 4578 est
1056 4519 1167 4597 scripto
1190 4524 1220 4579 et
1241 4535 1372 4597 pronun-

150 4717 280 4791 ?dqayd]
298 4725 397 4774 braxim
412 4725 432 4775 u
505 4723 645 4788 tropon
666 4722 974 4790 niguidioudactylouli
1044 4720 1196 4774 15duaslt
1268 4721 1300 4773 17
1318 4720 1370 4790 hic]

92 4789 178 4845 bineli
246 4795 279 4846 21
299 4793 409 4861 Donato]
426 4811 454 4860 p.
474 4793 535 4859 370,
554 4794 587 4844 31
653 4793 693 4845 ,26
714 4808 791 4844 uuum
811 4793 939 4844 atomi?
1008 4793 1040 4843 37
1056 4793 1108 4844 auti
1129 4790 1236 4842 enimlt

1105 4876 1170 4940 vl*
