3350 5442
293 361 356 427 564
811 360 950 425 FRbil.
975 359 1059 420 11011.

320 485 340 526 p.
355 474 444 513 rsa-40
459 471 484 511 v.

293 572 360 613 rum
387 553 435 613 bis
463 551 581 630 templis
608 550 681 610 baec
711 549 819 636 templa
848 569 866 606 o
893 547 1001 627 templa
1030 547 1066 608 ab
1096 548 1143 608 bis
1164 546 1294 626 templis.
1338 546 1452 604 formae
1476 543 1584 602 tertiae

293 657 412 734 generis
434 654 590 714 masculini
604 651 654 711 bic
675 671 727 712 rex
742 653 831 712 buius
846 653 926 729 regis
947 652 1018 712 huic
1039 655 1104 726 regi
1126 649 1205 709 bunc
1227 666 1328 724 regem
1350 666 1368 705 o
1390 665 1442 706 rex
1466 645 1505 705 ab
1528 645 1585 704 boc

296 775 365 834 rege
387 757 418 817 bi
449 775 535 832 reges
563 755 668 816 borum
698 772 802 832 regum
829 754 876 814 bis
898 752 1020 831 regibus
1039 752 1094 812 bos
1115 769 1203 828 reges
1224 769 1242 809 o
1264 767 1351 827 reges
1372 748 1410 808 ab
1432 749 1481 808 bis
1502 748 1585 823 regi·

294 859 364 928 bus,
392 859 512 936 generis
539 857 676 916 feminini
704 857 777 916 baec
803 857 872 916 lrux
900 855 990 916 huius
1016 855 1113 932 lrugis
1132 854 1203 914 huic
1225 853 1304 929 lrugi
1327 852 1402 912 banc
1425 851 1545 927 frugem
1567 869 1586 906 o

295 965 361 1022 l'rux
389 961 426 1021 ab
453 961 508 1020 bac
536 959 621 1035 iruge
650 959 706 1019 bae
735 959 837 1034 fruges
864 957 970 1018 barum
993 958 1117 1034 frugum
1137 956 1186 1016 bis
1207 953 1344 1032 frugibus
1366 953 1545 1044 bas'lmges
1568 967 1612 1010 os

294 1065 395 1140 l'ruges
417 1061 454 1121 ab
476 1060 524 1121 his
545 1059 700 1137 lrugibuS,
722 1062 843 1138 generis
864 1061 964 1120 neutri
992 1059 1048 1118 boc
1070 1077 1145 1137 opus
1166 1058 1256 1118 buius
1276 1058 1378 1136 operis
1405 1056 1476 1116 buic
1497 1056 1585 1134 operi

295 1165 350 1224 boc
372 1181 446 1243 opus
474 1181 491 1221 o
520 1181 594 1241 opus
622 1161 659 1221 ab
688 1163 743 1222 boe
773 1180 865 1241 opere
886 1162 961 1222 baec
983 1179 1072 1240 opera
1095 1160 1202 1221 borum
1224 1177 1350 1239 operum
1370 1158 1419 1218 bis
1440 1156 1587 1236 operibus

294 1267 367 1326 baec
389 1283 479 1345 opera
509 1283 526 1324 o
554 1281 644 1343 opera
672 1263 709 1324 ab
737 1264 784 1324 bis
812 1262 968 1343 operibus,
990 1265 1111 1340 generis
1132 1264 1298 1322 communis
1319 1261 1369 1321 bic
1391 1269 1421 1320 et
1442 1259 1516 1320 baec
1539 1277 1586 1318 sa-

294 1367 399 1427 cerdos
422 1368 510 1427 buius
533 1366 696 1426 sacerdotis
718 1367 788 1427 buic
810 1367 957 1428 sacerdoti
979 1366 1058 1427 bunc
1086 1373 1117 1425 et
1138 1364 1214 1424 hanc
1236 1363 1422 1424 sacerdotem
1444 1381 1462 1422 o
1484 1380 1586 1421 sacer·

294 1470 347 1530 dos
375 1469 411 1529 ab
439 1468 495 1528 boc
523 1474 552 1526 et
580 1466 616 1526 ab
645 1467 700 1528 bac
728 1468 882 1528 sacerdote
909 1467 942 1528 bi
969 1477 1000 1530 et
1027 1468 1083 1528 bae
1104 1466 1274 1527 sacerdotes
1295 1466 1401 1526 borum
1423 1471 1454 1524 et
1475 1464 1585 1524 barum
1601 1481 1623 1514 1⁰

294 1571 480 1632 sacerdotum
508 1570 555 1630 his
583 1569 787 1630 sacerdotibus
815 1570 870 1630 bos
897 1576 928 1630 et
954 1569 1007 1630 bas
1034 1569 1205 1630 sacerdotes
1232 1587 1250 1629 o
1276 1567 1448 1629 sacerdotes
1476 1565 1514 1625 ab
1537 1567 1587 1624 bis

295 1671 512 1742 sacerdotibus
543 1671 546 1750 l
577 1675 696 1748 generis
727 1675 823 1734 omnis
845 1673 894 1733 bic
917 1671 1041 1732 ethaeo
1063 1671 1170 1732 etboc
1193 1667 1491 1731 ielixbuiusielicis
1514 1669 1585 1728 buic

294 1775 375 1835 lelici
398 1775 476 1834 hunc
499 1781 528 1834 et
549 1773 626 1834 banc
653 1773 771 1834 felicem
799 1783 829 1835 et
856 1775 913 1835 boc
940 1773 1010 1834 lelix
1034 1792 1051 1833 o
1072 1773 1144 1834 ielis
1167 1773 1204 1834 ab
1226 1773 1282 1833 boc
1304 1781 1334 1832 et
1356 1770 1393 1831 ab
1415 1771 1471 1830 bac
1493 1777 1524 1829 et
1546 1769 1585 1830 ab

294 1877 349 1936 boc
379 1875 457 1936 felici
492 1875 523 1935 hi
551 1882 581 1934 ct
613 1875 667 1936 bae
701 1876 806 1936 felices
834 1884 864 1936 et
891 1875 965 1937 baec
994 1876 1093 1937 lelicia
1115 1876 1223 1935 borum
1245 1883 1275 1935 et
1296 1875 1402 1934 barum
1425 1873 1585 1933 ethorum

294 1979 426 2039 felicium
448 1977 494 2036 bis
516 1977 656 2037 felicibus
678 1979 731 2038 bos
754 1985 784 2037 et
805 1979 859 2039 has
880 1979 984 2039 felices
1005 1985 1036 2038 et
1057 1978 1130 2039 baec
1152 1977 1251 2038 lelieia
1278 1997 1296 2036 o
1322 1976 1425 2036 lelices
1446 1982 1477 2034 et
1498 1995 1517 2033 o
1539 1976 1584 2032 le·
1599 1991 1622 2026 rs

295 2081 362 2141 licia
385 2079 422 2140 ab
445 2079 492 2139 his
514 2078 663 2140 feticibus.
694 2081 806 2141 formae
829 2088 951 2160 quartae
974 2082 1095 2158 generis
1116 2079 1271 2140 masculini
1294 2079 1343 2139 bic
1365 2096 1473 2138 currus
1494 2078 1586 2136 buius

294 2201 400 2242 currus
423 2181 492 2241 lruic
516 2182 615 2242 currui
639 2182 718 2243 bunc
741 2201 864 2243 currum
887 2205 904 2244 o
927 2201 1033 2243 currus
1049 2182 1087 2242 ab
1102 2182 1157 2242 boc
1180 2200 1270 2242 curru
1293 2181 1324 2240 bi
1347 2198 1454 2240 currus
1476 2179 1585 2239 borum

294 2302 435 2344 crrrruum
458 2283 505 2342 bis
527 2282 667 2345 curribus
688 2285 742 2345 bos
765 2304 872 2345 currus
887 2305 905 2345 o
920 2303 1027 2345 currus
1048 2283 1085 2344 ab
1108 2284 1156 2344 bis
1178 2282 1332 2352 curribus,
1355 2283 1475 2359 generis
1495 2282 1584 2340 lemi-

294 2388 358 2446 uini
380 2385 453 2448 baec
481 2403 585 2445 manus
606 2386 695 2447 huius
717 2405 821 2448 manus
843 2388 913 2448 buic
935 2388 1036 2448 manui
1064 2387 1140 2446 banc
1162 2403 1281 2446 manum
1302 2403 1320 2444 o
1342 2402 1446 2444 manus
1467 2381 1504 2442 ab
1528 2383 1585 2441 bar.

295 2506 383 2548 manu
418 2487 473 2547 bac
501 2505 606 2547 manus
633 2488 738 2551 barum
765 2509 905 2550 manuum
932 2490 980 2549 bis
1006 2487 1144 2550 manibus
1171 2488 1226 2548 bas
1247 2505 1350 2548 manus
1373 2505 1391 2544 o
1413 2503 1517 2544 ritanus
1542 2483 1623 2543 ab²o

295 2591 342 2650 bis
366 2589 519 2658 manibus,
543 2591 663 2666 generis
685 2593 783 2651 neutri
807 2593 861 2652 bor
884 2609 963 2668 genu
985 2590 1074 2651 buius
1095 2609 1172 2668 genu
1194 2589 1265 2650 buic
1286 2607 1365 2666 genu
1386 2588 1443 2647 boc
1464 2605 1541 2664 genu
1564 2607 1585 2644 o

294 2711 371 2770 genu
395 2690 432 2751 ab
455 2690 510 2750 boc
533 2707 611 2767 genu
633 2691 706 2753 baec
728 2711 823 2770 genua
847 2694 955 2754 borum
981 2711 1112 2770 genuum
1133 2692 1181 2752 bis
1202 2690 1329 2770 genibus
1350 2691 1425 2750 baec
1446 2707 1542 2767 genua
1565 2708 1585 2746 o

293 2812 388 2871 genua
412 2791 449 2852 ab
471 2791 518 2852 his
541 2792 677 2870 genibus.
722 2795 795 2854 baec
818 2795 932 2874 antiqui
955 2796 1044 2854 etiam
1067 2793 1214 2871 singulari
1236 2811 1362 2853 numero
1384 2795 1429 2852 sic
1451 2799 1483 2852 ut
1504 2811 1584 2851 mas·

294 2895 391 2954 culina
414 2901 444 2953 et
465 2895 608 2954 feminina
637 2895 837 2966 declinabant,
867 2897 1001 2957 dicentes
1027 2897 1116 2956 huius
1144 2913 1238 2973 genus
1260 2901 1291 2955 ct
1310 2894 1400 2954 buius
1421 2911 1530 2953 cornus
1551 2901 1584 2952 et

293 2995 362 3056 buic
385 2998 473 3072 genui
496 2995 566 3056 huic
581 3001 695 3058 cornui.
725 2998 802 3059 unde
818 3006 848 3058 et
863 2999 1000 3060 Lucanus
1022 3000 1176 3058 ‘cornus
1199 2996 1270 3056 tibi
1288 3011 1381 3055 cura
1404 2997 1582 3064 sinistra,
1597 3009 1621 3045 2⁵

294 3097 466 3165 Lentule,
497 3114 574 3156 cunr
604 3101 734 3176 prima,
764 3119 855 3181 quoe
883 3107 956 3160 tum
984 3103 1057 3162 luit
1085 3120 1113 3160 o.
1144 3098 1172 3159 b.
1202 3117 1228 3157 e.
1257 3118 1286 3178 q.
1309 3099 1330 3158 l.
1353 3099 1406 3166 d.',
1430 3105 1460 3157 et
1481 3098 1584 3157 bivirrs

293 3198 405 3277 ubique
434 3201 465 3258 in
498 3199 639 3269 historia;
674 3203 833 3280 posteritas
865 3204 944 3261 inter
976 3203 1133 3263 rrronoclita
1166 3202 1275 3279 posuit.
1320 3200 1433 3260 formae
1461 3201 1583 3278 quintae

295 3302 416 3378 generis
437 3301 594 3362 masculini
618 3302 666 3362 bic
689 3303 752 3362 dies
774 3304 862 3363 buius
884 3303 945 3365 diei
967 3303 1037 3363 buic
1053 3305 1113 3364 diei
1136 3304 1214 3363 bunc
1237 3302 1315 3362 diem
1339 3322 1357 3362 o
1380 3302 1444 3360 dies
1467 3300 1503 3361 ab
1526 3301 1583 3360 bor·

293 3403 342 3462 die
366 3401 396 3462 hi
420 3403 483 3462 dies
506 3401 610 3463 borum
634 3405 750 3464 dierum
773 3404 948 3466 hisdiebus
971 3405 1025 3466 bos
1047 3406 1111 3465 dics
1132 3425 1150 3464 o
1173 3405 1237 3465 dies
1259 3403 1296 3465 ab
1317 3404 1365 3464 bis
1387 3403 1508 3472 diebus,
1530 3421 1583 3480 go-

294 3506 375 3565 neris
403 3505 541 3564 seminini
568 3505 641 3564 baec
669 3525 719 3566 res
746 3507 834 3567 huius
863 3511 906 3566 rei
935 3507 1004 3567 buic
1032 3511 1077 3568 rei
1104 3509 1180 3567 banc
1209 3525 1272 3567 rem
1299 3524 1388 3566 ores
1410 3505 1447 3564 ab
1470 3505 1524 3565 bac
1548 3520 1619 3564 reu

293 3607 348 3666 bac
372 3623 421 3665 res
443 3606 548 3665 barum
571 3625 671 3668 rerum
695 3609 742 3668 bis
764 3608 854 3669 rebus
878 3609 930 3669 bas
952 3627 1000 3670 res
1022 3627 1039 3670 o
1061 3628 1111 3670 res
1132 3610 1169 3671 ab
1193 3609 1239 3669 his
1261 3607 1363 3668 rebus.
1400 3608 1505 3667 borum
1529 3627 1580 3667 no·

293 3709 406 3768 nrirrum
428 3709 575 3784 genitivus
603 3721 632 3769 et
660 3709 776 3770 (latirus
798 3711 955 3788 singularis
977 3731 993 3771 e
1016 3712 1229 3792 paenultimam
1252 3711 1381 3770 litteram
1405 3710 1492 3770 modo
1514 3727 1580 3788 pro-

293 3811 410 3872 ductam
437 3809 524 3869 modo
552 3819 719 3891 correptam
746 3812 874 3883 babent,
906 3812 1091 3891 productam,
1122 3832 1188 3873 eum
1217 3831 1250 3872 es
1272 3810 1383 3890 syllaba
1406 3813 1579 3871 nominativi

293 3931 379 3972 casus
401 3911 560 3988 singularis
583 3931 657 3992 pura
680 3915 780 3983 luerit,
804 3917 833 3976 id
856 3923 982 3976 estnon
1004 3915 1233 3993 praecedentem
1256 3913 1395 3973 habuerit
1416 3932 1579 3974 consonan-

293 4020 366 4083 tem,
397 4021 430 4073 nt
456 4013 520 4073 dies
549 4013 624 4083 diei,
655 4018 733 4076 acies
763 4018 854 4086 aciei,
885 4023 1069 4096 correptam,
1093 4036 1160 4078 cum
1182 4017 1381 4096 praecesserit
1403 4029 1614 4081 consonans,³⁵

292 4124 325 4176 ut
347 4134 396 4176 res
418 4118 477 4186 rei,
501 4135 570 4196 spes
591 4119 665 4196 spei.

789 4289 837 4348 DE
860 4287 1082 4350 PRONOlleE

377 4405 585 4466 Vniversorum
615 4410 823 4485 pronominum
852 4408 1015 4468 secundum
1042 4409 1163 4468 Latinos
1190 4406 1339 4486 generalis
1366 4409 1445 4466 trina
1473 4407 1576 4466 divisio

292 4514 347 4568 est.
393 4514 443 4568 aut
465 4508 545 4567 enim
567 4508 648 4569 finita
671 4517 740 4570 sunt
761 4513 937 4589 pronomina
960 4517 1010 4570 aut
1038 4513 1136 4571 minus
1158 4529 1246 4590 quam
1267 4511 1350 4570 srnita
1372 4515 1423 4570 aut
1444 4505 1575 4585 inliinita.

291 4628 396 4671 rursus
424 4611 576 4671 finitorum
604 4611 663 4706 alia
690 4621 758 4674 sunt
784 4612 978 4692 principalia,
1008 4613 1065 4673 alia
1088 4612 1267 4675 derivativa:
1296 4613 1380 4672 linita
1402 4610 1577 4692 principalia

362 4845 539 4914 ettennon
561 4849 681 4902 Pharrol.
700 4850 745 4900 Vll
764 4849 814 4899 ’317
883 4849 917 4900 211
932 4857 957 4899 ct
975 4849 1051 4898 libius
1070 4849 1095 4898 B
