3350 5442
593 377 828 440 COrllhlENTVll
1321 374 1362 439 85

103 565 147 631 sod
169 586 205 628 ne
229 563 452 649 antiquissima
480 563 611 650 quidem
639 564 761 645 forma,
781 585 867 649 quae
889 560 1020 649 quidem
1042 560 1085 626 ad
1106 568 1252 625 nostram
1274 570 1361 626 aeta·

102 681 153 733 tem
173 674 345 753 propagata
371 666 430 746 sit,
457 664 493 729 id
521 665 608 752 quod
635 664 741 732 solum
767 665 837 729 fere
864 664 898 728 in
925 665 1021 729 huius
1049 663 1138 728 modi
1159 662 1253 727 libris
1277 684 1361 728 com·

100 768 170 833 muni
189 790 246 832 usu
267 768 353 831 tritis
376 766 560 853 quaeritur,
583 770 713 834 restitui
736 768 850 855 possit.
881 788 1019 852 cumque
1045 775 1179 852 propter
1199 764 1360 830 vilitatem

99 891 201 952 rerum,
227 870 258 932 in
285 868 405 955 quibus
429 869 574 934 maxima
601 892 677 957 pars
704 869 781 935 libri
803 878 970 950 versatur,
994 889 1111 953 operae
1133 867 1273 952 pretium
1295 854 1361 930 non

97 980 167 1037 eset
185 992 304 1036 omnem
327 969 479 1035 codicum
501 970 754 1058 discrepantiam
770 981 846 1036 ante
866 967 977 1037 oculos
1000 990 1137 1056 ponere,
1159 967 1360 1033 tutissimum

98 1097 153 1138 csse
176 1074 276 1138 visum
308 1083 360 1137 est
386 1095 465 1160 prae
492 1072 625 1161 reliquis
653 1070 951 1139 Wolfenbuttelani
977 1070 1099 1137 codicis
1133 1070 1361 1135 auctoritatem

96 1176 179 1261 sequi.
220 1196 413 1261 quamquam
435 1175 522 1239 enim
544 1175 706 1262 permulta
726 1177 762 1239 in
783 1196 822 1239 eo
845 1174 957 1240 codice
985 1173 1104 1238 vitiose
1128 1171 1249 1258 scripta
1270 1182 1358 1251 sunt,

95 1288 241 1342 tenenat
264 1276 404 1341 formam
430 1276 621 1342 elocutionis
653 1276 818 1342 interdum
846 1278 952 1340 minus
983 1282 1168 1361 corruptam
1200 1272 1359 1351 exhibuit,

94 1401 172 1465 qoam
192 1376 486 1463 Sangermanenses
508 1377 600 1461 libri,
623 1388 656 1443 et
676 1378 730 1443 vel
757 1387 931 1466 propterea
957 1377 1136 1464 principem
1158 1375 1265 1441 locum
1296 1375 1360 1440 sibi

94 1479 275 1562 sufficebat,
303 1480 393 1565 quod
421 1480 482 1545 hoc
505 1482 573 1547 solo
595 1480 762 1567 praesenti
783 1480 832 1543 uti
855 1479 992 1561 licebat,
1015 1480 1207 1566 praesertim
1230 1498 1304 1541 cum
1325 1477 1360 1540 in

92 1580 143 1645 illis
175 1581 377 1646 excutiendis
412 1581 497 1646 hanc
528 1605 640 1647 curam
674 1582 831 1648 adbibere
864 1580 1056 1663 noluissem,
1090 1589 1127 1643 ut
1157 1580 1359 1645 levissimam

92 1683 248 1769 scripturae
281 1683 537 1771 discrepantiam
573 1683 778 1752 adnotarem.
824 1683 880 1777 *ad
915 1682 997 1748 vitia
1032 1692 1142 1747 autem
1179 1684 1360 1769 scripturae

91 1784 270 1849 emendanda
291 1784 421 1849 firmum
443 1785 644 1873 praesidium
666 1785 887 1872 praebuerunt
909 1785 1234 1871 Sangermanenscs.¹
1257 1805 1359 1870 quare

91 1885 130 1950 bis
152 1884 238 1951 libris
266 1908 347 1975 quos
370 1887 440 1953 dixi
461 1888 509 1952 ita
530 1910 609 1952 usus
633 1911 721 1970 sum,
743 1898 781 1954 ut
801 1890 941 1975 primam
962 1908 1094 1950 manum
1116 1884 1358 1951 Wolienbutte·

89 1987 143 2051 lani
161 1987 294 2069 codicis,
318 1988 427 2076 quoad
449 1990 518 2055 eius
540 1990 612 2054 fieri
634 1999 764 2077 posset,
788 1990 1019 2077 exprimerem,
1044 1998 1076 2053 et
1097 1987 1293 2074 ubicumque
1315 1986 1358 2053 ab

90 2111 119 2153 ea
135 2089 344 2156 recedendum
366 2101 468 2173 esset,
498 2091 752 2179 discrepantiam
778 2102 910 2180 praeter
930 2090 1018 2157 levia
1040 2088 1171 2177 quidem
1193 2087 1357 2153 scribendi

89 2192 155 2256 ritia
173 2193 331 2278 integram
358 2192 555 2275 indicarem,
583 2194 917 2279 Sangermanensium
944 2203 1054 2259 autem
1075 2191 1235 2257 librorum
1258 2190 1357 2277 scrip·

88 2303 174 2357 turam
199 2293 305 2381 ipsam
332 2317 478 2381 quoque,
505 2296 562 2362 ubi
591 2318 611 2360 a
638 2307 769 2384 recepta
796 2296 958 2382 scriptura
984 2294 1202 2380 discreparet,
1231 2294 1357 2359 subice·

88 2417 156 2477 rem,
177 2394 235 2460 sed
254 2395 359 2461 multa
380 2405 501 2480 tamen,
523 2420 607 2485 quae
628 2383 752 2462 nullius
771 2397 927 2463 momenti
950 2418 1022 2461 esse
1043 2396 1243 2461 videbantur
1264 2418 1357 2481 prae·

87 2498 246 2581 terireur‘).
291 2496 430 2585 denique
458 2499 535 2586 quid
563 2500 598 2564 in
620 2509 731 2566 vetere
757 2500 857 2564 trium
882 2498 1040 2565 librorum
1062 2500 1226 2585 scriptura
1247 2506 1357 2563 reten-

87 2598 151 2662 tiore
178 2610 323 2687 tempore
357 2609 517 2665 mutatum
550 2612 637 2667 esset
664 2611 815 2667 accurate
843 2599 989 2666 indicare
1022 2599 1156 2685 longum
1183 2609 1216 2664 et
1241 2597 1356 2664 inutile

86 2712 154 2784 erat;
177 2702 234 2767 ubi
259 2701 356 2767 huius
386 2724 513 2789 quoquc
541 2704 589 2768 rei
610 2704 694 2769 ratio
715 2703 867 2770 habenda
889 2712 975 2786 erat,
999 2714 1218 2768 correctorum
1239 2724 1355 2766 manus

85 2800 183 2867 litteris
208 2803 271 2869 abc
296 2804 451 2871 indicavi.
496 2805 554 2870 sed
581 2805 617 2869 in
638 2804 943 2871 Wolfenbuttelano
972 2805 1085 2871 codice
1113 2803 1183 2869 sola
1205 2826 1225 2869 a
1245 2804 1356 2869 littera

86 2905 280 2991 antiquissimi
308 2907 502 2973 correctoris
530 2908 742 2992 mutationes,
772 2907 886 2973 addito
919 2908 1075 2973 asterisco
1105 2905 1179 2992 (ai)
1207 2928 1246 2971 ea
1272 2929 1354 2993 quae

137 3077 158 3141 ⁸)
174 3079 312 3131 Notabilis
329 3080 462 3131 librorum
479 3094 563 3131 manu
580 3080 744 3145 scriptorum
762 3080 953 3145 discrepantia
971 3081 1060 3129 estin
1077 3079 1166 3130 tribus
1183 3080 1354 3132 tractatibus

85 3162 239 3225 inumeris,
253 3165 288 3215 de
300 3164 404 3231 figuris,
418 3164 453 3215 de
465 3165 577 3215 casibus
589 3147 736 3219 nominum.
763 3164 796 3216 de
810 3166 909 3229 quibus
922 3164 1005 3215 rebus
1018 3164 1135 3215 cumbis
1148 3168 1296 3215 tractatum
1308 3169 1354 3233 sit,
1442 3168 1446 3173 '

85 3249 179 3311 primum
196 3250 308 3300 brevius
325 3266 351 3314 p.
370 3252 418 3300 157
436 3264 510 3315 sqq.,
529 3249 626 3301 deinde
643 3251 755 3300 uberius
772 3267 798 3315 p.
818 3250 867 3299 177
886 3264 956 3315 sqq„
974 3248 1248 3301 Wolionbuttelenus
1267 3250 1353 3302 codex

84 3339 126 3382 tres
145 3338 277 3384 tractatus
301 3334 446 3385 uberiores
468 3338 531 3401 post
553 3335 696 3385 breviores
719 3335 831 3386 exhibet
855 3322 984 3386 continuo
1007 3336 1139 3400 scriptos,
1163 3335 1205 3385 sic
1227 3337 1267 3385 uti
1286 3336 1354 3387 editi

85 3423 140 3479 sunt,
156 3419 183 3467 in
199 3418 486 3485 sangermanenaibus
503 3420 563 3471 bini
581 3419 615 3470 da
634 3418 734 3471 iisdem
752 3420 834 3471 rebus
853 3424 989 3470 tractatus
1009 3420 1150 3470 coniuncti
1170 3425 1241 3471 sunt.
1276 3422 1352 3473 Wol-

85 3502 251 3553 ieubuttelani
273 3509 368 3553 autem
390 3503 494 3555 codicis
517 3504 583 3555 ordo
607 3504 814 3555 commendatur
835 3505 871 3554 iis
895 3520 966 3569 quac
991 3520 1024 3553 ex
1046 3504 1136 3569 priore
1154 3509 1234 3570 parte
1252 3505 1286 3557 dc
1303 3522 1352 3556 nu-

85 3588 149 3637 ucris
165 3589 251 3639 citata
268 3594 333 3639 sunt
350 3589 379 3639 in
397 3591 551 3654 posteriora
568 3607 595 3655 p.
608 3592 657 3641 178
675 3591 785 3640 Maura
795 3590 845 3639 hoc
856 3592 905 3639 iam
917 3592 942 3639 in
954 3592 1055 3655 reproba,
1069 3588 1203 3655 siquidem
1215 3591 1285 3641 haec
1297 3606 1352 3641 non

85 3671 110 3721 sd
124 3689 174 3723 rem
189 3674 269 3725 modo
287 3674 510 3737 tractaremus
528 3675 563 3725 ad
581 3675 672 3725 locum
689 3674 799 3741 lougius
817 3678 950 3724 remotum
967 3680 1095 3741 spectare
1113 3674 1249 3726 videntur.
1279 3678 1351 3727 eius-

84 3754 129 3804 dem
144 3757 244 3809 codicis
263 3759 398 3809 rationem
416 3760 501 3809 etiam
518 3760 548 3809 in
565 3760 762 3826 orthographia
779 3760 976 3812 vocabulorum
988 3759 1147 3826 plerumque
1160 3764 1271 3811 secutus
1283 3776 1350 3814 sum.

84 3856 226 3905 quanquam
247 3845 278 3891 in
295 3843 348 3893 hoc
367 3859 467 3909 genere
485 3844 586 3906 multa,
605 3846 635 3895 in
653 3844 751 3909 quibus
767 3844 877 3895 librarii
894 3860 961 3895 suae
981 3846 1082 3896 aetatis
1100 3846 1351 3911 pronuntiationem

85 3932 262 3989 expresserunt,
279 3943 336 3978 non
353 3927 478 3978 indicata
496 3927 684 3994 discrepantia
700 3928 832 3980 librorum
857 3931 976 3993 correxi,
995 3928 1072 3980 velut
1094 3946 1108 3981 e
1131 3946 1179 3996 pro
1202 3934 1213 3980 ἰ
1232 3932 1350 3995 positum

84 4008 284 4075 frequentissime
301 4012 331 4062 in
350 4012 467 4077 talibus,
484 4016 623 4079 cctlcpere,
641 4021 790 4075 conterrere,
809 4017 954 4075 dimediom,
971 4021 1042 4081 trec,
1061 4016 1182 4077 deferunt
1203 4030 1252 4079 pro
1275 4018 1351 4081 diffc-

84 4104 137 4152 ωε,
153 4100 275 4149 accedere
292 4113 343 4162 pro
360 4099 490 4160 ceddae,
508 4098 555 4149 rel
571 4100 581 4147 i
598 4114 646 4164 pro
665 4116 692 4162 e,
712 4106 742 4150 ut
759 4102 851 4161 decen,
870 4102 1016 4166 liquiscunt,
1033 4102 1126 4163 scrire.
1162 4101 1284 4166 graviori
1302 4100 1349 4151 du-

84 4178 191 4232 bitationi
207 4182 299 4233 locum
317 4183 488 4247 praebebant
499 4184 571 4234 vitia
583 4184 716 4235 sermonis
728 4184 774 4235 vel
791 4185 897 4235 formae
909 4186 1052 4236 verborum
1067 4202 1101 4236 ex
1118 4184 1228 4235 infimae
1246 4188 1349 4237 aetatis

84 4268 258 4317 assuetudine
275 4266 430 4332 profectae.
464 4284 528 4318 narn
548 4284 608 4319 cum
626 4276 654 4319 et
672 4270 813 4334 scriptoris
830 4269 952 4320 elocutio
969 4270 1044 4320 rudis
1062 4286 1095 4320 ac
1113 4270 1245 4321 mendosa
1262 4272 1307 4333 sit,
1322 4279 1350 4322 et

84 4346 169 4400 librarii
184 4352 272 4401 multa
290 4366 358 4402 snae
377 4353 479 4403 aetatis
498 4369 573 4403 more
591 4354 771 4419 corruperint,
790 4370 875 4420 saepe
894 4356 1029 4405 incertum
1049 4361 1117 4419 erat,
1136 4356 1232 4419 siquae
1252 4370 1348 4422 apuro

85 4448 185 4487 cernone
208 4436 303 4488 aliana
327 4441 420 4500 arant,
443 4444 531 4487 utrum
554 4438 633 4488 haec·
648 4438 822 4503 grammatici
841 4439 987 4504 inperitiae
1007 4455 1043 4489 an
1061 4439 1235 4491 librariorum
1254 4442 1348 4507 negle-

86 4521 173 4572 sertae
195 4522 344 4573 tribuenda
367 4526 468 4572 assant.
504 4538 589 4588 quare
612 4539 646 4574 ea
669 4524 776 4589 quidem
795 4538 865 4589 quac
887 4523 1018 4575 librorum
1037 4538 1172 4575 consensu
1191 4528 1251 4575 tuta
1269 4532 1349 4577 eraut

85 4616 153 4667 reque
173 4622 220 4671 per
240 4623 272 4657 sc
293 4608 484 4672 inprobabiiia
502 4623 562 4659 esso
579 4608 746 4659 ridebantur
763 4610 868 4673 recepi;
892 4608 1118 4660 dissentientibus
1136 4615 1229 4660 autem
1248 4612 1348 4663 codici-

85 4686 121 4737 bus
135 4691 250 4742 librariis
268 4692 360 4757 potius
377 4707 429 4743 sua
446 4694 517 4744 vitia
534 4693 715 4760 relinquenda
734 4709 814 4759 quam
836 4694 979 4759 scriptoris
998 4710 1148 4745 sermonem
1166 4700 1270 4749 temera
1289 4715 1347 4749 cor-

86 4776 238 4839 rumpendum
256 4793 318 4827 esse
337 4778 503 4833 existimavi.
539 4780 616 4829 velut
637 4782 715 4846 ipsud
731 4795 781 4845 pro
798 4782 879 4845 iparmr
897 4794 981 4844 saepe
999 4794 1087 4845 neque
1107 4786 1199 4832 tamen
1219 4788 1346 4835 constan·

86 4863 116 4905 ter
133 4860 156 4908 in
172 4862 429 4914 Wolisnbuttelano
452 4862 548 4914 codice
570 4864 714 4930 scripturn,
738 4862 809 4930 quod
831 4863 884 4913 hac
903 4865 1068 4916 auctoritate
1086 4872 1228 4934 receperat
1245 4870 1345 4922 Linde·
