3350 5442
199 405 204 413 ¹
306 325 370 390 nvn
875 327 1030 392 voneen

331 446 352 488 p.
365 437 454 478 397-99
469 433 491 475 L.

307 517 386 575 enim
413 514 500 575 talem
530 515 678 594 regulam,
708 517 804 576 omnis
832 533 901 594 pars
929 518 1072 578 orationis
1099 535 1166 578 cum
1194 518 1315 580 desierit
1343 533 1410 577 esse
1437 514 1516 595 quod
1544 523 1600 584 est

306 615 379 677 nihii
401 625 448 678 est
470 615 549 678 aliud
576 618 633 678 nisi
651 616 838 683 adverbium.
883 635 955 696 crgo
977 637 1045 680 cum
1074 618 1196 681 desierit
1217 639 1283 681 esse
1305 620 1503 700 praepositio,
1527 619 1598 698 quid

305 718 395 780 babet
417 737 481 780 esse
503 721 561 780 nisi
583 718 772 781 adverbium?
795 720 840 780 iac
863 737 935 798 ergo
957 726 989 781 ut
1010 721 1050 781 sit
1071 720 1252 783 adverbium,
1298 723 1324 782 si
1346 729 1392 782 est
1413 719 1599 788 adverbium,

271 817 273 824 '
305 820 398 882 multo
420 823 519 882 minus
540 823 637 899 iungis
659 822 919 902 praepositionem.
950 839 1020 883 uam
1035 821 1161 902 tegimus
1183 825 1434 903 praepositionem
1456 822 1598 883 adverbio

305 942 365 984 non
394 924 484 1001 iungi.
531 922 674 1000 numquid
700 941 821 1001 possum
850 922 950 984 dicere
978 922 1034 984 ‘dc
1061 928 1167 985 maue'
1196 932 1226 984 et
1252 924 1379 986 similia?
1416 941 1488 1004 ergo
1511 926 1624 985 istam

305 1026 557 1106 praepositionem
581 1023 722 1086 adverbio
745 1043 805 1086 non
828 1044 988 1106 possumus
1009 1028 1143 1105 iungere.
1180 1045 1252 1106 ergo
1273 1046 1334 1089 nou
1357 1026 1454 1088 debeo
1474 1029 1601 1105 iungere

305 1129 556 1207 praepositionem
578 1129 793 1208 praepositioni
815 1137 940 1208 propter
961 1127 1041 1189 illam
1064 1128 1197 1207 reguiam
1219 1147 1308 1208 quam
1330 1129 1447 1198 dIcunt,
1471 1147 1601 1208 praepo·

306 1231 429 1291 sitiones
457 1229 461 1310 1
493 1231 571 1290 inter
599 1247 631 1290 se
660 1247 719 1291 uon
750 1229 921 1292 cohaerere.
966 1233 1025 1292 iam
1055 1240 1087 1292 ut
1113 1233 1151 1292 sit
1177 1230 1364 1302 adverbium,
1388 1228 1601 1291 multominus

306 1329 401 1394 debeo
424 1333 563 1410 iungere,
587 1332 730 1410 quoniam
748 1331 887 1394 adverbio
909 1335 1091 1414 praepositio
1113 1351 1173 1394 non
1195 1335 1337 1411 iungitur.
1368 1331 1406 1392 ob
1428 1331 1506 1393 hauc
1528 1351 1601 1393 cau·

306 1452 383 1503 sam,
408 1435 546 1510 (parociam
570 1452 627 1494 neo
648 1431 721 1495 iiiud
745 1451 800 1495 nec
822 1433 894 1495 iilud
916 1453 1020 1496 verum
1043 1441 1102 1502 cst.
1124 1442 1284 1515 utrumque
1306 1435 1460 1514 accipitur.
1506 1432 1600 1493 habe·
1613 1453 1635 1489 a·

306 1553 373 1597 mus
401 1537 481 1596 enim
509 1534 566 1596 hoc
594 1537 625 1595 in
653 1537 731 1596 iure:
761 1537 791 1596 in
819 1535 971 1618 plerisque
1000 1537 1127 1616 regulis,
1156 1537 1207 1598 ubi
1234 1555 1330 1616 neque
1357 1535 1407 1598 iiia
1428 1537 1600 1598 firmissima

307 1646 367 1707 est,
397 1655 494 1716 neque
523 1635 571 1697 iiia
600 1639 767 1698 firmissima
794 1631 856 1708 est,
886 1640 1004 1720 utrique
1026 1641 1246 1729 ⁴consentimus3
1275 1639 1413 1718 quoniam
1441 1656 1499 1698 uec
1525 1635 1601 1697 iilud

306 1741 511 1818 firmissimum
534 1748 594 1808 cst,
619 1757 674 1800 neve
697 1738 767 1800 iliud
791 1741 992 1802 firmissimum
1017 1749 1074 1812 est,
1104 1744 1144 1802 ita
1166 1741 1199 1801 ut
1220 1748 1253 1802 ut
1275 1739 1452 1802 defendatur
1473 1747 1602 1819 utraque

307 1861 386 1922 pars.
431 1859 498 1902 nam
527 1841 650 1902 ostendo
677 1841 731 1902 tibi
760 1848 789 1902 et
816 1845 1067 1922 praepositionem
1097 1843 1311 1923 praepositioni
1338 1860 1426 1922 posse
1448 1844 1602 1920 coniungi,

226 2021 228 2028 y
308 1952 338 2004 ct
360 1943 533 2006 adverbium
556 1945 769 2024 praepositioni
791 1962 879 2023 posse
902 1947 1057 2024 conivmgi,
1086 1963 1146 2006 uon
1169 1946 1307 2022 quoniam
1330 1962 1432 2005 verum
1456 1952 1517 2014 est,
1546 1943 1601 2004 sed
1615 1961 1637 1998 rs

307 2048 446 2125 quoniam
470 2053 629 2126 utrumque
652 2047 768 2106 firmum
785 2065 844 2107 nou
867 2054 925 2117 est,
948 2066 1005 2108 nec
1024 2047 1097 2108 iilud
1119 2064 1175 2107 nec
1196 2048 1281 2117 iliad,
1303 2054 1337 2107 ut
1357 2047 1395 2105 sit
1417 2044 1510 2107 altera
1532 2064 1605 2124 pars

307 2149 430 2209 tirmior.
476 2167 544 2209 nam
572 2149 822 2227 praepositionem
850 2150 1064 2228 praepositioni
1091 2167 1179 2229 posse
1213 2149 1354 2224 coniungi
1385 2145 1434 2208 ilia
1470 2146 1604 2207 elocutio

307 2250 410 2320 docet,
441 2251 649 2312 circumcirca:
677 2248 769 2329 paulo
795 2257 864 2329 post
890 2250 960 2312 dicit
988 2249 1073 2316 iilud,
1103 2249 1153 2310 ubi
1175 2249 1245 2310 dicit
1267 2249 1414 2327 ‘iungitur
1435 2248 1547 2316 verbo,
1572 2257 1607 2308 ut

308 2354 432 2432 incipio,
456 2352 586 2430 iungitur
608 2352 779 2431 participio,
802 2351 904 2413 itidem
928 2353 1059 2430 iungitur
1080 2351 1137 2413 sibi
1159 2352 1239 2431 ipsa,
1260 2357 1293 2411 ut
1315 2357 1359 2411 est
1379 2351 1606 2411 circumcirca'.

307 2472 378 2533 ergo
406 2457 431 2515 si
458 2455 591 2532 iungitur
619 2452 676 2514 sibi
703 2454 782 2534 ipsa,
811 2455 1018 2524 circumcirca,
1046 2456 1121 2515 iuste
1142 2453 1268 2514 dicimus
1289 2455 1383 2532 ipsam
1404 2455 1641 2533 praepositio-u

306 2575 389 2630 nem,
415 2555 555 2632 adusque.
601 2555 653 2615 sed
677 2554 753 2616 iortc
776 2555 871 2626 dicas,
900 2557 969 2618 violo
992 2555 1091 2617 dicere
1113 2555 1364 2636 praepositionem
1387 2555 1606 2634 praepositioni

306 2661 513 2728 coniunctam,
543 2655 595 2718 sed
624 2655 690 2716 volo
719 2657 818 2719 dicere
848 2675 913 2719 esse
941 2659 1191 2739 praepositionem
1214 2655 1354 2717 adverbio
1378 2658 1525 2724 iunctam;
1549 2656 1606 2717 sed
1658 2729 1663 2739 ,

305 2760 354 2820 ilia
384 2759 463 2838 iege,
493 2765 526 2819 ut
553 2777 607 2838 pro
636 2777 693 2821 una
722 2769 806 2838 parte
834 2762 887 2828 sit,
916 2779 1004 2840 quem
1033 2759 1070 2820 ad
1091 2759 1212 2820 modum
1236 2758 1361 2818 dicimus
1382 2758 1501 2818 deinde.
1546 2761 1607 2819 ista

308 2861 446 2923 adverbia
470 2869 539 2922 sunt
560 2863 658 2921 iuncta
682 2863 911 2941 praepositioni,
935 2861 986 2922 sed
1008 2863 1048 2921 ita
1071 2867 1139 2922 suut
1161 2859 1301 2922 adverbia
1323 2861 1422 2921 iuncta
1443 2861 1608 2939 praeposi·

307 2966 395 3032 tioni‚
419 2972 451 3024 ut
474 2981 532 3024 non
556 2980 611 3043 pro
633 2962 748 3024 duabus
769 2962 902 3044 partibus
924 2966 998 3033 sint,
1021 2961 1073 3023 sed
1088 2981 1144 3042 pro
1158 2981 1216 3024 una
1238 2972 1323 3043 parte
1346 2953 1498 3026 orationis.
1527 2979 1644 3040 ergos

308 3083 496 3145 quacumque
519 3066 632 3125 ratione
654 3067 752 3144 possis
773 3064 851 3126 hanc
873 3064 1068 3125 eiocutibnem
1092 3063 1201 3126 dicere.
1248 3067 1273 3126 si
1296 3064 1300 3146 1
1326 3065 1368 3125 vis
1389 3064 1491 3125 dicere
1512 3082 1607 3144 prae·

306 3169 498 3248 positionem,
535 3166 627 3227 habes
655 3165 823 3247 exemplum
854 3169 1066 3229 circumcirca:
1102 3167 1145 3226 sic
1173 3167 1239 3228 dico
1266 3166 1400 3244 adusque
1429 3166 1503 3227 duas
1531 3185 1608 3226 esse

308 3271 555 3350 praepositiones,
580 3287 668 3346 quem
684 3268 857 3330 admodum
880 3270 1071 3329 circumcirca
1094 3266 1170 3329 duae
1192 3278 1261 3331 sunt
1281 3270 1518 3348 praepositiones
1541 3269 1604 3328 sibi

307 3374 491 3433 coniunctae.
537 3372 561 3431 si
590 3371 673 3432 dicas
701 3371 841 3434 adverbio
866 3372 995 3432 iunctam
1023 3371 1290 3450 praepositionem,
1320 3373 1423 3448 iungas
1446 3369 1605 3439 adverbio,

245 3511 251 3524 ι
305 3481 338 3534 ut
365 3476 408 3534 sic
436 3472 628 3544 cohaereant,
657 3482 690 3534 ut
718 3491 805 3534 unam
837 3481 950 3552 partem
979 3474 1097 3534 iaciant.
1143 3473 1198 3532 boc
1225 3475 1389 3552 quaesitum
1418 3478 1463 3532 est
1488 3473 1520 3533 in
1544 3474 1644 3534 istaso

306 3577 537 3657 praepositione.

187 3697 294 3758 arom
393 3677 433 3738 Dc
456 3675 589 3738 siriativis
610 3681 664 3739 ista
688 3687 732 3739 est
754 3695 829 3755 quae
852 3681 883 3738 iu
905 3679 1109 3758 quaestionem
1124 3679 1218 3747 venit,
1243 3695 1331 3755 quam
1353 3678 1487 3745 removit,
1512 3675 1609 3738 ciam.

189 3765 246 3822 ⁵¹⁷⁵
260 3767 292 3816 ³⁰
307 3799 426 3860 semper
450 3778 578 3840 Donatus
601 3778 674 3840 clam
698 3787 841 3860 conputat
867 3782 946 3841 iuter
974 3761 1114 3841 ablativas
1136 3781 1369 3859 praepositiones
1392 3776 1446 3858 [de
1466 3776 1609 3838 ablativis

306 3891 376 3943 sunt
398 3883 471 3942 istae
494 3881 583 3954 duae,
608 3901 682 3961 quae
705 3883 736 3942 in
759 3884 964 3960 quaestionem
987 3883 1124 3950 veniunt,
1155 3881 1230 3942 ciam
1253 3890 1282 3942 et
1302 3874 1416 3962 tenus];
1438 3888 1469 3940 et
1489 3882 1523 3941 iu
1544 3879 1606 3942 aiia

306 3991 390 4063 parte
413 3985 484 4043 artis
507 3983 563 4042 boc
586 3984 670 4053 iecit,
700 3991 728 4043 et
750 3982 799 4043 bic
827 3984 898 4043 iecit
921 3982 986 4044 boe.
1031 3983 1107 4043 ciam
1131 3983 1191 4044 vuit
1213 3992 1357 4045 remotam
1379 4001 1445 4043 esse
1467 3985 1605 4044 omuino.
1620 3999 1647 4039 ss

376 4189 390 4238 1
410 4189 553 4252 essequod
576 4195 642 4238 esset
657 4189 713 4238 AB
798 4190 815 4240 4
834 4187 914 4237 mutto
935 4189 1018 4236 minus
1039 4201 1089 4236 non
1108 4187 1194 4254 iungis
1213 4188 1297 4238 Aac
1380 4189 1398 4240 8
1416 4187 1604 4238 multominus

306 4259 386 4308 debeo
403 4259 576 4324 coniungere
594 4258 692 4321 ABG,
747 4257 778 4308 lb
798 4265 932 4320 utrumqne
950 4257 1078 4306 infirmum
1098 4272 1148 4308 uon
1167 4265 1206 4307 est
1224 4273 1271 4306 ure
1289 4256 1352 4308 iiiud
1372 4259 1446 4307 nteit
1464 4256 1552 4306 ABG

308 4326 341 4378 ta
359 4327 445 4377 itidem
459 4328 573 4393 iungitur
592 4329 639 4377 sihi
659 4329 730 4392 ipsae
746 4328 797 4377 BG
809 4328 895 4377 itidem
915 4329 1056 4393 iunguntur
1073 4327 1122 4376 sibi
1141 4328 1213 4393 ipsae
1230 4330 1254 4377 A
1307 4331 1341 4379 24
1357 4329 1404 4378 sed
1420 4327 1515 4377 ista·B
1528 4340 1603 4379 corr.

305 4398 352 4447 sed
371 4399 406 4446 its
424 4398 450 4448 b:
466 4399 512 4447 sed
530 4398 563 4446 its
584 4425 615 4433 -
633 4398 813 4464 praepositioni
834 4413 880 4448 ort.
898 4397 933 4462 A,
951 4399 1013 4451 add.
1035 4415 1052 4447 a
1137 4397 1172 4450 33
1191 4413 1292 4465 semper
1310 4398 1423 4448 Donatus
1436 4425 1470 4436 -
1488 4411 1604 4462 praepo-

305 4467 413 4517 sitiones
431 4477 456 4518 et
471 4467 505 4519 31
524 4477 548 4514 et
568 4469 592 4517 in
612 4469 661 4518 aiis
680 4477 750 4534 purte
771 4493 805 4504 —-
825 4467 951 4518 fecithoc
973 4483 1002 4517 eo
1020 4470 1162 4531 pertinent,
1181 4469 1291 4533 quadiu
1310 4477 1416 4533 atraque
1433 4475 1490 4516 arte
1506 4468 1606 4517 Donati

306 4537 370 4587 clam
393 4539 550 4601 praepositio
576 4539 641 4586 inter
662 4539 787 4589 ablaticus
808 4539 1013 4603 praepositiones
1034 4545 1170 4602 conparato
1193 4547 1239 4590 est.
1276 4538 1333 4587 bine
1355 4540 1467 4600 adparet
1484 4553 1516 4587 ea
1533 4553 1607 4600 quae

305 4609 457 4671 interposita
474 4615 545 4660 sunt.
565 4608 596 4656 dc
615 4607 732 4658 ablativis
751 4635 785 4644 —
803 4615 885 4668 tenus,
902 4615 992 4673 postea
1009 4610 1143 4670 adscripta
1160 4623 1224 4658 esse.
1255 4609 1324 4673 qaod
1339 4617 1421 4659 autern
1436 4607 1502 4656 ciam
1518 4620 1607 4670 prae-

303 4679 449 4741 positionem
466 4684 586 4726 remotam
603 4693 659 4726 esse
675 4678 737 4729 dicit
751 4680 891 4740 Perpetua,
908 4693 957 4729 non
972 4679 1009 4726 ad
1022 4678 1153 4738 Donatran,
1171 4679 1219 4728 sed
1230 4680 1267 4728 ad
1278 4694 1362 4730 eonon
1378 4677 1544 4740 referendam
1564 4687 1609 4728 est

305 4749 463 4806 sententiam,
484 4749 527 4811 pai
543 4763 596 4796 eam
612 4761 661 4810 pro
677 4747 795 4799 aeremia
813 4747 953 4799 habendam
969 4764 1027 4798 esse
1052 4751 1196 4800 uoimt:
1217 4750 1253 4809 cf.
1273 4751 1346 4816 Serp.
1365 4751 1471 4812 explan.
1489 4750 1517 4797 in
1530 4749 1604 4800 Dan.

303 4831 332 4881 p.
351 4815 411 4878 tot,
429 4816 463 4864 27
481 4817 609 4868 Priscian.
627 4819 646 4869 t.
662 4815 730 4867 Xiiii
747 4835 773 4883 p.
793 4818 836 4881 51,
853 4819 886 4869 15
933 4817 966 4871 34
987 4829 1012 4869 et
1026 4828 1100 4870 tenus
1117 4833 1163 4870 orn.
1183 4818 1267 4870 ABG
