3350 5442
302 313 343 378 aa
719 274 722 279 ¹
859 313 1034 377 curuouu
1104 367 1110 372 .
1203 293 1231 377 ,’

328 421 495 477 procerae.
877 452 881 458 .

303 503 380 581 ‘quo
407 503 520 562 ierasl’
545 501 635 575 soros
661 501 706 562 vel
735 504 828 570 intro,
858 501 934 581 ‘quo
961 503 1056 562 iturus
1084 501 1151 562 esl'
1179 502 1260 562 loras
1283 500 1327 562 vel
1349 503 1442 569 intro:
1471 508 1596 560 atvero

303 623 370 664 curn
400 585 464 666 nos
480 603 587 665 alicubi
617 621 682 664 esse
711 604 754 666 vel
777 603 869 665 luisse
893 603 897 684 Ι
921 603 966 664 vel
989 604 1103 664 lutrrros
1126 623 1192 665 esse
1214 604 1430 682 significamus,
1453 603 1528 663 loris
1552 601 1597 660 vel

302 708 396 776 intus,
427 703 495 766 ‘ubi
523 707 639 766 tuturus
668 707 735 768 esl’
764 707 835 767 loris
863 705 908 765 vel
936 707 1031 775 intus,
1059 705 1129 765 ‘ubi
1150 706 1265 766 luistil'
1294 702 1308 788 Η
1338 705 1411 765 loris
1432 702 1477 764 vel
1499 706 1596 770 intus:

304 810 374 868 item
403 807 520 887 quando
549 805 599 868 illo
628 809 790 886 significas,
820 809 899 868 laras
926 807 970 867 vel
997 809 1075 870 intro
1103 806 1355 887 respondeantur,
1384 807 1501 886 quando
1523 805 1596 873 illic,

186 910 375 981 386,22loris
408 908 452 969 vel
485 911 578 978 intus,
614 917 645 970 ut
667 908 743 970 ‘illic
776 919 833 979 est,
869 911 940 971 loris
968 907 1013 970 vel
1041 911 1148 970 intus’.
1181 944 1215 953 -
1246 908 1423 970 Adiciunt
1449 907 1621 988 quidama

305 1013 415 1073 ctiam
439 1030 503 1091 per
525 1009 660 1082 locum,
684 1019 721 1072 ut
742 1011 809 1072 bac
830 1009 931 1072 illac:
955 1010 1010 1071 bac
1033 1030 1084 1080 eo,
1107 1009 1174 1072 illac
1197 1031 1241 1072 eo.
1287 1010 1424 1072 adverbia
1447 1010 1506 1070 loci
1528 1018 1601 1070 sunt

260 1214 402 1276 talorum
433 1214 489 1276 buc
517 1214 588 1277 illuc
615 1214 675 1276 illo.
703 1251 743 1260 -
771 1214 953 1276 Adverbia
979 1223 1220 1295 putaverunt,
1251 1217 1334 1296 quia
1357 1233 1425 1275 non
1448 1232 1602 1292 semper

305 1317 395 1377 baec
417 1319 600 1396 sequitur:
624 1316 763 1378 adverbia
786 1319 865 1379 enim
888 1335 1007 1396 semper
1029 1315 1118 1378 verba
1141 1320 1328 1378 comitantur.

260 1428 293 1476 aa
391 1419 592 1489 Positivus,
609 1427 647 1480 ut
662 1419 782 1489 docte,
801 1421 1080 1498 conparativus,
1096 1427 1135 1480 ut
1149 1419 1312 1490 doctius,
1329 1418 1601 1498 superlativus,
1616 1436 1635 1474 n

307 1529 344 1581 ut
366 1520 597 1582 doctissime:
621 1529 653 1582 ut
675 1530 875 1600 conparantur
898 1522 1026 1590 nomina,
1049 1523 1090 1581 ita
1113 1531 1142 1582 et
1164 1520 1311 1583 adverbia.
1335 1539 1411 1600 quae
1432 1538 1602 1600 conparan-

306 1631 369 1693 tur,
398 1621 435 1683 ab
462 1622 644 1703 appellativis
672 1623 842 1684 nominibus
869 1625 1004 1690 veniunt:
1033 1622 1103 1683 inde
1125 1631 1155 1683 et
1175 1624 1324 1702 recipiunt
1345 1624 1601 1712 conparationem.

263 1733 337 1786 atet
353 1744 411 1786 non
428 1726 525 1786 omnia
541 1724 714 1806 appellativa
737 1732 945 1804 conparantur.
965 1729 970 1799 Ι
998 1726 1092 1786 -Et
1113 1727 1284 1804 quoniam
1307 1723 1483 1785 adverbia
1507 1743 1603 1802 quo-

307 1846 375 1906 que
396 1835 496 1896 sunt,
520 1845 611 1906 quae
634 1845 698 1906 per
721 1845 847 1887 omnes
870 1824 1006 1905 gradus
1028 1829 1083 1887 ire
1106 1844 1176 1887 non
1199 1834 1366 1906 possunt.
1399 1861 1434 1871 -
1465 1825 1604 1905 Nequam

306 1930 438 2008 quamvis
466 1936 657 2009 monoptoton
686 1930 793 1989 nomen
822 1929 873 1998 sit,
907 1928 963 1989 lvoc
985 1927 1080 1990 solum
1104 1930 1240 2009 nequiter
1263 1929 1639 2007 lacitetnequissirne.1a

310 2065 345 2075 -
376 2030 543 2092 Notandum
572 2031 659 2090 etiam
687 2028 833 2090 adverbiis
861 2031 959 2090 omnia
988 2038 1121 2110 tempora
1149 2049 1243 2110 paene
1272 2030 1422 2100 accidere,
1445 2048 1604 2110 praesens

262 2146 295 2195 29
308 2141 340 2194 ut
361 2131 465 2202 bodie,
489 2133 696 2212 praeteritum,
720 2140 752 2192 ut
774 2130 854 2199 beri,
878 2133 1026 2200 futurum,
1050 2142 1082 2192 ut
1103 2151 1178 2193 cras.
1203 2167 1239 2176 -
1264 2131 1307 2192 llt
1328 2113 1605 2211 superlativum

309 2236 424 2312 magis
447 2241 483 2294 et
505 2235 672 2294 maxime:
697 2251 783 2293 mane
798 2251 858 2293 non
875 2233 945 2294 lacit
959 2235 1087 2302 manius,
1102 2233 1155 2294 sed
1177 2236 1270 2312 magis
1292 2251 1379 2295 manc
1400 2241 1451 2294 aut
1471 2236 1607 2294 maxime

262 2349 404 2397 30mane.
430 2369 465 2378 —
490 2336 531 2396 Et
553 2336 710 2396 minime.
746 2353 849 2414 quem
872 2334 913 2395 ad
936 2335 1078 2397 modum
1102 2343 1381 2414 comparantur,
1405 2337 1456 2396 ita
1480 2345 1515 2396 ct
1539 2335 1606 2395 de-

309 2439 525 2499 minuuntur
547 2435 740 2498 adverbia:
765 2454 781 2495 a
804 2437 1048 2527 positivoput
1074 2439 1229 2515 primum
1251 2437 1464 2516 primulum,
1491 2435 1642 2514 longos>

307 2537 473 2616 longule:
507 2539 810 2618 aconparativo,
838 2545 877 2597 ut
904 2538 1039 2598 melius
1066 2538 1301 2611 meliuscule,
1336 2538 1485 2618 longius
1519 2538 1605 2599 lon-

307 2638 488 2718 giuscule.
521 2659 536 2700 a
564 2639 796 2720 superlativo
826 2638 882 2699 vcl
905 2638 1007 2700 nulla
1030 2639 1196 2719 exempla
1218 2639 1276 2700 rel
1304 2659 1387 2702 rara
1410 2648 1511 2701 sunt:
1538 2659 1606 2700 orn·

307 2744 379 2802 nino
401 2741 480 2802 nulla
501 2743 637 2803 existunt.
676 2743 814 2822 quoniam
837 2760 896 2821 quo
919 2741 1007 2801 modo
1030 2751 1231 2821 conparantur
1252 2740 1405 2816 adverbia,
1429 2743 1524 2802 sicet
1549 2745 1607 2802 mi·

308 2853 406 2904 nuunt
439 2845 689 2922 conparationem.
734 2843 897 2904 notandum
931 2851 960 2903 et
998 2846 1224 2905 inminutionem
1257 2861 1338 2912 esse,
1377 2851 1410 2904 ut
1440 2844 1609 2905 Terentius

202 2927 698 3022 eev‚1‘rere'grandiuscuta
721 2944 829 3006 illinc
852 2945 1022 3024 prolecta
1045 2948 1128 3007 est'.
1149 2950 1154 3019 Ι
1175 2944 1645 3022 -Figuraeadverbimae

309 3065 387 3106 rum
416 3045 509 3106 duae
537 3054 633 3107 sunt.
678 3053 738 3106 aut
767 3047 863 3107 enim
891 3046 1078 3125 simplicia
1105 3046 1405 3117 suntadverbia,
1433 3057 1472 3108 ut
1493 3049 1610 3108 docte

309 3146 533 3228 prudenter,
557 3157 618 3208 aut
640 3150 850 3228 conposita,
875 3155 914 3208 ut
934 3146 1094 3209 indocte.
1130 3183 1164 3193 -
1199 3148 1309 3209 Tribus
1329 3147 1441 3226 regulis
1462 3149 1609 3211 adverbia

311 3268 369 3310 nou
392 3256 472 3310 recte
495 3257 708 3329 conparantur:
738 3251 763 3310 si
785 3269 801 3310 a
824 3269 857 3310 se
880 3252 1029 3320 oriuntur,
1059 3268 1145 3311 mane
1168 3252 1283 3311 manius
1305 3269 1364 3311 non
1386 3251 1508 3322 dicitur:
1537 3255 1567 3313 si
1592 3273 1609 3312 a

311 3353 430 3412 nomine
458 3351 536 3430 quod
565 3369 623 3412 non
652 3353 759 3431 recipit
787 3353 1029 3431 conparationem
1060 3350 1239 3431 [inaequalia
1267 3351 1384 3432 babet];
1417 3355 1442 3413 si
1470 3353 1508 3414 ab
1538 3354 1610 3414 aliis

309 3451 443 3533 partibus
465 3471 541 3532 quac
563 3455 804 3533 conparationem
829 3472 888 3515 non
910 3454 1066 3532 recipiunt.
1622 3477 1648 3514 ao

283 3571 299 3618 5
397 3555 438 3616 Et
459 3573 677 3634 pronomen,
696 3557 823 3634 utqui;
847 3553 1405 3618 interadverbiumetverburn:
1430 3557 1610 3637 [quiunde

312 3658 361 3736 qui
379 3659 489 3726 evenit,
507 3658 586 3717 unde
601 3655 710 3737 evenit]
728 3658 795 3736 quia
811 3658 861 3736 qui
875 3663 905 3716 et
919 3675 1084 3735 pronomen
1101 3665 1160 3727 est,
1177 3657 1246 3718 dum
1260 3677 1315 3737 per
1330 3677 1415 3718 casus
1430 3659 1610 3730 inllectitur,

312 3766 341 3818 ct
363 3757 545 3829 adverbium,
570 3759 639 3820 dum
662 3759 807 3837 siguificat
828 3757 917 3818 unde.
963 3778 1041 3839 pone
1064 3758 1189 3820 a'ccentu
1211 3759 1399 3830 discernitur,
1423 3768 1456 3822 ut
1477 3772 1612 3841 propter

311 3860 521 3921 discretionem
537 3866 639 3922 contra
655 3859 788 3938 regulam
805 3856 905 3920 ultima
921 3868 1075 3921 accentum
1092 3863 1225 3940 accipiat.
1250 3895 1285 3905 -
1310 3862 1353 3921 Vt
1371 3881 1478 3941 ponc;
1503 3864 1612 3926 inter

270 3979 279 3986 ·
306 3961 524 4024 ¹adverbium
541 3970 576 4022 et
591 3963 844 4041 participium,
861 3968 899 4022 ut
914 3963 1100 4040 prolecto:
1123 3962 1265 4042 prolecto,
1282 3963 1331 4024 bic
1345 3966 1507 4043 protectus,
1524 3969 1610 4046 apud
1625 3985 1651 4022 :s

282 4066 483 4127 tTerentium
496 4065 630 4142 prolecto
645 4064 708 4123 sine
721 4062 811 4123 dubio
825 4064 965 4124 cst-Vt
981 4073 1035 4124 cst
1049 4064 1158 4134 falso:
1174 4066 1274 4125 inter
1288 4065 1517 4127 adverbium:
1534 4072 1611 4149 quia

338 4202 483 4209 ——......-—-
517 4201 614 4207 .-——

380 4271 442 4319 Cod.
462 4269 542 4319 Bern.
563 4266 597 4315 Xl
616 4266 724 4316 8-xu
743 4270 768 4317 2.
837 4266 972 4330 lquoque
991 4267 1057 4316 ieras
1076 4268 1117 4317 uel
1136 4270 1201 4318 intro
1271 4269 1302 4319 ad
1322 4284 1383 4319 uero
1454 4273 1612 4326 Tl'uturnm

313 4354 369 4388 esse
424 4342 454 4390 ll
474 4334 592 4403 nequam]
615 4351 698 4400 nequa
756 4336 788 4386 16
805 4337 926 4386 accedere
974 4337 1006 4388 17
1025 4338 1097 4386 odire
1159 4341 1192 4388 ltl
1209 4341 1463 4394 deminiuuturemr.
1482 4347 1517 4397 al.
1539 4362 1611 4397 varan.

313 4409 493 4459 deminuuntur
562 4410 597 4458 20
616 4407 732 4472 aposita
802 4407 836 4456 24
856 4421 912 4455 esse
929 4408 1052 4457 terentius
1071 4417 1098 4455 ut
1116 4407 1168 4457 lore
1239 4410 1272 4458 26
1290 4411 1456 4461 duaenutem
1476 4415 1612 4479 simplicia

381 4479 415 4529 28
430 4488 607 4543 conponuntur
658 4477 692 4526 ab
710 4478 854 4540 inaequalia
872 4477 902 4524 be
922 4478 1001 4539 (corr.
1014 4481 1049 4528 ot.
1063 4495 1128 4530 rnna.
1144 4479 1230 4537 babet)
1244 4490 1269 4527 et
1288 4483 1312 4528 in
1333 4482 1364 4529 ab
1379 4481 1437 4529 aliis
1508 4482 1540 4535 31
1564 4489 1613 4536 nd.

313 4549 427 4597 uer-bium
447 4559 473 4598 ut
489 4549 592 4598 uerbum
657 4546 691 4597 32
710 4549 770 4611 quia
785 4547 827 4610 qul
845 4544 879 4611 et]
900 4547 942 4608 qui
958 4548 1017 4610 quie
1069 4549 1101 4597 :tt
1119 4549 1227 4612 accipiat
1246 4564 1312 4614 poue
1326 4560 1430 4601 accentu
1450 4552 1613 4608 discernitur

314 4625 340 4666 ut
357 4633 422 4682 poue
490 4619 524 4668 36
542 4627 602 4684 aput
671 4618 729 4680 qula
749 4634 781 4667 ex
801 4616 842 4665 bis
861 4616 1100 4666 lnlsrrscouiunctio

321 4739 428 4746 *ff-
438 4741 476 4746 ...-
492 4742 526 4746 .-
537 4742 590 4747 -.
601 4742 614 4746 -

383 4794 416 4842 24
435 4789 577 4856 Terentius]
594 4789 676 4841 Andr.
697 4791 742 4840 llll
762 4791 787 4854 5,
803 4789 835 4841 19
