3350 5442
296 330 361 395 272
865 333 1018 398 POllPllll

323 453 344 494 p.
358 441 447 482 ³0³—95
460 439 482 480 1.

298 517 466 598 loquellaris
482 527 535 589 cst,
547 528 580 581 ut
594 527 663 582 sunt
676 519 744 580 illae
759 537 820 590 sex,
834 540 891 582 con
907 521 937 583 di
953 523 999 583 dis
1012 541 1048 585 re
1062 542 1094 585 se
1105 542 1162 586 am.
1179 524 1309 604 exceptis
1322 521 1382 586 illis
1392 543 1445 585 sex
1455 524 1590 606 reliquae

298 640 401 682 omnes
422 619 554 682 casuales
569 629 646 682 sunt.
673 632 828 702 praeterea
844 624 918 684 istae
932 625 1016 703 ipsae
1031 625 1177 696 casuales,
1198 624 1228 686 id
1244 635 1288 686 est
1303 645 1379 706 quae
1393 625 1511 688 casibus
1525 645 1590 688 ser·

296 725 392 794 vlunt,
415 721 492 786 hane
514 721 626 784 hahent
647 731 795 795 naturam,
818 733 852 786 ut
873 724 1032 805 aliquando
1052 728 1166 806 possint
1184 727 1361 798 cohaerere:
1383 734 1454 789 sunt
1472 726 1590 808 aliquae

195 835 256 898 tao,
268 835 285 883 t
298 843 374 906 quae
389 844 550 907 numquam
566 833 690 906 possunt
704 827 875 890 cohaerere.
891 845 1012 908 semper
1026 828 1187 891 cohaerent
1195 826 1263 890 illae
1274 830 1518 909 praepositiones,
1531 847 1589 890 con

296 927 326 988 di
352 927 399 988 dis
420 946 454 988 re
476 946 510 989 se
524 947 589 989 am:
612 947 772 1008 numquam
788 935 869 991 enim
884 931 1075 993 inveniuntur
1095 939 1276 1011 segregatae.
1299 934 1339 994 ita
1359 932 1493 1003 dicimus,
1515 945 1615 993 con-⁵

296 1030 389 1113 duco„
406 1030 549 1109 numquid
566 1048 684 1109 possum
701 1031 800 1093 dicere
822 1037 893 1093 ‘con
908 1032 1007 1103 duco’,
1032 1040 1064 1093 ut
1077 1034 1137 1093 sint
1151 1032 1227 1095 onae
1242 1035 1362 1114 partesl
1376 1034 1458 1096 unde
1472 1033 1590 1094 intelle·

295 1133 410 1210 &musi
434 1132 573 1212 quoniam
597 1149 656 1193 uon
679 1151 798 1212 possum
821 1136 1016 1215 interponere
1039 1137 1167 1212 aliquid.
1198 1135 1331 1217 reliquae
1353 1138 1592 1217 praepositiones

294 1234 362 1296 ideo
378 1241 501 1316 apparet
522 1235 661 1314 quoniam
684 1243 808 1314 possunt
822 1238 983 1314 segregari,
1007 1238 1147 1317 quoniam
1162 1240 1309 1319 recipiunt
1329 1237 1412 1299 verbi
1427 1231 1590 1318 interposi-

295 1337 417 1398 tionem.
440 1343 511 1417 puta
525 1334 615 1417 ‘apud
631 1337 785 1398 amicum’:
802 1338 971 1417 interpono,
988 1340 1013 1398 si
1029 1337 1104 1408 volo,
1119 1339 1217 1420 ‘apud
1230 1339 1313 1402 illum
1328 1342 1480 1411 amicum',
1497 1339 1590 1421 ‘apud

295 1445 324 1499 te
339 1439 493 1508 amicum';
510 1455 579 1500 eece
594 1439 759 1518 interposui
780 1446 897 1518 partem
918 1439 1069 1501 orationis.
1097 1441 1129 1501 in
1150 1440 1210 1502 illis
1231 1441 1503 1523 praepositionibus
1525 1460 1588 1503 non
1603 1459 1625 1496 ιο

294 1558 414 1622 possum
437 1540 553 1602 lacere:
576 1542 600 1602 sl
624 1540 704 1602 dicas
725 1542 847 1620 recipio,
871 1559 933 1602 non
954 1560 1076 1621 possum
1091 1542 1191 1605 dicere
1213 1547 1266 1606 ‘re
1280 1543 1362 1606 illum
1379 1545 1491 1625 cipio’;
1514 1563 1589 1604 con-

294 1644 381 1714 duco,
404 1661 463 1704 uon
486 1661 607 1724 possum
629 1642 729 1704 dicere
751 1648 827 1704 ‘oon
849 1642 904 1704 tihi
926 1644 1036 1714 duco’;
1058 1643 1179 1721 secubo,
1201 1663 1262 1708 non
1276 1665 1397 1728 possum
1419 1645 1520 1708 dicere
1541 1650 1590 1706 ‘se

293 1747 331 1809 ah
353 1746 404 1808 illo
427 1744 533 1807 cuho’.
578 1747 646 1825 quia
670 1764 730 1807 non
752 1753 851 1826 potest
872 1747 1024 1828 interponi
1045 1745 1170 1827 aliquid,
1203 1747 1419 1828 hincapparet
1445 1749 1589 1828 quoniam

294 1867 413 1930 semper
435 1847 605 1908 cohaerent.
650 1866 721 1928 ergo
743 1857 812 1909 sunt
836 1847 841 1929 Ι
864 1849 1101 1928 praepositiones
1122 1867 1241 1930 semper
1265 1849 1469 1913 cohaerentes.
1512 1851 1588 1911 item

293 1970 412 2032 semper
434 1968 495 2012 non
517 1949 719 2020 cohaerentes,
742 1949 773 2010 id
795 1957 843 2012 est
863 1967 1024 2029 numquam
1046 1951 1248 2022 cohaerentes,
1264 1961 1335 2013 sunt
1354 1951 1432 2022 illae,
1455 1951 1535 2032 apud
1558 1959 1627 2012 ets

292 2073 395 2136 penes.
431 2055 471 2114 ita
495 2053 573 2114 enim
596 2051 672 2121 dico,
696 2050 773 2130 apud
797 2053 939 2132 amicum,
963 2071 1057 2132 penes
1078 2051 1220 2122 arhitros;
1242 2073 1302 2115 non
1323 2073 1480 2134 possumus
1495 2072 1589 2116 unam

292 2163 407 2238 partem
429 2155 573 2217 orationis
596 2151 708 2222 iacere,
732 2153 956 2233 apudamlcum,
978 2161 1011 2215 ut
1032 2156 1073 2217 sit
1092 2173 1153 2217 una
1173 2174 1244 2237 pars
1266 2157 1422 2229 orationis,
1454 2176 1512 2218 neo
1532 2175 1590 2236 pe·

293 2257 474 2321 nesarhitros
496 2262 594 2337 potest
615 2254 787 2318 cohaerere.
828 2255 962 2337 reliquae
984 2274 1054 2319 vero
1084 2267 1113 2318 et
1134 2257 1297 2320 cohaerere
1325 2267 1451 2338 possunt
1472 2264 1502 2319 et
1523 2258 1589 2319 dis·

292 2363 382 2442 iungi,
406 2369 440 2422 ut
462 2367 507 2421 est
528 2366 599 2441 puta
622 2377 693 2438 pro:
724 2377 780 2439 pro
802 2361 898 2420 amico
919 2356 1035 2440 loquor,
1059 2378 1128 2422 ecce
1148 2360 1239 2422 modo
1260 2378 1321 2422 non
1341 2360 1490 2428 cohaesit;
1512 2377 1590 2440 pro-

291 2462 368 2534 tulit,
391 2461 479 2524 modo
502 2460 644 2523 cohaesit.
676 2459 813 2522 similiter
835 2480 918 2543 prae,
941 2479 1014 2542 prae
1036 2460 1147 2532 dolore,
1170 2462 1318 2542 praetulit.
1348 2459 1485 2523 similiter
1503 2468 1588 2530 ante,
1602 2479 1628 2518 ao

292 2575 359 2629 ante
382 2563 533 2645 templum,
558 2565 584 2625 si
605 2563 687 2624 dicas
709 2561 854 2634 antetulit,
879 2571 912 2626 ut
933 2573 979 2625 est
1000 2563 1197 2626 ‘antetulit
1222 2570 1420 2644 gressum’.
1460 2572 1591 2644 possunt

290 2667 358 2730 illae
380 2685 484 2729 omnes
506 2674 536 2727 et
558 2665 720 2727 cohaerere
742 2672 771 2726 et
793 2665 932 2746 disiungi.
977 2684 1050 2747 ergo
1077 2676 1147 2728 sunt
1174 2685 1250 2746 quae
1271 2685 1389 2747 semper
1410 2665 1588 2734 cohaerent,

290 2778 323 2832 ut
344 2769 494 2838 eonduoo;
516 2775 586 2830 sunt
607 2785 683 2849 quae
704 2785 822 2847 semper
845 2769 1064 2838 discernuntur,
1087 2777 1121 2829 ut
1141 2767 1220 2848 apud
1242 2775 1273 2829 et
1292 2786 1399 2848 penes;
1423 2773 1492 2828 sunt
1506 2783 1590 2844 quae

291 2881 321 2934 et
342 2872 504 2935 cohaerent
532 2879 561 2932 et
582 2870 803 2941 discernuntur,
835 2879 869 2933 ut
894 2869 1028 2949 reliquae
1049 2888 1162 2932 omnes.
1206 2873 1280 2932 istae
1302 2879 1372 2932 sunt
1399 2887 1471 2948 ergo
1492 2887 1589 2949 prae·

290 2976 462 3057 positiones.
1602 2991 1629 3034 es

174 3087 232 3150 51⁷,
247 3088 278 3138 ιι
375 3076 591 3157 Praepositioni
613 3093 706 3136 unum
730 3075 847 3145 accidit,
871 3093 957 3138 casus
978 3083 1104 3147 unum,
1127 3095 1183 3138 uec
1205 3094 1311 3138 omnes
1332 3093 1418 3138 casus
1432 3072 1512 3154 apud
1526 3073 1591 3135 La·

291 3183 378 3251 tinos,
401 3179 453 3242 sed
477 3179 536 3240 duo
558 3185 682 3248 tantum,
706 3181 889 3240 aecusativus
911 3186 941 3238 et
967 3177 1118 3240 ablatims.
1162 3177 1287 3258 legimus
1313 3180 1429 3239 iunctas
1455 3194 1590 3256 praepo-

290 3285 412 3345 sitiones
434 3288 463 3343 et
485 3282 581 3343 dativo
604 3281 693 3351 casui
716 3282 832 3342 iunctas
853 3282 1088 3360 praepositiones
1111 3289 1141 3342 et
1160 3283 1297 3360 genetivo
1319 3281 1410 3342 casui.
1440 3277 1493 3339 sed
1515 3278 1589 3340 ubi·

289 3385 341 3448 uhi
362 3387 512 3448 inveneris
527 3383 605 3464 apud
621 3383 742 3445 Latinos
763 3383 1013 3463 praepositionem
1035 3386 1164 3444 iunctam
1187 3382 1233 3446 vel
1255 3383 1352 3445 dativo
1375 3380 1420 3443 vel
1434 3381 1589 3460 genetivo,

219 3519 222 3524 Δ
291 3488 418 3549 elocutio
440 3496 494 3558 est,
517 3505 612 3565 genus
635 3493 681 3546 est
703 3485 888 3548 elocutionis.
933 3492 1066 3547 ceterum
1602 3505 1630 3545 so

491 3607 641 3651 crurum
663 3594 772 3649 tenus
795 3607 810 3650 a
833 3595 954 3649 mento
976 3587 1142 3668 palearia
1163 3587 1344 3667 pendent:

289 3701 375 3754 tenus
407 3693 458 3773 qui
491 3693 603 3754 neseiat
634 3690 882 3771 praepositionem
915 3691 999 3751 esse?
1034 3709 1155 3752 crurum
1184 3691 1235 3768 qui
1268 3689 1380 3750 nesciat
1412 3689 1590 3766 genetivum

289 3791 377 3856 esce?
400 3801 551 3856 ettamen
573 3811 669 3872 genus
690 3799 735 3852 est
757 3789 951 3873 elocultionis.
996 3808 1065 3852 nam
1087 3794 1137 3872 qui
1157 3797 1219 3853 tam
1240 3790 1348 3853 stultus
1370 3798 1425 3860 est,
1447 3797 1481 3850 ut
1501 3789 1592 3852 dicat

289 3897 539 3978 praepositionem
567 3894 775 3956 cohaerentem
806 3895 961 3970 genetivo?
993 3891 1053 3954 duo
1080 3904 1149 3956 sunt
1176 3911 1248 3972 ergo
1275 3911 1362 3954 casus
1393 3892 1446 3971 qui
1477 3898 1591 3953 tenent

288 3999 552 4081 praepositionem,
576 3997 760 4058 accusativus
782 4003 811 4056 et
833 3993 985 4058 ablativus.
1018 3996 1095 4076 apud
1110 3995 1233 4056 Latinos
1254 3993 1323 4056 illae
1344 3993 1589 4074 praepositiones
1602 4014 1630 4054 sa

291 4099 395 4182 [quae]
423 4107 494 4162 sunt
521 4099 702 4160 accusativae
727 4114 784 4158 uec
811 4105 937 4176 possunt
963 4098 1045 4177 iungi
1074 4095 1215 4168 ablativo,
1244 4105 1315 4176 puta
1341 4095 1378 4156 ad
1406 4094 1484 4175 apud
1510 4104 1588 4157 ante

289 4203 445 4264 adversum
466 4201 509 4262 cis
532 4202 604 4261 citra
628 4207 659 4260 et
680 4197 820 4276 rehquae.
851 4199 925 4259 istae
940 4217 1046 4260 omues
1069 4207 1126 4260 hm
1150 4197 1316 4278 singulares
1338 4215 1428 4277 quam
1449 4195 1588 4278 plurales

288 4311 371 4375 sunt,
400 4302 478 4384 apud
511 4303 637 4364 amicum
670 4299 749 4382 apud
784 4301 908 4372 amicos,
940 4319 1035 4382 penes
1056 4300 1202 4365 arbitrum
1230 4319 1323 4382 penes
1349 4298 1494 4371 arbitros,
1525 4319 1587 4381 per

359 4545 374 4594 7
393 4543 491 4609 aliquid
508 4557 555 4594 om.
575 4541 661 4594 ΑΒΘ
708 4539 726 4592 8
745 4548 851 4607 apparet
865 4556 933 4595 corr.
953 4547 1010 4591 -ent
1025 4540 1051 4590 A
1068 4548 1192 4608 apparent
1210 4539 1261 4592 ΒΘ
1312 4531 1348 4592 ll
1363 4541 1424 4590 item
1442 4555 1495 4590 non
1512 4554 1586 4591 sean-

289 4629 335 4679 per
348 4614 512 4666 cohaerentes
530 4613 613 4664 ΑΒΘ
663 4612 694 4663 21
714 4606 839 4676 antetulit]
863 4613 942 4676 Verp.
959 4611 1025 4662 Aen.
1044 4613 1080 4662 Vl
1096 4611 1148 4663 677
1200 4607 1585 4678 a1cr=1rum1Verp,pm‚

290 4683 372 4735 11153
442 4680 765 4750 pendecorr.pendetA
836 4680 870 4731 32
895 4697 953 4732 esse
973 4683 1063 4744 priore
1086 4681 1477 4744 incommoaten'oreonc
1497 4680 1590 4732 ABG

358 4753 392 4806 38
409 4762 460 4805 tam
476 4769 523 4808 om.
540 4752 624 4804 ΑΒΘ
691 4751 725 4803 36
742 4765 807 4815 quae
827 4759 887 4802 sunt
903 4753 1065 4804 accusatinae
1084 4760 1144 4803 arsut
1159 4752 1185 4802 Α
1204 4765 1269 4815 quae
1283 4760 1343 4801 snat
1357 4751 1520 4801 accusatione
1535 4765 1589 4802 ac-

288 4824 418 4876 cusatione
436 4831 496 4874 sunt
512 4839 529 4874 a
598 4821 655 4892 nec]
678 4837 727 4873 non
743 4823 765 4872 Θ
