3350 5442
610 367 847 432 communivit
1310 360 1372 428 287

1190 486 1213 527 p.
1227 474 1272 515 tto.
1283 476 1309 515 2'1
1322 471 1346 512 l..

86 557 237 626 unumssi
252 556 369 617 tenuius
384 562 478 624 sonet,
496 573 551 634 per
573 555 639 626 duo,
664 557 689 617 si
710 557 852 635 pinguius
874 564 967 618 sonet.
998 563 1068 637 puta
1083 554 1208 635 llargus;
1231 554 1375 616 debemus

88 659 187 720 dicere
208 657 317 736 largus.
341 665 375 719 ut
395 659 504 737 pingue
525 664 624 726 sonet;
649 660 724 719 etsi
746 657 827 720 dicas
848 657 918 729 llex,
941 676 1001 720 nou
1024 657 1085 720 lex:
1109 660 1211 719 vitiosa
1229 665 1300 718 sunt
1321 675 1376 737 per

88 760 306 822 labdaeismum.
351 761 422 820 item
445 760 476 820 in
498 761 616 838 gemino
638 757 648 818 l
672 751 805 838 [quando
827 759 939 821 suerint
960 759 1019 822 duo
1040 759 1080 841 l],
1110 761 1133 821 si
1160 754 1288 821 volueris
1309 756 1396 839 pin·'

88 865 173 940 guius
195 881 310 932 sonare,
334 863 359 921 si
382 860 514 922 dicemus
535 860 660 922 hlctelus
683 860 810 923 Catulus.
855 863 885 923 in
911 861 958 923 bis
980 864 1067 924 etiam
1095 863 1282 942 agnoscimus
1303 879 1375 939 gen-

65 966 160 1026 stium
183 967 266 1033 vitia;
289 961 476 1025 labdacismis
499 969 615 1024 scatent
635 962 706 1033 lllri,
729 981 798 1024 raro
820 971 866 1024 est
886 973 920 1025 ut
941 963 1046 1043 aliquis
1068 963 1146 1025 dicat
1167 962 1191 1023 l:
1216 981 1271 1043 per
1285 960 1377 1040 gemi-

86 1086 157 1128 num
179 1065 189 1125 l
212 1067 255 1126 sic
276 1064 416 1127 locuntur·
438 1065 572 1132 Romani,
597 1081 700 1125 omnes
723 1064 822 1126 Latini
843 1067 886 1127 sic
908 1064 1064 1135 locuntur,
1087 1063 1218 1127 Catullus
1232 1063 1375 1125 Metellus.

171 1163 377 1249 llvotacismus
400 1174 452 1235 est,
476 1167 614 1246 quotiens
641 1168 721 1227 inter
748 1166 821 1228 duos
843 1166 959 1230 vocales
986 1185 1016 1227 m
1043 1168 1171 1247 positum
1194 1168 1377 1247 exprimitur.

87 1279 117 1330 ut
137 1273 163 1330 si
186 1269 267 1331 dicas
288 1269 457 1330 ‘bominem
480 1269 638 1337 amicum',
669 1272 836 1330 ‘oratorem
859 1271 1032 1350 optimum’.
1077 1287 1136 1330 non
1166 1269 1245 1330 enim
1267 1267 1449 1337 viderhem,
1464 1277 1496 1325 14

87 1371 187 1434 dicere
210 1371 378 1432 ‘hominem
402 1371 564 1441 amicum',
595 1369 648 1430 scd
670 1369 791 1432 homine
813 1374 984 1442 mamicum‚
1014 1371 1093 1451 quod
1115 1378 1160 1432 cst
1181 1371 1378 1448 incongruum
1401 1365 1430 1412 -'
1536 1365 1539 1370 ’

55 1484 118 1534 root
145 1476 354 1535 inconsonans.
405 1471 540 1534 similiter
572 1475 739 1534 ‘oratorem
773 1475 944 1553 optimum’,
978 1473 1087 1534 videris
1114 1471 1214 1534 dicere
1243 1475 1380 1532 ‘oratore

87 1578 292 1656 moptimum'.
343 1574 450 1638 bonam
485 1575 629 1636 rationem
664 1575 736 1636 dixit
767 1574 918 1645 Melissus,
957 1593 1014 1656 quo
1042 1574 1131 1636 modo
1158 1574 1309 1635 mundum
1336 1580 1381 1634 est

88 1679 143 1740 boc
166 1679 283 1748 vitium,
308 1695 345 1737 ne
366 1679 554 1738 incurramus
568 1679 599 1738 in
621 1676 701 1738 aliud
725 1679 834 1738 vitium.
882 1676 1059 1756 plerumque
1081 1678 1161 1737 euim
1183 1685 1235 1737 aut
1256 1693 1378 1755 suspen-

87 1782 168 1842 sione
205 1781 413 1859 pronuntiatur
450 1786 500 1839 aut
537 1777 719 1840 exclusione:
770 1781 965 1860 suspensione
1003 1780 1230 1857 pronuntiatur,
1273 1780 1298 1840 si
1336 1776 1380 1838 di-

88 1899 136 1942 ces
179 1881 348 1942 ‘hominem
386 1881 546 1950 amicum’,
592 1879 778 1962 [interponas
819 1880 929 1961 aliquid
968 1879 1053 1961 puta]
1097 1881 1267 1942 ‘oratorem
1304 1881 1380 1959 opti·

54 1987 204 2053 remum';
248 1991 299 2044 aut
331 1989 426 2051 certe,
462 1981 466 2064 Ι
500 1984 526 2044 si
565 1981 637 2044 velis
671 1982 844 2054 excludere,
883 1983 1023 2043 ‘bomine
1059 1984 1214 2054 amioum'‚
1243 1987 1380 2044 'oratore

88 2087 263 2166 optimum’.
313 2102 367 2145 nos
396 2083 465 2164 quid
494 2085 579 2164 sequi
606 2084 767 2147 debemus?
807 2084 896 2164 quid?
930 2103 986 2164 per
1012 2087 1239 2165 suspensionem
1266 2090 1380 2145 tentum

88 2188 186 2248 modo.
240 2205 297 2265 qua
325 2187 458 2246 ratione?
493 2188 560 2267 quia
587 2188 612 2246 si
640 2187 750 2248 dixeris
777 2205 831 2266 per
858 2189 1084 2267 suspensionem
1110 2186 1280 2247 ‘bominem
1308 2187 1380 2246 anri·

89 2295 186 2359 cum’,
211 2296 241 2350 et
262 2287 319 2348 boc
342 2290 442 2350 vitium
467 2288 579 2356 vitabis,
604 2291 841 2368 myotacismum,
866 2296 896 2349 et
916 2307 978 2350 non
1005 2288 1093 2350 cades
1115 2289 1143 2350 in
1167 2287 1246 2350 aliud
1269 2289 1380 2358 vitium,

86 2392 116 2478 id
139 2399 186 2452 εει
208 2392 239 2451 ιιι
262 2390 382 2451 blatum.
415 2409 481 2451 nam
506 2391 530 2452 si
553 2389 680 2451 volucris
702 2390 802 2453 dicere
825 2391 965 2452 ‘homine
987 2393 1140 2460 amicum’,
1164 2393 1238 2451 vitas
1260 2389 1381 2469 quidem

54 2495 325 2573 somyotacismum
349 2511 409 2553 non
433 2499 531 2553 tamen
554 2494 626 2554 vitas
648 2492 770 2554 blatum.
816 2511 884 2554 nam
906 2492 1004 2554 hiatus
1027 2500 1086 2561 εει,
1111 2490 1229 2572 quando
1249 2489 1381 2551 vocalem

88 2594 143 2656 alia
167 2593 278 2655 vocalis
299 2594 448 2672 sequitur,
472 2593 501 2654 id
526 2601 570 2654 est
592 2595 729 2671 quotiens
752 2603 819 2674 post
841 2589 972 2656 vocalem
994 2593 1085 2656 altera
1109 2593 1217 2654 vocalis
1238 2594 1379 2673 sequitur.

87 2704 159 2758 tune
182 2698 301 2775 gravius
323 2701 422 2755 tamen
445 2695 501 2755 boc
524 2697 555 2756 fit
577 2697 687 2771 vitium,
711 2697 737 2756 si
760 2695 863 2757 eadem
886 2695 995 2757 vocalis
1016 2703 1167 2776 sequatur.
1196 2702 1267 2776 puta
1283 2694 1382 2756 ‘hlusa

88 2800 216 2859 amavit'
240 2799 324 2878 peius
347 2805 399 2865 est,
424 2815 511 2877 quam
534 2797 635 2859 ‘Musa
658 2797 789 2868 babuit’,
813 2797 912 2874 'blusa
935 2798 1080 2859 edocuit’.
1112 2815 1183 2876 crgo
1205 2795 1304 2858 hiatus
1327 2805 1381 2867 est,

87 2901 229 2981 quotiens
252 2897 382 2960 vocalem
405 2896 496 2959 altera
521 2899 628 2962 vocalis
649 2901 792 2980 sequitur.
838 2919 931 2982 quare
953 2902 979 2961 si
1005 2899 1078 2960 illud
1106 2901 1199 2960 vitare
1227 2897 1380 2970 debemus,

53 3021 125 3064 nne
148 3005 181 3063 in
206 3000 332 3062 eandem
355 3000 485 3065 vocalem
509 3002 602 3071 cadat,
627 3002 731 3063 melius
754 3009 799 3063 est
821 3004 937 3064 vitetur.

175 3100 306 3164 Conlisio
329 3109 384 3172 est,
408 3104 545 3182 quotiens
567 3102 659 3164 altera
681 3123 750 3183 pars
771 3107 803 3165 in
825 3103 950 3166 alteram
971 3103 1195 3166 similitudinem
1218 3102 1383 3164 litterarum
1395 3117 1453 3180 445,
1468 3117 1500 3166 ιι

87 3205 133 3266 rel
156 3205 294 3284 coeperit
315 3204 361 3264 vel
383 3205 506 3274 finierit,
530 3205 559 3265 id
582 3212 626 3266 est
648 3207 673 3266 si
696 3206 732 3267 ab
754 3225 788 3268 ea
810 3215 895 3287 parte
916 3205 1036 3267 inchoet
1057 3204 1112 3267 alia
1138 3224 1208 3286 pars
1230 3205 1382 3275 orationis,

87 3310 117 3367 in
135 3323 228 3385 quarn
247 3304 333 3367 desiit
349 3306 413 3376 illa,
437 3314 488 3368 aut
505 3316 587 3368 certe
610 3310 636 3368 si
656 3307 692 3368 ab
713 3311 786 3388 ipsis
802 3308 922 3390 syllabis
939 3308 1081 3377 inchoent
1096 3308 1207 3369 multae
1227 3314 1336 3387 partes,
1352 3314 1386 3367 ut

245 3408 368 3469 oTite
391 3417 468 3470 tute
491 3409 575 3469 Tati
597 3410 667 3471 tibi
691 3418 790 3471 tanta
813 3419 971 3491 tyranne
997 3410 1138 3481 tulisti,

160 3601 174 3650 1
195 3599 280 3648 tenuis
298 3606 371 3648 sonet
388 3596 465 3648 BOS
569 3599 672 3664 pinguis
691 3605 763 3647 sonet
782 3599 857 3650 BOS
952 3607 1014 3664 puta
1033 3598 1141 3664 llurgus
1160 3598 1283 3647 debemus
1301 3597 1385 3646 dicere

88 3671 179 3736 largus
201 3668 310 3733 (llargus
328 3667 367 3731 B)
392 3677 419 3716 ιιι
440 3667 545 3734 pinguis
563 3679 635 3719 sonet
660 3670 681 3716 si
700 3667 769 3718 dicas
789 3669 829 3719 lex
854 3683 904 3718 non
923 3668 964 3717 lex
981 3668 1033 3718 BS
1050 3678 1111 3732 puts
1130 3668 1136 3717 l
1156 3668 1245 3733 largus
1263 3666 1384 3716 debemus

88 3739 176 3788 dicere
196 3738 205 3787 l
225 3744 252 3786 ut
268 3739 374 3804 pinguis
389 3745 462 3786 sonet
481 3738 568 3805 largus
584 3740 606 3787 sl
622 3739 693 3788 dices
710 3737 750 3787 lex
768 3753 817 3788 nou
837 3737 916 3789 lexO
983 3738 1000 3788 3
1018 3738 1123 3804 pinguls
1139 3752 1232 3786 sonere
1247 3734 1321 3787 Bos

86 3811 103 3860 4
122 3806 246 3858 ιιιειειιιιε
260 3807 369 3858 catullus
382 3807 427 3857 08
444 3808 558 3858 metellus
573 3807 678 3858 entellus
698 3809 722 3858 B
791 3809 807 3858 5
826 3809 889 3857 tritis
904 3806 1045 3860 iotacismis
1057 3808 1208 3871 (iotacismis
1221 3821 1266 3856 orn.
1285 3807 1306 3857 0
1321 3807 1385 3855 iots-

87 3878 188 3929 elssimi
207 3877 269 3929 add.
287 3877 314 3940 c)
332 3885 430 3926 scatent
448 3877 496 3926 siri
516 3893 572 3927 roro
586 3889 625 3928 est
643 3889 670 3929 nt
681 3877 773 3942 aliquis
792 3878 859 3927 dicat
874 3878 881 3927 l
898 3876 1060 3926 labdaeismis
1074 3891 1120 3942 per
1138 3878 1266 3943 geminum
1287 3877 1294 3925 l
1310 3874 1384 3925 BOS.

87 3949 301 3998 labdueismornm
319 3949 378 3998 vitia
393 3946 468 4008 Afris
485 3949 570 3998 tribuit
593 3948 707 3998 [sidorne
725 3951 789 4013 erip.
810 3951 817 3996 l
835 3945 879 4010 31,
898 3947 924 3998 8.
942 3947 1074 4010 Pompeios
1092 3956 1172 3997 autem
1188 3949 1235 3997 hoc
1250 3945 1386 4011 reprehen-

87 4020 150 4070 dere
169 4018 280 4081 ιιὶάιιιιι,
300 4017 368 4082 qnod
382 4031 430 4079 pro
443 4031 492 4066 nno
509 4018 518 4067 l
533 4019 582 4069 dno
596 4019 755 4083 pronuntient
840 4016 858 4066 8
873 4019 1051 4067 meotscismus
1068 4015 1151 4067 BOP
1169 4017 1348 4067 moetacismus
1364 4012 1386 4063 S

157 4089 177 4140 9
201 4089 249 4138 sed
268 4087 368 4138 homine
387 4101 428 4136 ma
447 4087 594 4140 umieumS
685 4089 715 4139 ll
738 4085 904 4137 mellissusS
974 4086 1007 4137 13
1032 4085 1189 4153 exclusione]
1209 4086 1385 4136 exsolutione

88 4157 166 4210 1308
242 4157 273 4208 14
292 4158 438 4222 interpones
454 4157 495 4207 B:
513 4159 549 4209 ud
565 4159 636 4208 alind
649 4159 802 4222 mpotacismi
813 4157 910 4207 nitendi
925 4172 1006 4222 penno
1021 4155 1067 4206 hoe
1082 4157 1210 4219 pertinere
1226 4156 1334 4219 uidetur,
1352 4155 1386 4204 de

88 4244 136 4294 qno
154 4229 227 4280 dixti
250 4229 396 4280 Consentius
417 4245 445 4292 p.
461 4225 494 4277 19
512 4229 551 4280 ed.
572 4228 674 4290 Buttm,
702 4227 778 4276 huius
796 4227 850 4276 vitii
875 4227 1014 4276 remedium
1036 4235 1076 4276 est
1093 4228 1213 4291 primum,
1232 4235 1268 4288 ut,
1286 4225 1385 4290 quoties

89 4301 127 4349 sie
148 4308 244 4359 sonet,
269 4313 331 4363 pars
354 4297 476 4347 orationis
500 4299 585 4361 ulique
605 4299 780 4362 interponatur
797 4311 847 4346 non
865 4296 979 4346 evocsli
997 4297 1122 4360 incipieus
1208 4306 1271 4361 putu
1287 4310 1334 4348 om.
1356 4295 1385 4356 C,

89 4369 184 4423 udde
258 4367 291 4418 tt
310 4382 355 4433 per
373 4383 418 4419 om.
439 4367 459 4416 o·
528 4367 560 4418 17
579 4369 600 4418 si
618 4383 663 4421 om.
686 4368 708 4418 0
777 4367 809 4417 18
829 4366 1014 4416 miotaoismnm
1033 4367 1227 4415 Pmeotucismi
1246 4365 1299 4415 BG
1317 4379 1386 4414 moe-

89 4439 193 4488 tscismi
212 4437 237 4487 P
307 4437 340 4490 19
363 4438 388 4486 in
407 4436 490 4486 hiatus
508 4436 615 4488 BCSP
683 4437 717 4488 20
737 4437 920 4486 miotaelsmum
939 4437 965 4485 P
979 4437 1170 4485 nreotscismum
1185 4435 1238 4486 Be
1253 4435 1385 4484 moetocis-

89 4523 159 4558 mum
178 4509 203 4559 S
273 4521 323 4558 non
342 4502 437 4573 temen]
458 4507 504 4556 sed
523 4507 613 4556 conc
698 4506 731 4558 23
751 4521 826 4570 quam
846 4506 915 4570 quod
931 4521 1004 4555 muso
1023 4504 1203 4555 hebuitBCS
1220 4520 1296 4568 qoam
1318 4504 1387 4567 quod

91 4593 165 4629 musa
184 4577 249 4627 abiit
267 4578 293 4627 P
377 4577 411 4628 nt
430 4577 503 4640 quasi
522 4577 584 4626 illud
604 4573 677 4639 (qula
695 4577 718 4626 si
736 4575 798 4626 illud
817 4575 853 4637 B)
875 4576 955 4624 uitare
976 4575 1098 4625 debemus
1116 4574 1209 4624 mellus
1236 4582 1276 4625 εει
1302 4589 1333 4623 ne
1359 4575 1385 4622 in

91 4651 182 4699 eadem
198 4648 316 4697 uocalem
331 4647 404 4698 eadat
421 4647 516 4696 uitetur
537 4646 610 4698 BOS
627 4644 762 4710 quiaillud
783 4647 862 4696 uitare
880 4644 1003 4694 debemus
1015 4645 1106 4696 melius
1120 4653 1166 4708 est,
1185 4659 1217 4694 ue
1235 4643 1261 4693 in
1279 4643 1387 4694 eandem

91 4719 209 4768 vocalem
229 4718 312 4778 cadat,
332 4723 411 4767 toturn
430 4718 522 4766 vitetur
542 4717 727 4768 Lindenmnnns
796 4715 830 4767 29
849 4729 864 4764 o
880 4717 925 4765 tite
942 4724 995 4766 tute
1011 4715 1057 4764 teti
1073 4713 1117 4764 tibi
1136 4717 1159 4768 S
1175 4730 1190 4766 o
1209 4715 1254 4764 tite
1272 4715 1316 4764 teti
1334 4721 1387 4763 tute

91 4789 137 4838 ttbt
157 4787 186 4838 B
212 4797 290 4842 ono.
310 4795 360 4838 tete
380 4785 436 4853 (tite
453 4785 478 4851 c)
503 4787 548 4838 tibi
565 4787 598 4838 0:
619 4801 634 4837 o
653 4787 699 4858 tite¹
723 4793 774 4837 tste
799 4785 844 4835 tibi
869 4794 922 4836 tota
943 4792 1014 4835 mute
1032 4796 1138 4850 ιριειιεε
1157 4785 1238 4836 tulisti
1256 4783 1288 4833 P.
1317 4781 1385 4836 Enn.

92 4861 179 4914 annot.
199 4857 277 4909 1113
294 4858 335 4908 ed.
355 4856 430 4908 Vati.
