3350 5442
301 318 365 384 448
854 314 1038 378 avareffls

329 441 349 482 p.
365 429 408 470 153.
422 425 483 469 5412.
1390 433 1412 474 p.
1426 419 1527 460 sits-45
1541 418 1564 459 Ρ.

303 509 359 570 hus
387 515 455 569 ante
483 507 600 568 finalem
623 526 649 567 ω
672 507 801 567 inventis
828 504 966 567 ordinem
993 523 1046 565 sex
1073 504 1316 582 coniugationum
1339 502 1506 581 significan
1526 500 1590 571 alia,

303 629 378 690 quae
400 610 591 670 circmnllexo
614 614 738 669 accentu
765 608 881 689 prolata
904 607 981 688 apud
1004 626 1055 668 eos
1077 609 1143 668 iure
1166 603 1403 686 περισπωμένη
1425 607 1593 666 nominatio

303 721 332 773 et
355 732 390 773 ex
414 711 565 772 vocalibus
587 713 617 771 in
641 710 771 771 secunda
793 729 921 791 persona
943 712 1074 772 inventis
1088 709 1226 770 ordinem
1245 711 1338 769 trium
1352 710 1593 786 coniugationum

304 815 448 885 ostendit;
480 822 509 875 ct
531 815 636 883 tertia,
665 831 754 893 quam
777 831 812 872 er
833 813 915 874 finali
938 814 1149 877 terminatione
1171 813 1203 871 in
1225 830 1262 891 μι
1284 811 1472 874 desinentem
1494 810 1595 870 dicunt

303 939 322 974 a·
351 917 421 978 licet
443 919 474 977 in
497 918 601 996 paucis
623 914 723 976 verbis
745 922 881 994 quartam
902 914 1013 976 habent
1034 916 1283 993 coniugationem.
1316 913 1416 975 Latini
1439 931 1526 983 vero,
1556 915 1611 972 si-.=

305 1027 355 1080 cut
377 1021 409 1079 in
431 1018 498 1079 aliis
520 1018 636 1087 mcdtiS,
666 1035 721 1078 nee
749 1035 873 1097 prorsus
900 1020 1000 1078 omnia
1028 1017 1167 1078 videntur
1188 1015 1300 1078 hahere
1323 1011 1328 1096 Ι
1352 1018 1593 1094 coniugationum

307 1123 418 1182 indicia
440 1138 495 1180 nec
517 1123 627 1180 iterum
649 1137 752 1180 carere
775 1122 896 1199 penitus
919 1119 1068 1181 omnibus.
1101 1139 1169 1182 narn
1192 1121 1224 1180 in
1246 1138 1272 1179 ω
1293 1120 1542 1180 terminationem
1562 1137 1594 1177 ox

305 1230 389 1304 parte
412 1222 550 1282 videntur
573 1223 701 1292 imitari,
729 1242 748 1283 o
773 1207 961 1284 terminalem
988 1224 1103 1302 primae
1126 1239 1271 1302 personae
1294 1223 1325 1282 in
1347 1221 1502 1300 plerisque
1525 1229 1593 1279 tem·

306 1325 431 1407 poribus
459 1323 614 1385 habentes.
658 1343 785 1403 cumque
813 1327 873 1386 sint
906 1325 1005 1386 omnia
1037 1319 1129 1384 verba
1158 1323 1278 1402 linguae
1310 1331 1416 1385 natura
1448 1321 1595 1389 llomanae

305 1422 492 1507 βαρύτονα,
521 1426 576 1487 hoc
604 1434 649 1488 est
675 1434 778 1488 tenore
806 1445 928 1506 prorsus
950 1429 982 1487 in
1004 1427 1063 1487 tine
1085 1427 1234 1495 carentia,
1257 1443 1313 1486 nec
1333 1431 1439 1487 tamen
1461 1428 1595 1505 proprie·
1608 1446 1623 1479 o

307 1538 367 1592 tate
395 1528 655 1590 circumllexorum
682 1537 800 1598 carent,
831 1547 867 1589 cx
895 1529 988 1590 vocali
1017 1527 1165 1589 secundae
1187 1546 1331 1607 personae
1353 1529 1596 1606 coniugationum

275 1665 278 1673 ·
307 1633 444 1694 ordinem
471 1629 668 1692 ostendentia.
700 1627 714 1712 ll
743 1630 795 1691 sed
823 1649 891 1691 curn
920 1631 1069 1692 secundae
1097 1647 1244 1710 personae
1271 1628 1442 1692 observatio
1468 1628 1597 1710 syllabae

307 1733 486 1803 terminalis,
510 1751 545 1792 ex
561 1752 619 1812 qua
635 1732 751 1794 dinosci
766 1735 991 1811 coniugationes
1013 1734 1123 1793 artium
1139 1733 1302 1811 scriptores
1323 1731 1500 1800 voluerunt,
1525 1732 1596 1812 apud

307 1837 454 1896 Romanos
476 1836 596 1914 penitus
619 1843 664 1920 est
685 1837 815 1905 incerta,
839 1837 909 1915 quia
925 1854 984 1896 non
999 1837 1115 1895 ratione
1130 1836 1267 1912 cogimur
1288 1833 1388 1914 aliqua
1409 1834 1513 1895 scribo
1528 1837 1597 1894 seri·

307 1937 354 1998 bis
382 1936 505 1997 verbum
539 1938 645 1997 tertiae
673 1939 768 2016 magis
796 1956 832 1998 au
862 1936 977 1999 scribas
1004 1922 1120 2016 primae
1148 1944 1177 1997 et
1199 1934 1277 1996 cubo
1299 1935 1391 1997 cubas
1413 1939 1445 1996 in
1468 1937 1649 2007 secumdao}

306 2057 435 2119 persona
462 2057 500 2098 an
528 2037 614 2098 cubis
642 2041 815 2108 enuntiare,
846 2038 977 2100 conabor
1005 2058 1041 2099 ex
1059 2041 1180 2119 prima,
1209 2041 1300 2099 sicuti
1321 2039 1448 2118 possim,
1471 2057 1598 2119 persons
1648 2080 1649 2121 ,

307 2140 492 2201 dillerentias
519 2141 762 2218 coniugationum
790 2142 932 2220 quasdam
960 2141 1133 2210 ostendere,
1161 2148 1223 2200 tam
1245 2140 1362 2200 vocales
1383 2158 1472 2220 quam
1496 2160 1597 2201 conso

308 2248 415 2304 nantes
438 2248 506 2303 ante
529 2260 547 2301 o
568 2241 614 2302 vel
637 2261 671 2303 or
692 2243 810 2306 finalem
832 2245 992 2322 positionis
1014 2242 1099 2304 verbi
1122 2242 1328 2313 considerans,
1352 2245 1463 2304 notatis
1485 2243 1598 2304 scilicet
1648 2282 1649 2319 ,

307 2344 450 2406 anomalis
478 2343 523 2404 vel
551 2344 721 2415 defectivis,
751 2347 782 2406 in
810 2345 921 2425 quihus
949 2345 1124 2425 plerumque
1151 2347 1228 2405 ratio
1255 2344 1355 2406 delicit
1376 2344 1547 2422 analogiae,
1569 2354 1597 2404 ut
1648 2332 1649 2339 ἵ

307 2465 374 2508 sum
395 2446 518 2526 prosum
539 2447 662 2526 inquam
684 2447 757 2508 codo
780 2447 835 2509 edo
858 2449 926 2509 laxo
941 2447 1028 2508 sodes
1044 2466 1095 2509 ave
1110 2448 1182 2507 ierit
1203 2447 1268 2508 iniit
1290 2455 1321 2507 et
1343 2447 1512 2518 similibus;
1534 2448 1626 2508 licets

309 2551 340 2610 in
367 2549 416 2609 his
444 2550 518 2628 ipsis
545 2549 690 2629 quaedam
718 2558 801 2620 sunt,
830 2568 907 2630 quae
938 2568 974 2611 er
997 2553 1063 2629 ipsa
1084 2548 1282 2611 similitudine
1303 2549 1456 2610 finalitatis
1478 2559 1599 2629 possunt

309 2659 479 2713 ceterorum
501 2651 615 2729 regulis
637 2651 779 2713 oboedire
801 2652 972 2713 verborum.
1162 2636 1170 2654 ’

395 2754 470 2814 dnte
492 2754 666 2833 specialium
682 2764 781 2816 tamon
797 2756 1014 2833 expositionem
1028 2754 1200 2832 regularum
1222 2755 1306 2833 prius
1328 2753 1440 2833 aliquid
1462 2753 1598 2832 generale

310 2858 346 2917 de
374 2857 429 2918 hac
456 2854 649 2932 ambiguitate
678 2859 919 2935 coniugationum
947 2855 1073 2916 delinire
1106 2854 1259 2935 temptabo
1287 2876 1307 2912 rr
1327 2855 1407 2935 quod
1433 2855 1596 2916 inchoativa

311 2959 446 3037 quidem,
475 2975 550 3036 quae
578 2976 695 3038 semper
723 2958 885 3019 derivativa
911 2965 980 3018 sunt
1008 2976 1064 3018 nec
1098 2957 1242 3018 a-verbis
1269 2965 1384 3019 mutum
1411 2957 1516 3027 modo,
1551 2957 1650 3053 seda·

311 3062 400 3122 etiam
423 3079 439 3120 a
462 3058 632 3120 nominihus
654 3060 843 3128 derivantur,
867 3066 897 3120 et
921 3056 934 3140 ll
957 3062 989 3120 in
1011 3077 1062 3120 sco
1084 3060 1179 3120 solum
1201 3059 1341 3121 desinunt
1367 3068 1399 3120 et
1424 3061 1516 3121 unius
1539 3067 1596 3121 ton·

311 3171 374 3222 tum
397 3159 483 3222 modo
505 3169 575 3222 sunt
597 3161 735 3222 omnibus
757 3161 939 3241 artigraphis
960 3164 993 3222 in
1014 3161 1071 3221 hoc
1093 3161 1347 3223 consentientibus
1367 3162 1476 3223 tertiae
1500 3164 1596 3222 ceniu-

313 3265 456 3341 gationis,
485 3267 518 3321 ut
546 3262 675 3326 hebesco
697 3263 813 3324 calesco
842 3265 1022 3343 pertimesco
1044 3281 1187 3325 evanesce
1208 3271 1356 3325 tremesco
1377 3272 1511 3324 torresco
1533 3263 1594 3324 bor·

382 3486 396 3536 1
417 3481 448 3550 ω]
467 3499 483 3534 o
502 3483 558 3533 BP
608 3485 625 3534 4
644 3486 670 3534 in
687 3500 720 3549 μι
735 3484 892 3535 dmluontem
910 3483 1029 3542 dicante
1046 3485 1073 3534 in
1090 3500 1112 3534 ω
1128 3482 1169 3549 (in
1186 3480 1261 3546 cir'B)
1278 3483 1437 3534 desinentem
1451 3483 1539 3534 dicunt
1553 3484 1597 3533 BP

313 3560 337 3608 iu
357 3571 374 3606 a
394 3555 550 3605 desinentem
569 3553 656 3605 dicunt
673 3563 684 3604 t
699 3553 725 3602 in
745 3571 759 3603 o
785 3554 959 3605 dessinentem
978 3553 1066 3621 dicunt
1083 3553 1107 3603 id
1128 3563 1167 3603 est
1187 3567 1296 3605 sesenna
1314 3556 1407 3619 correp
1422 3555 1553 3619 adscripta
1573 3556 1595 3602 ic

313 3642 393 3691 marg.
413 3625 504 3691 plesse
519 3639 626 3678 aruceus
640 3625 783 3674 nominatur
796 3626 870 3674 tertia
886 3626 904 3679 i.
926 3624 1022 3674 ocoelis
1038 3625 1098 3688 quia
1116 3614 1280 3687 sonabitur!
1359 3625 1376 3674 5
1394 3625 1456 3674 lieet
1471 3625 1498 3672 in
1514 3623 1593 3690 paucis

314 3697 400 3748 uerbis
418 3703 533 3758 quartem
552 3685 692 3758 ὀξύτονον
708 3693 819 3744 babeant
833 3695 1067 3760 oonirrgstionems
1082 3694 1140 3744 lieet
1157 3695 1183 3743 in
1198 3694 1287 3758 paucis
1306 3694 1401 3758 uerbis,
1419 3701 1537 3758 quattuor
1554 3692 1593 3741 ln-

263 3795 266 3801 ‘
313 3770 355 3818 bet
373 3764 568 3831 coniugationes
581 3764 684 3814 wniecit
702 3765 898 3819 Lindemounas.
924 3765 1051 3815 excidisse
1062 3767 1147 3829 petrin
1162 3766 1261 3814 viderier
1277 3763 1366 3815 diemo
1379 3764 1593 3829 ωηίυραείοωῐκ

314 3854 355 3904 μι,
373 3851 447 3901 quam
459 3836 539 3898 ipsam
553 3848 650 3900 quoqne
664 3843 716 3885 tres
730 3837 828 3899 species
843 3834 969 3885 extribus
981 3833 1110 3885 ordinibus
1124 3837 1306 3900 coniugationis
1321 3836 1500 3900 mrcwmieaeoe
1512 3833 1592 3882 metm

313 3906 408 3958 loedere
428 3907 559 3956 columne
574 3906 743 3968 praetermisi,
762 3904 850 3970 quibus
868 3905 966 3955 accedit
984 3913 1078 3972 quarte
1102 3893 1160 3954 ἀπὸ
1180 3902 1232 3970 τῆς
1252 3898 1336 3970 ἕκτης
1359 3901 1417 3956 τῶν
1437 3893 1592 3969 βαρυτόνων

314 3977 401 4038 (Dion.
424 3973 484 4023 Thr.
500 3988 528 4037 p.
549 3973 609 4036 639,
629 3975 675 4036 25)
758 3972 868 4025 babeant
885 3977 911 4025 P
992 3974 1142 4038 lsortasce
1158 3986 1172 4021 o
1188 3972 1346 4023 terminalem
1384 3974 1464 4022 druse
1480 3985 1591 4037 personae

315 4044 455 4112 praesentis
473 4045 594 4108 temporis
608 4044 633 4091 iu
651 4044 778 4109 plerisque
796 4043 919 4095 hebentes
973 4043 1176 4109 repositionem
1190 4043 1215 4092 P
1262 4042 1292 4092 21
1309 3989 1382 4110 euml
1395 4045 1446 4093 siut
1459 4043 1484 4091 P
1528 4036 1588 4104 ierit]

316 4117 370 4166 lero
387 4123 403 4165 t.
417 4114 532 4178 sortasse
551 4114 617 4164 toret
635 4115 674 4163 uel
691 4112 771 4169 iuris:
792 4113 826 4174 cs·
848 4115 931 4167 Prisc.
946 4117 964 4169 l.
985 4115 1043 4164 Vlll
1058 4128 1086 4176 p.
1104 4113 1170 4177 420,
1186 4112 1230 4164 14.
1249 4109 1315 4173 450,
1336 4113 1368 4164 lb
1454 4112 1487 4163 23
1505 4107 1589 4171 nmen]

316 4200 416 4250 quoque
434 4185 460 4234 P
545 4187 577 4234 24
596 4185 687 4233 wenna
711 4199 783 4250 quarn
803 4185 913 4236 indicari
934 4191 1051 4250 pcattucr
1065 4184 1205 4246 someraco
1223 4181 1333 4245 &finitio
1353 4183 1481 4233 excidisse
1495 4182 1588 4236 eidem,

315 4271 379 4321 quae
396 4255 497 4305 adiecta
511 4261 551 4304 est
562 4256 588 4303 in
600 4256 704 4316 epitome
716 4254 810 4305 codicia
825 4253 848 4319 s,
861 4256 907 4305 sed
926 4265 984 4304 sate
1002 4252 1146 4318 spetialium
1165 4253 1353 4318 expositionem
1369 4252 1514 4320 regolarem
1530 4249 1589 4316 prius

316 4324 413 4388 aliquid
435 4323 554 4390 generale
572 4323 604 4371 de
626 4321 674 4372 hac
699 4324 864 4390 ambiguitate
884 4325 1089 4390 coniugationum
1107 4321 1218 4372 diffinire
1236 4323 1375 4389 temptabo.
1406 4330 1522 4386 quattuor
1537 4331 1589 4383 ergo

317 4401 415 4445 constat
434 4409 490 4444 esse
502 4393 598 4444 formas
613 4393 755 4456 uerborum,
771 4393 797 4444 iel
810 4404 849 4443 est
862 4394 1032 4456 inchoatiuam
1044 4394 1216 4443 meditatiuom
1232 4392 1443 4457 irequentetiuem
1454 4390 1586 4458 perlectam.
1648 4415 1649 4418 ¹

317 4463 459 4532 exquibus
479 4461 623 4513 inchoetiua
646 4463 670 4511 in
695 4478 738 4512 sco
756 4464 838 4514 solum
857 4465 977 4515 desinunt
1063 4463 1097 4514 27
1115 4460 1278 4529 ortographis
1296 4465 1320 4513 P
1405 4461 1440 4512 28
1452 4470 1480 4512 ut
1494 4461 1588 4510 hebesco

318 4535 417 4584 albesoo
435 4533 550 4582 caluesoo
565 4533 715 4598 pertimesco
734 4542 859 4585 euanesco
870 4544 981 4585 torresco
993 4534 1112 4584 horresco
1125 4543 1227 4600 patesco
1240 4532 1355 4584 lomesco
1368 4533 1468 4583 labasse
1480 4540 1588 4580 tremesco

318 4604 444 4654 dormisco
463 4603 612 4652 uerberasse
633 4617 791 4670 purpuresco
809 4605 966 4656 inueterasoo
984 4619 1090 4654 senesce
1113 4604 1245 4653 iuuenisco
1262 4603 1344 4669 glisco
1359 4611 1371 4654 t
1388 4610 1415 4652 nt
1431 4601 1536 4652 hebesco
1554 4612 1586 4647 ca-

319 4675 385 4722 lesco
400 4671 500 4722 albesoo
513 4673 665 4738 pertimesco
679 4679 787 4724 torresco
805 4689 930 4726 erraneseo
946 4689 1046 4727 orcesco
1064 4681 1168 4739 patesco
1185 4671 1300 4723 ieroeseo
1315 4683 1419 4724 notesco
1435 4673 1530 4722 inbosco
1547 4679 1587 4718 tre

320 4757 403 4793 mesco
421 4743 579 4794 inueterasoo
592 4757 696 4793 senesce
712 4757 863 4811 uesperasco
877 4746 1008 4796 iuuenisco
1026 4758 1184 4810 purpuroseo
1197 4743 1278 4810 glisco
1293 4744 1312 4807 s
1359 4739 1467 4809 seleseo]
1485 4742 1586 4792 mlum

320 4811 345 4862 P
411 4807 531 4878 torresco]
550 4812 663 4876 sortasse
681 4819 782 4879 tepesco
