3350 5442
667 361 738 442 nus
1305 376 1345 442 13

1147 499 1169 540 p.
1183 485 1285 530 mol—te
1297 485 1321 526 P.

78 569 233 655 proconsule
257 573 362 632 venio’
383 568 429 630 vel
453 574 591 629 ‘carruca
621 573 665 628 est
691 565 901 647 proconsule’:
931 575 1078 629 sectantes
1100 565 1346 628 chartulariorum

79 674 297 758 frumentorum
312 669 325 756 ΙΙ
339 673 508 752 inperitiam
525 669 667 730 desemnt
687 667 924 730 doctissimorum
946 677 1078 730 veterum
1100 670 1131 729 in
1154 675 1217 730 arte
1238 675 1347 730 tracta·

78 785 125 844 tus;
150 775 258 854 quippe
288 792 355 835 cum
383 774 461 834 inter
488 771 682 833 chartularios
706 769 962 850 eloquentissimos
983 772 1114 850 reperias
1136 770 1278 850 quosdam
1301 769 1347 832 rel

77 896 166 958 paucos
186 876 333 938 indoctos.
379 873 484 936 melius
506 891 577 951 ergo
601 880 645 934 est
672 874 755 950 sequi
783 890 834 934 eos
861 874 940 932 inter
962 888 1037 949 quos
1060 870 1157 934 nullus
1179 873 1347 951 reperiatur

56 980 214 1059 sinperitus,
238 997 328 1058 quarn
350 977 405 1038 lros
427 979 504 1037 inter
526 995 600 1056 quos
621 974 774 1035 videantur
797 993 862 1035 esse
884 973 930 1034 vel
952 974 1047 1052 pauci.
1079 989 1150 1051 ergo
1165 975 1190 1034 si
1206 974 1255 1045 hic
1277 992 1346 1054 pro-

74 1078 176 1140 consule
200 1079 325 1141 uoluero
354 1079 468 1149 dicere,
498 1075 654 1138 declinabo
676 1077 734 1144 sic,
758 1077 826 1155 quia
849 1078 906 1136 erit
926 1083 1134 1154 monoptoton:
1167 1077 1348 1136 nominativo

74 1181 111 1242 bic
130 1180 320 1260 proconsule,
349 1181 486 1259 genetivo
508 1179 596 1240 buius
618 1176 811 1258 proconsule,
836 1176 932 1238 dativo
954 1177 1024 1238 buic
1046 1173 1239 1257 proconsule,
1262 1193 1347 1238 accu-

73 1285 150 1344 satiro
175 1282 255 1344 bunc
284 1279 478 1363 proconsule,
506 1281 638 1342 vocativo
667 1299 685 1340 o
711 1278 903 1359 proconsule,
934 1278 1061 1340 ablativo
1083 1278 1120 1340 ab
1142 1279 1198 1340 boc
1221 1296 1347 1357 procon-

73 1383 131 1446 sule.
174 1383 245 1464 quid
268 1401 339 1461 ergo
362 1401 428 1444 cum
452 1400 469 1443 a
491 1399 539 1442 me
560 1382 721 1461 quaesierit
748 1383 903 1460 qnisquam
931 1382 999 1458 ‘qui
1021 1381 1216 1460 processiti’,
1240 1398 1348 1459 nempe

47 1486 188 1546 edicturus
216 1504 283 1545 sum
310 1484 501 1564 proconsule;
535 1482 590 1543 ‘de
617 1483 700 1544 cuius
727 1485 876 1562 praetorio
903 1483 1021 1544 venisi'
1054 1479 1247 1562 proconsule;
1281 1482 1348 1543 ‘oui

72 1586 187 1647 libellum
211 1585 381 1648 obtulistii'
403 1582 595 1667 proconsule;
625 1587 731 1664 ‘quem
760 1584 857 1646 vidisti
884 1583 1132 1664 procedentem‘i’
1155 1583 1346 1664 proconsule;

71 1690 146 1748 ‘roca
172 1687 257 1749 illum
285 1688 405 1748 nomine
432 1688 513 1755 suo’,
543 1682 549 1766 l
579 1704 597 1745 o
625 1684 819 1766 proconsule;
848 1690 882 1747 ‘a
910 1686 970 1766 quo
998 1704 1084 1748 causa
1112 1692 1161 1746 tua
1184 1687 1348 1746 examinata

71 1792 137 1850 estt'
158 1807 177 1849 o
198 1787 386 1870 proconsule.
431 1787 497 1849 uide
519 1805 607 1868 quam
632 1789 670 1848 sit
692 1787 855 1849 absurdum
877 1807 931 1868 per
953 1796 997 1849 tot
1018 1806 1102 1850 casus
1125 1806 1238 1848 errare.
1268 1786 1348 1868 quod

70 1893 89 1951 si
108 1892 224 1954 voluero
247 1897 329 1953 recte
353 1889 518 1960 declinare,
542 1891 585 1952 sic
601 1889 757 1952 declinabo
779 1889 905 1970 simplen
928 1907 1050 1960 nomen,
1074 1908 1133 1969 quo
1155 1889 1244 1951 modo
1267 1907 1348 1951 com·

44 2013 61 2050 o
70 1995 194 2072 positum,
226 1995 295 2074 quia
322 1993 517 2073 praepositio,
546 1993 571 2052 si
598 1990 677 2053 illam
702 2009 760 2052 uon
784 1998 926 2072 sequatur
948 2009 1035 2052 casus
1056 2011 1142 2062 suus,
1170 1990 1268 2071 perdit
1289 1992 1347 2052 dm

70 2113 140 2156 snam
161 2103 188 2155 et
211 2097 317 2156 transit
340 2097 371 2155 in
399 2112 517 2156 nomeu.
556 2092 711 2156 declinabo
733 2093 822 2171 igitur
845 2089 971 2173 simplex
993 2111 1101 2154 nomen
1124 2094 1184 2162 sic,
1213 2093 1346 2154 nomina·

69 2199 117 2256 tim
141 2195 188 2258 bio
215 2195 335 2266 consul,
363 2197 500 2275 geneum
526 2196 614 2257 huius
642 2194 786 2265 consulis,
814 2194 911 2256 dativo
937 2192 1007 2256 huic
1028 2193 1157 2265 consuli,
1180 2196 1348 2257 accusativo

68 2298 134 2359 bunc
156 2297 323 2367 consulem,
346 2300 478 2360 vocativo
500 2316 518 2359 o
540 2296 657 2366 consul,
682 2296 807 2358 ablativo
829 2296 946 2358 abhoc
968 2295 1099 2358 consule.
1128 2296 1166 2357 ad
1187 2297 1265 2358 banc
1287 2297 1347 2359 for·

69 2419 133 2460 mam
160 2402 359 2481 compositum
386 2398 582 2471 declinamus,
611 2399 791 2461 nominativo
820 2398 869 2459 bic
896 2397 1071 2480 proconsul,
1100 2401 1236 2477 genetivo
1259 2400 1348 2461 noim

41 2501 256 2581 sprocousulis,
281 2502 378 2562 dativo
394 2499 463 2562 huic
478 2491 663 2581 procorlsuli,
687 2503 853 2588 accusativo
874 2501 953 2563 hunc
975 2500 1200 2582 proconsulem,
1216 2504 1347 2564 vocativo

69 2625 83 2663 o
101 2604 264 2684 proconsul,
288 2602 414 2665 ablativo
436 2605 474 2664 ob
496 2604 553 2665 boc
574 2602 760 2683 proconsule.
792 2621 902 2664 nomen
926 2612 972 2665 est
993 2605 1072 2664 enim
1095 2602 1245 2682 dignitatis
1266 2623 1346 2675 suae,

68 2725 118 2768 non
142 2715 224 2770 actus
252 2707 405 2768 cuiusdam
433 2708 492 2775 rei,
521 2704 566 2766 vel
595 2704 664 2766 belli
692 2704 861 2785 specialiter
889 2703 946 2766 sibi
972 2705 1112 2768 mandati.
1157 2704 1236 2785 quod
1263 2707 1289 2767 si
1310 2705 1347 2767 ad
1435 2721 1441 2728 ·

68 2817 135 2869 tanta
158 2805 163 2892 Ι
187 2809 359 2870 testimonia
387 2807 571 2884 persuadere
598 2809 742 2888 pertinaci
769 2825 829 2870 non
853 2826 943 2888 queo,
967 2807 1094 2869 sufficiat
1115 2806 1159 2868 illi
1181 2806 1217 2867 ad
1240 2809 1346 2870 conflr-

68 2909 191 2972 mandam
221 2908 343 2990 regulae
371 2909 555 2990 qualitatem,
585 2909 664 2989 quod
693 2907 838 2988 simplicia
861 2912 996 2980 nomina,
1020 2912 1051 2970 in
1074 2928 1132 2990 qua
1154 2907 1264 2989 syllaba
1287 2918 1347 2971 ter·

40 3015 233 3073 seminaverint
259 3013 487 3082 nominativum,
509 3013 546 3071 in
574 3010 697 3072 eandem
733 3012 852 3071 mittunt
883 3030 936 3072 sua
969 3013 1146 3092 composita,
1180 3019 1212 3072 ut
1239 3011 1348 3074 decens

67 3115 210 3190 indecens,
243 3121 348 3194 potens
374 3115 527 3193 inpotens,
558 3119 676 3174 curator
703 3119 893 3192 procurator,
922 3115 962 3174 ita
991 3121 1020 3174 et
1046 3113 1148 3175 consul
1176 3114 1345 3194 proconsul.

68 3215 164 3277 deiude
185 3214 303 3277 nullum
324 3216 536 3277 nominativum
560 3213 715 3275 masculini
737 3217 857 3293 generis
878 3217 1019 3295 reperies,
1042 3217 1067 3276 si
1088 3218 1238 3297 requiras,
1263 3236 1279 3279 e
1300 3217 1347 3278 lit·

67 3329 118 3378 tera
140 3320 342 3379 terminatum.

139 3420 235 3500 Saepe
258 3420 422 3499 quaesitum
446 3427 505 3488 est,
529 3425 627 3479 utrum
651 3419 776 3478 vicarius
798 3417 857 3478 dici
878 3413 891 3500 ΙΙ
907 3418 1014 3481 debeat
1029 3422 1116 3481 etiam
1130 3422 1157 3482 is
1171 3422 1220 3482 cui
1234 3422 1347 3500 magni-

42 3523 241 3584 sieentissimi
262 3522 406 3600 praefecti
422 3521 499 3581 vices
522 3539 592 3582 suas
606 3522 636 3580 in
653 3518 772 3600 speciali
788 3537 875 3580 «rausa
891 3520 1112 3582 mandaverunt.
1144 3540 1346 3603 nequaquam:

68 3641 123 3684 nam
152 3626 281 3685 vicarius
313 3622 421 3705 dicitur
452 3623 478 3682 is
505 3625 556 3702 qui
586 3621 690 3683 ordine
717 3620 923 3683 codicillorum
951 3624 1030 3684 vices
1057 3625 1117 3701 agit
1149 3624 1347 3705 amplissimae

69 3726 270 3802 praefecturae.
314 3724 364 3785 ille
386 3743 455 3785 vero
479 3725 525 3784 cui
549 3725 627 3786 vices
650 3723 828 3786 mandantur
850 3731 974 3803 propter
996 3726 1157 3787 absentiam
1181 3727 1346 3806 praefecto-

70 3845 137 3895 rum,
159 3846 221 3888 nen
246 3828 388 3895 sicarius,
412 3825 464 3886 sed
486 3828 565 3888 vices
588 3843 694 3905 agens,
720 3844 777 3886 non
800 3827 1022 3904 praefecturae,
1052 3828 1105 3889 sed
1126 3830 1346 3907 praefectorum

68 3927 161 3988 dicitur
183 3935 311 3990 tantum.
1046 3920 1048 3925 ⁵

45 4049 61 4085 r.
141 4030 335 4093 'Praefectus
350 4029 487 4108 vigilibus
501 4031 578 4092 bene
593 4029 711 4100 dicitur,
728 4031 797 4108 quia
818 4029 868 4092 hic
889 4032 1078 4112 participium
1100 4040 1147 4094 est
1167 4034 1346 4114 praefectus,

70 4147 117 4190 nou
142 4150 264 4193 nomen.
305 4134 499 4212 praeponitur
527 4132 605 4193 enim
634 4131 806 4212 disciplinae
833 4140 1006 4195 nocturnae.
1051 4141 1080 4195 et
1110 4136 1137 4197 is
1165 4137 1216 4215 qui
1251 4135 1347 4197 eidem

126 4303 184 4354 eod.
204 4301 288 4358 Bm.
308 4302 318 4350 l
336 4299 442 4355 o-s*.
501 4303 663 4369 3repperias
732 4303 931 4370 drepperietnr
998 4304 1081 4369 dqni
1106 4308 1153 4357 erit
1174 4312 1347 4372 monoptotnm

71 4374 138 4429 tmrr.
155 4375 216 4436 -ou)
289 4371 466 4422 incensatibo
485 4371 544 4422 bule
563 4371 716 4439 proconsule
734 4375 851 4424 nocetiuo
870 4376 1056 4440 opproconsule
1127 4376 1157 4426 ll
1174 4376 1289 4442 optulisti

71 4441 146 4492 rodulf
202 4442 237 4494 13
254 4450 343 4492 eante
355 4443 507 4508 proconsule
521 4459 568 4496 om.
622 4442 655 4493 19
671 4441 758 4510 huius]
775 4443 834 4494 huic
886 4441 1089 4509 nonunquam
1144 4447 1176 4496 21
1197 4445 1228 4495 ab
1248 4463 1295 4499 om.

71 4509 96 4559 id
111 4514 278 4562 testimoniam
294 4513 378 4576 (corr.
394 4510 436 4574 ·e)
450 4513 557 4563 suadere
605 4513 639 4566 26
658 4521 745 4563 onerato
761 4522 909 4580 procurator
960 4517 993 4565 27
1011 4517 1139 4580 repperies
1191 4515 1348 4566 29bicerins

126 4580 157 4648 is]
176 4582 219 4634 his
290 4582 325 4632 30
349 4582 479 4632 mandauit
548 4583 579 4634 31
599 4580 632 4648 is]
652 4582 693 4634 his
763 4585 797 4634 32
819 4585 961 4651 apsentiem
1031 4584 1065 4636 33
1087 4585 1198 4636 bicarius
1214 4587 1259 4637 sed
1279 4588 1348 4637 uices

72 4647 87 4695 is
102 4665 176 4717 egeus
248 4651 283 4702 35
301 4653 346 4714 qui
365 4651 407 4702 bic
474 4653 659 4704 :innocentiae
730 4653 819 4704 eodem
889 4652 923 4718 is]
944 4654 984 4704 his

126 4806 221 4871 dquie
242 4809 291 4858 erit
307 4805 444 4858 Paeoniae
514 4809 545 4859 17
562 4809 675 4870 sortasse
693 4808 731 4858 sic
754 4808 886 4861 declinabo
907 4810 1074 4874 compositum
1094 4822 1184 4862 nomen
1202 4827 1253 4877 qno
1271 4811 1347 4866 modo

75 4875 167 4944 simplex
239 4878 273 4930 24
291 4877 473 4944 aequalitatem
491 4879 614 4946 Hopeons
683 4877 717 4933 33
736 4879 796 4946 quis
816 4879 859 4930 hic
876 4879 1010 4934 hmines
