3350 5442
340 336 403 401 220
908 339 1061 401 POlll'llll

365 459 387 500 p.
400 449 490 488 ers-so
504 446 526 487 t.

339 528 495 606 participia
523 527 636 597 lutura,
670 546 758 587 nemo
785 525 857 586 dicit
883 525 1084 587 calesciturus.
1134 543 1191 605 qua
1219 528 1333 589 ratione
1361 533 1445 587 caret
1473 526 1619 606 participia

339 630 432 690 laturi
461 630 620 708 temporis?
656 629 730 691 llaec
757 646 846 690 causa
875 634 928 688 cst.
973 646 1062 689 amne
1088 630 1277 709 participium
1306 629 1398 690 futuri
1425 631 1563 707 temporis
1585 628 1620 689 ab

339 732 432 792 activa
455 732 667 810 significatione
690 733 834 810 originem
859 728 940 791 ducit
961 749 977 790 a
998 732 1161 809 praeterito
1182 732 1306 810 passiva.
1336 736 1407 809 puta
1427 729 1536 800 lectus,
1557 729 1619 791 tolle

310 866 319 885 ·
338 832 407 895 inde
422 853 446 903 s,
469 833 544 895 adde
561 853 620 905 rus,
644 834 715 895 lacit
730 832 877 894 lecturus:
900 834 1037 912 scriptus,
1054 831 1124 893 telle
1146 831 1215 893 iude
1230 852 1254 902 s,
1277 832 1429 902 adderes,
1453 833 1522 894 iacit
1535 834 1620 910 scrip-

339 942 437 997 turus:
467 936 601 1005 auditus,
624 935 694 995 tolle
716 935 785 995 inde
807 953 830 1010 s,
854 934 930 997 adde
951 955 1016 1004 rus,
1043 936 1114 996 tacit
1134 934 1298 997 auditurus.
1343 952 1415 1013 ergo
1437 934 1518 995 vides
1539 936 1643 1013 parti-⁵

339 1040 414 1117 cipia
439 1040 531 1099 latmi
552 1039 696 1117 temporis
720 1038 921 1117 apraeteritis
942 1037 1082 1116 perlectis
1103 1038 1213 1097 venire.
1257 1055 1325 1098 crim
1347 1044 1447 1097 autem
1469 1034 1622 1097 dixerimus

337 1142 535 1219 praeteritum
557 1140 724 1219 perlectum
748 1157 807 1199 nan
830 1140 959 1199 inveniri
979 1139 1010 1198 in
1032 1140 1088 1199 ista
1110 1138 1215 1209 verba,
1239 1140 1373 1218 sequitur
1401 1145 1435 1200 ut
1455 1137 1529 1199 illud
1549 1140 1622 1218 quad

339 1242 408 1302 inde
437 1244 568 1303 nascitur
596 1260 655 1303 nen
683 1243 859 1303 inveniatur.
904 1240 977 1301 haec
1005 1259 1091 1302 causa
1121 1240 1190 1302 lacit
1216 1249 1249 1302 ut
1275 1260 1334 1302 nau
1359 1238 1364 1321 l
1388 1241 1482 1319 possit
1506 1241 1626 1301 inveniri

340 1344 397 1405 hcc
418 1345 609 1424 participium
632 1344 723 1405 lutari
746 1346 899 1422 temporis.
944 1345 1001 1404 ista
1024 1352 1069 1404 est
1089 1342 1193 1420 regula
1215 1324 1457 1404 inchoativcrum.

219 1460 279 1521 413,
296 1459 326 1508 10
422 1445 556 1507 Perlecta
573 1445 675 1524 regula
692 1452 744 1515 est,
769 1445 819 1506 ubi
834 1446 941 1527 plenus
957 1455 1003 1507 est
1025 1463 1140 1515 sensus,
1155 1451 1188 1505 ut
1202 1446 1228 1505 si
1242 1444 1324 1504 dicas
1338 1443 1405 1522 lego
1426 1443 1656 1505 scribacurre1⁰

220 1530 279 1590 ὥθ’
295 1530 326 1577 14
338 1547 522 1628 simpliciter.
550 1548 762 1628 frequentativa
779 1554 831 1623 est,
848 1546 901 1608 ubi
915 1565 1004 1627 saepe
1019 1566 1074 1609 nas
1089 1546 1199 1628 aliquid
1214 1547 1313 1607 lacere
1328 1546 1522 1617 ostendimus,
1539 1554 1569 1607 nt
1583 1556 1625 1606 est

338 1648 448 1719 lectita,
471 1649 501 1711 id
517 1657 561 1711 cst
575 1668 665 1729 saepe
679 1649 757 1728 lego,
781 1651 923 1728 scriptito,
940 1650 969 1710 id
986 1657 1029 1710 est
1044 1669 1133 1729 saepe
1148 1648 1255 1718 scribo,
1279 1649 1399 1719 cursito,
1415 1667 1505 1728 saepe
1532 1668 1624 1709 curro.

337 1752 551 1831 frequentatira
567 1751 657 1812 verba
672 1759 741 1813 sunt
756 1754 822 1813 ista.
854 1753 884 1812 in
901 1752 947 1812 his
962 1752 1185 1829 frequentativis
1200 1750 1273 1811 dixit
1288 1769 1377 1811 unam
1392 1769 1458 1812 rem
1479 1752 1624 1831 optimam,

339 1854 472 1915 sednon
496 1855 619 1919 lirmam.
643 1856 753 1916 scimus
777 1855 916 1932 quoniam
939 1854 1020 1914 navit
1042 1863 1071 1914 et
1091 1852 1244 1923 intellexit,
1268 1853 1321 1913 sed
1344 1872 1403 1913 uon
1420 1854 1459 1914 ita
1475 1856 1624 1931 expressit

338 1956 478 2033 quemad
501 1956 621 2017 madum
643 1956 753 2018 debuit.
785 1958 826 2018 ait
847 1958 898 2026 sic,
922 1975 1025 2017 amnes
1046 1956 1157 2016 immas
1177 1955 1409 2033 frequentativas
1430 1957 1545 2035 primae
1566 1967 1657 2016 essen

342 2057 567 2134 coniugationis,
591 2066 625 2120 ut
647 2069 692 2119 est
714 2052 814 2121 lectita
828 2057 952 2128 lectitas,
976 2060 1111 2137 scriptito
1126 2060 1282 2138 scriptitas.
1313 2076 1415 2119 verum
1432 2064 1477 2118 est
1492 2060 1626 2135 queniam

337 2160 434 2220 omnis
455 2160 549 2220 lorma
572 2160 787 2239 frequentativa
808 2162 923 2240 primae
938 2162 1155 2239 coniugationis
1170 2167 1227 2229 est;
1252 2170 1281 2220 et
1303 2158 1378 2221 addc
1400 2158 1482 2230 illud,
1507 2162 1579 2220 siin
1599 2168 1625 2219 ιο

337 2268 430 2333 exeat,
454 2262 588 2341 scriptito
604 2264 763 2341 scriptitas,
780 2261 880 2323 lectito
895 2260 1019 2330 lectitas,
1036 2263 1146 2322 cursito
1161 2264 1294 2323 cursitas.
1325 2264 1351 2323 si
1366 2264 1446 2323 errim
1461 2262 1626 2343 frequenta·

337 2365 394 2425 tiva
410 2363 504 2425 torma
519 2364 610 2424 luerit
626 2373 654 2425 et
668 2383 728 2425 nau
743 2366 774 2425 in
790 2372 820 2424 ιο
836 2365 950 2434 exierit,
967 2362 1020 2424 sed
1037 2362 1131 2433 aliter,
1147 2363 1206 2423 iam
1222 2364 1336 2425 recedit
1350 2383 1367 2425 a
1383 2363 1496 2442 regula.
1519 2364 1627 2425 lacesse

335 2484 395 2526 nen
418 2466 488 2526 lacit
511 2465 644 2537 lacessas,
667 2466 720 2527 sed
743 2464 874 2527 lacessis.
910 2484 981 2543 erga
995 2470 1094 2545 petest
1107 2464 1353 2544 frequentativum
1369 2468 1445 2527 etin
1460 2473 1492 2526 ιο
1507 2469 1581 2528 etin
1595 2480 1660 2528 san

336 2569 428 2630 exire.
451 2570 475 2629 si
490 2576 588 2630 autem
605 2569 854 2649 frequentativum
869 2571 899 2629 in
916 2575 945 2628 ιο
961 2575 1055 2636 exeat,
1071 2585 1194 2628 neccsse
1210 2575 1254 2629 est
1266 2570 1382 2649 primae
1398 2569 1436 2629 sit
1448 2570 1627 2647 coniugatio·

336 2672 395 2740 nis;
420 2672 445 2731 si
468 2673 496 2731 in
514 2690 556 2742 sa,
573 2679 661 2751 prout
676 2674 826 2733 inventum
842 2672 940 2741 luerit,
964 2669 1121 2749 aliquanda
1136 2670 1283 2731 invenitur
1300 2670 1331 2729 in
1346 2672 1451 2748 prima,
1475 2670 1628 2751 aliquanda

334 2774 364 2833 in
389 2774 483 2833 tertia.
529 2775 742 2853 frequentativa
770 2781 866 2834 autem
895 2774 951 2833 ista
974 2770 1047 2833 nihil
1069 2770 1147 2833 aliud
1170 2772 1336 2850 significant
1364 2774 1421 2832 nisi
1442 2773 1628 2850 frequentem

335 2883 442 2936 actum.
466 2870 547 2936 'haec
569 2884 666 2936 autem
689 2874 778 2937 verita
802 2873 960 2955 aliquanda
981 2875 1011 2934 in
1035 2892 1127 2935 unum
1143 2873 1271 2953 gradum
1285 2881 1399 2935 mutum
1415 2874 1627 2946 conscendunt,
1653 2880 1660 2901 ⁸

335 2974 493 3055 aliquando
520 2978 551 3037 in
581 2976 669 3047 du0s3
699 2980 728 3037 in
757 2994 864 3047 unum,
894 2982 926 3035 ut
949 2973 952 3055 l
977 2974 1044 3055 lega
1074 2976 1188 3046 lectita,
1216 2977 1248 3037 in
1270 2976 1353 3046 duos,
1376 2982 1408 3037 ut
1430 2995 1520 3037 curra
1543 2996 1628 3037 cursa
1639 2989 1667 3044 2⁵¹

336 3080 462 3147 cursito,
492 3077 590 3139 scribe
619 3082 730 3159 scripte
759 3080 903 3158 scriptito.
949 3094 1008 3155 qua
1033 3080 1148 3139 ratione
1176 3077 1230 3139 tibi
1257 3078 1317 3139 dixi
1350 3078 1440 3157 paulo
1474 3086 1542 3140 ante
1565 3079 1629 3147 hnc,

335 3182 472 3260 quoniam
495 3182 520 3241 si
543 3183 572 3242 in
596 3190 626 3242 ιο
649 3184 756 3244 exierit
776 3181 1024 3261 frequentativum
1041 3179 1174 3250 verbum,
1198 3182 1312 3260 primae
1335 3189 1380 3243 est
1397 3182 1628 3259 coniugaticuis;

336 3276 407 3341 siin
424 3300 466 3352 so,
484 3300 543 3343 nan
560 3282 621 3343 dixi
637 3284 751 3353 tertiae,
775 3283 827 3344 sed
844 3291 933 3363 prout
948 3300 981 3343 se
996 3301 1082 3343 casus
1097 3281 1256 3344 obtulerit?
1278 3302 1336 3362 qua
1347 3284 1484 3345 ratione?
1507 3290 1630 3363 propter

336 3382 393 3443 hac
415 3382 548 3455 verbum,
572 3392 642 3464 puta
666 3384 747 3467 [lego
770 3385 871 3446 lectita
894 3383 997 3464 curre]
1015 3403 1102 3446 cursa
1124 3382 1283 3465 [cursitc];
1308 3404 1379 3446 ecce
1401 3404 1489 3447 cursa
1512 3388 1555 3446 sic
1579 3394 1631 3455 est,

336 3504 394 3565 quo
417 3484 505 3545 mado
527 3486 649 3555 lacesse,
674 3496 704 3547 et
725 3495 824 3570 tamen
848 3506 936 3548 cursa
959 3506 1060 3549 cursas
1082 3488 1160 3547 lacit.
1200 3504 1271 3565 erga
1294 3486 1344 3548 illa
1366 3506 1442 3568 quae
1464 3489 1497 3548 in
1521 3496 1549 3548 ιο
1573 3488 1667 3570 exilit1

335 3587 539 3649 indifferenter
561 3590 675 3668 primae
698 3597 742 3650 est
764 3590 994 3668 coniugationis‚
1019 3591 1075 3649 ista
1098 3606 1174 3668 quae
1201 3590 1233 3649 in
1261 3607 1294 3649 sc
1321 3588 1480 3668 aliquanda
1507 3593 1630 3669 primae,

335 3688 494 3767 aliquando
523 3692 636 3751 tertiae.
687 3690 760 3751 illud
789 3694 877 3753 ctiam
904 3691 981 3751 scire
1010 3690 1168 3761 debemus,
1202 3691 1330 3752 inveniri
1357 3690 1434 3770 apud
1461 3709 1517 3751 uas
1544 3692 1630 3753 verba

335 3791 432 3872 aliqu'a
461 3791 649 3872 principalia,
680 3810 755 3871 quae
784 3802 909 3873 possunt
936 3770 1034 3854 ledere
1057 3792 1238 3855 diminutiva.
1289 3794 1424 3853 nevimus
1450 3794 1483 3853 in
1510 3796 1632 3854 nomine

335 3895 392 3955 hac
415 3912 479 3954 esse
501 3893 613 3955 dictum
636 3893 720 3976 [sunt
741 3894 838 3975 aliqua
862 3896 983 3958 nomina
1005 3914 1078 3955 sanc
1102 3893 1282 3963 diminutiva,
1306 3894 1459 3956 intellectu
1482 3896 1631 3975 principa-

337 3995 401 4078 lia],
425 4003 458 4056 ut
479 4014 565 4056 mans
587 3996 775 4057 monticulus.
821 3996 878 4057 hac
901 3998 989 4058 etiam
1011 3998 1042 4057 in
1064 3994 1163 4057 verbis
1185 4014 1345 4078 passumus
1366 3998 1516 4068 invenire,
1540 4006 1574 4057 οι
1596 4000 1632 4059 sit
1641 4019 1662 4045 e

336 4097 459 4159 verbum
481 4098 647 4177 principale
671 4105 700 4159 et
721 4099 810 4160 laciat
830 4099 1047 4168 diminutivum,
1072 4106 1104 4159 ut
1127 4107 1172 4159 est
1193 4097 1301 4160 sorbeo
1317 4107 1347 4160 et
1360 4075 1445 4178 sugo'.
1475 4100 1534 4160 ista
1548 4101 1630 4179 prin·

403 4337 623 4405 {teignillcatione
641 4354 686 4387 ona.
703 4338 768 4402 Aa,
788 4334 918 4388 add‚a*b
990 4338 1060 4387 ducit
1078 4337 1113 4386 ita
1130 4336 1267 4402 praeterito
1287 4336 1370 4389 ABG
1437 4336 1629 4404 8inveniamr]

336 4410 492 4459 inueniretur
506 4408 560 4459 AG
577 4411 738 4459 inueneretur
758 4408 783 4457 B
853 4408 887 4457 22
907 4407 1043 4471 aliquando
1057 4408 1147 4469 priore
1164 4409 1218 4455 loca
1235 4420 1281 4456 arn.
1301 4409 1342 4471 A,
1361 4408 1424 4461 add.
1443 4424 1460 4458 ο
1531 4408 1566 4459 ’26
1586 4410 1632 4458 lmc

337 4481 456 4542 quoniam
474 4480 495 4528 si
514 4480 539 4527 in
555 4485 580 4527 ιο
599 4480 689 4529 exierit
705 4480 730 4528 B
737 4478 777 4529 Ca
796 4476 844 4527 hoc
858 4478 884 4526 in
904 4486 928 4527 ιο
944 4479 966 4527 si
984 4477 1075 4527 exierit
1091 4477 1116 4524 A
1186 4474 1220 4525 28
1233 4491 1284 4528 non
1298 4478 1363 4528 dixit
1380 4477 1412 4537 A,
1476 4490 1632 4544 quapropter

336 4548 384 4597 lmc
404 4549 508 4598 uerbum
526 4549 629 4611 (uerum
649 4546 681 4611 C)
698 4560 759 4613 puto
779 4548 836 4613 lego
856 4547 938 4597 ABG
1007 4548 1040 4599 29
1058 4547 1096 4596 sic
1113 4553 1152 4595 est
1169 4545 1225 4595 AB
1242 4548 1280 4596 sic
1296 4548 1349 4597 exit
1369 4548 1409 4598 Cb
1480 4548 1513 4600 31
1534 4550 1631 4614 primae

337 4618 577 4683 estnoniugaaonis
596 4635 641 4672 ora.
657 4618 695 4678 A,
712 4619 805 4669 adda
877 4617 910 4667 3⁴2
930 4618 1005 4667 etiam
1023 4618 1112 4668 ormC
1180 4617 1259 4665 uerba
1281 4618 1364 4681 aliqua
1391 4618 1547 4684 principalia
1568 4634 1632 4682 quae

337 4704 368 4735 ex
387 4704 415 4737 se
433 4686 530 4738 iaciunt
547 4687 699 4737 diminutlua
717 4688 844 4739 intellecta
865 4698 949 4736 antem
967 4687 1119 4755 principalia
1135 4695 1162 4736 ut
1177 4700 1250 4735 mons
1269 4688 1290 4737 G
1349 4688 1383 4739 34
1397 4681 1492 4737 ditium
1508 4701 1570 4739 sunt
1590 4690 1633 4738 nli-

337 4772 385 4818 qna
408 4758 522 4817 (nomina
541 4757 601 4810 add.
617 4759 644 4820 d)
669 4758 821 4825 principalia
841 4773 906 4822 quae
929 4774 961 4807 cx
985 4774 1013 4807 se
1038 4756 1134 4806 iaciunt
1159 4757 1311 4807 diminutius
1331 4758 1357 4807 B
1444 4758 1479 4809 36
1503 4774 1573 4824 sugo
1596 4758 1632 4810 Cb

337 4842 417 4892 sagea
435 4828 490 4876 ΑΒ
