3350 5442
419 351 620 413 EXCERPTA
642 350 818 413 ramstrta
841 349 931 413 XXII.
956 350 1051 413 lllllll
1318 344 1381 410 629

1183 470 1204 509 p.
1217 454 1355 497 τιον-ιον,

84 540 184 609 mille,
209 547 239 599 et
260 539 426 599 remedium
449 538 485 597 de
507 524 666 617 participio
688 546 821 603 mutuata
836 546 916 597 sunt.
948 537 1003 596 alia
1027 545 1096 597 sunt
1118 535 1194 615 apud
1217 535 1284 595 illos
1305 552 1379 613 quae

84 640 274 701 consuetudo
296 641 447 709 destituit,
472 650 503 699 ut
526 642 623 700 onmia
639 638 731 701 rerba
745 658 820 719 quae
837 639 977 699 desinunt
998 641 1028 699 in
1051 657 1112 717 νω,
1135 632 1297 697 λανθάνω
1319 628 1380 697 άν-

83 738 184 804 δάνω
206 737 389 822 μανθάνω,
411 760 487 821 quae
509 760 568 801 non
590 741 647 801 nisi
670 758 763 821 usque
787 741 823 801 ad
846 742 1040 821 praeteritum
1063 741 1261 819 inperfectum
1289 738 1380 798 decli·

84 850 214 916 nantum
243 844 383 905 similiter
410 850 441 903 et
467 862 542 923 quae
571 845 603 903 in
625 857 716 921 σκω,
739 836 898 923 γηράσκω
925 840 1066 902 τείίσκω
1088 839 1239 921 γαμίακω
1262 831 1381 916 τιτρω-

47 962 67 999 5
85 958 172 1006 σκω.
217 965 286 1006 nam
308 946 387 1025 quod
408 945 535 1023 legimus
556 940 699 1023 διδάξω,
723 963 739 1004 a
761 945 890 1005 themate
914 953 1040 1003 estnon
1063 939 1230 1021 διδάσκω,
1254 941 1305 1001 sed
1329 938 1380 1000 δι-

84 1043 199 1127 δάχω,
227 1050 312 1108 cuius
340 1045 485 1107 indicium
513 1054 558 1106 est
585 1041 714 1125 διδαχή.
749 1047 838 1129 idem
866 1047 1020 1125 potiuntur
1048 1063 1123 1125 quae
1146 1047 1177 1103 in
1200 1063 1250 1103 νω
1273 1051 1382 1103 exeunt

84 1148 258 1229 dissyllabis
279 1150 408 1218 maiora,
433 1140 549 1227 ὀμνύω
572 1140 708 1227 ὄμνυμι,
731 1142 870 1227 πηγνάω
886 1142 1047 1227 πήγνυμι,
1071 1140 1205 1227 ῥηγνάω
1222 1140 1379 1225 ῥήγννμι.

85 1251 228 1310 similiter
255 1252 454 1330 inperfectum
482 1252 678 1329 praeteritum
705 1268 764 1311 non
792 1248 940 1309 excedunt
967 1255 997 1308 et
1024 1266 1098 1327 quac
1127 1250 1159 1308 in
1182 1266 1239 1307 ειω
1262 1255 1379 1315 exeunt,

85 1360 122 1413 ut
152 1345 273 1413 ὀκνείω
300 1349 469 1430 γαμησείω
497 1348 666 1432 βρωσείω,
697 1371 752 1412 nec
780 1371 838 1412 non
867 1358 898 1411 et
925 1369 1000 1429 quae
1028 1369 1064 1410 ex
1091 1349 1292 1430 monosyllabo
1325 1368 1380 1428 per

36 1474 69 1509 ro
86 1451 174 1513 ἰῶτα
202 1456 405 1533 geminantur,
434 1460 467 1513 ut
493 1451 562 1527 ταῶ
589 1454 705 1531 τιτρῶ,
732 1450 784 1531 βῶ
804 1450 908 1531 βιβῶ,
936 1451 1006 1532 χρῶ
1027 1450 1143 1532 κιχρῶ.
1187 1452 1380 1511 haecomnia

87 1575 186 1636 usque
214 1556 251 1617 ad
279 1556 478 1636 inperfectum
506 1562 624 1634 tempus
651 1562 777 1635 possunt
798 1554 934 1623 extendi,
957 1572 1017 1614 non
1040 1553 1116 1632 plus
1160 1554 1237 1632 apud
1260 1552 1382 1613 Latinos

87 1658 234 1718 ‹leticiunt
254 1660 377 1737 inquam
399 1664 429 1717 et
451 1675 527 1717 sum.
557 1676 626 1717 nam
648 1663 806 1736 sequentes
828 1676 972 1737 personae
990 1656 1154 1733 analogiam
1175 1657 1290 1735 primae
1313 1674 1380 1733 per·

88 1778 182 1819 sonae
203 1778 263 1819 non
286 1767 419 1820 servant:
443 1760 570 1820 alterum
592 1760 672 1818 enim
695 1759 766 1818 lacit
780 1763 902 1838 inquam
917 1760 1017 1837 inquis
1033 1760 1144 1837 inquit,
1168 1757 1294 1817 alterum
1316 1775 1380 1816 snm

88 1869 208 1931 esest,
233 1858 239 1942 Ι
263 1868 293 1920 ot
320 1860 393 1921 illud
420 1860 541 1940 quidem
569 1862 600 1921 in
629 1859 755 1941 reliquis
782 1860 919 1921 omnibus
952 1860 1052 1920 delrcit
1084 1858 1282 1938 temporibus3
1317 1878 1381 1919 sum

57 1982 162 2023 suero
185 1966 215 2023 in
238 1964 318 2023 aliud
340 1965 463 2032 transit,
488 1971 520 2022 ut
543 1969 675 2041 tempora
698 1962 850 2041 conpleat,
883 1982 964 2023 eram
987 1963 1031 2022 lui
1053 1981 1115 2021 ero.
1161 1970 1230 2022 sunt
1252 1980 1327 2040 quae
1350 1964 1379 2021 in
1458 1982 1462 1991 ¹

87 2068 186 2143 prima
210 2065 303 2125 solum
327 2083 453 2144 persona
476 2064 636 2134 deficiunt,
659 2083 729 2125 oras
751 2072 831 2124 ovat:
856 2083 910 2131 ovo
934 2068 1013 2125 enirn
1036 2064 1144 2124 lectum
1168 2072 1309 2125 nonest:
1341 2068 1380 2124 si-

87 2168 202 2227 militer
229 2168 312 2227 daris
340 2166 436 2228 datur.
481 2168 562 2244 soleo
593 2169 689 2227 nescit
721 2168 870 2236 luturum;
901 2165 904 2248 Ι
935 2186 1021 2227 verro
1054 2167 1218 2245 perlectum
1253 2169 1379 2242 ignorat.

88 2271 180 2345 genui
204 2288 239 2328 ex
262 2287 320 2349 quo
343 2270 472 2329 themate
495 2272 577 2330 veuit
599 2270 698 2329 nullus
720 2272 791 2338 scit,
814 2269 884 2330 licet
906 2269 998 2328 Varro
1021 2268 1132 2329 dixerit
1152 2275 1302 2344 genunt.
1326 2286 1380 2327 nec

87 2353 215 2431 mirum:
246 2390 314 2431 narn
341 2379 371 2430 et
399 2371 478 2450 apud
500 2371 629 2431 Graecos
652 2380 711 2431 tam
733 2374 895 2450 praeterita
919 2374 1052 2431 invenies
1074 2389 1161 2449 quam
1185 2371 1283 2430 lutura
1305 2388 1380 2449 quae

43 2494 74 2531 so
88 2475 241 2552 praesenti
264 2480 398 2541 careant,
420 2466 547 2552 ἤνεγκα
570 2469 718 2551 ἔδραμον
738 2474 830 2533 olom.

158 2729 252 2777 eidem
265 2728 347 2778 Ianua
358 2729 417 2775 item
430 2728 455 2777 P
522 2728 554 2775 14
571 2726 662 2775 deiecit
675 2728 700 2775 P
767 2728 798 2776 18
817 2724 907 2792 Varro]
921 2729 946 2775 in
959 2726 1085 2776 andabata
1099 2728 1157 2776 ‘sed
1171 2728 1236 2788 quod
1251 2726 1312 2775 baec
1325 2728 1379 2776 loca

88 2796 185 2858 aliquid
204 2807 300 2860 genunt
306 2794 477 2845 Ἤπίιείοπιιι
493 2798 510 2844 l.
522 2794 546 2843 X
555 2812 583 2858 μ
598 2796 657 2859 528,
670 2797 703 2845 26
772 2798 805 2845 20
821 2810 897 2845 οισω.
916 2796 1038 2860 explicuit
1055 2796 1184 2844 delloratio
1203 2795 1378 2845 rlcllbroam-

90 2866 167 2913 brosii
180 2865 302 2913 macrobii
315 2863 439 2912 tbeodosil
452 2878 528 2944 poam
540 2832 663 2913 iolrannelr
676 2875 805 2927 carpserat
820 2864 853 2911 ad
866 2865 1001 2913 discentias
1014 2878 1144 2927 grecorum
1158 2866 1291 2912 uerborum
1304 2877 1379 2939 regn-

89 2933 129 2981 las
142 2932 173 2981 P.
191 2939 331 2998 οεριιαιιίιιε
343 2933 460 3010 deinde'
450 2934 575 2982 mendice
592 2932 663 2995 baec,
681 2932 1039 3012 quceeaeeerptorMnerobii
1052 2931 1188 2981 subiecisse
1205 2932 1319 2980 uidetur:
1340 2922 1379 3011 Τρ

89 2994 169 3065 ὅήμα
185 2991 368 3064 ἐνεργητικὸν
385 2998 437 3078 τής
452 2991 598 3065 ὁριστικής
615 2994 763 3079 ἐγκλίσεως
779 2995 854 3050 κατὰ
866 2995 979 3063 πρωτην
982 2992 1045 3077 τήν
1056 2998 1194 3063 συζυγίαν
1205 2995 1379 3077 περισπωμέ-

89 3078 161 3118 ναν
179 3060 329 3124 ἐνεστῶτος
344 3067 417 3118 ποιῶ
431 3069 526 3124 ποιεις
541 3070 625 3118 ποιεῖ
635 3066 774 3133 ποιοῦμεν
789 3070 899 3118 ποιεῖτε
910 3064 1032 3129 ποιοῦσι,
1050 3064 1247 3130 παρατατικοῶ
1264 3058 1380 3118 ἐποίουν

89 3129 199 3194 ἐποίεις
216 3128 309 3188 ἐποίει
326 3127 479 3199 ἐποιοῦμεν
495 3128 616 3187 ἐποιεῖτε
634 3126 761 3215 ἐποίουν,
777 3132 991 3215 παρακειμένου
1003 3135 1148 3211 πεποίηκα
1159 3134 1248 3186 πεποί
1266 3151 1319 3193 κας
1331 3150 1366 3185 πε

88 3202 193 3267 παίηκε
204 3196 404 3282 πεποιήκαμεν
412 3196 588 3279 πεποιήκατε
596 3198 779 3284 πεποιήκασι,
794 3198 1036 3283 ιἰπερσυντελικοῦ
1051 3195 1234 3267 ἐπεποιήκειν
1246 3152 1378 3274 ἐπεποιή-

89 3286 150 3328 κεις
176 3264 343 3350 ἐπεποιήκει
369 3263 597 3353 ἐπεπαιήιιειμεν
613 3265 811 3351 ἐπεποιήκειτε
837 3265 1070 3336 ἐπεποιήκεισαν,
1096 3268 1245 3336 μέίίοντος
1270 3268 1380 3336 ποιήσω

89 3330 220 3403 ποιήσεις
231 3332 344 3404 ποιήσει
356 3332 514 3402 ποιήσομεν
524 3335 659 3405 ποιήσετε
675 3332 833 3405 ποιήσουσι.
869 3342 1034 3421 imperativus
1052 3333 1202 3397 ἐνεστῶτος
1223 3337 1272 3391 καί
1288 3356 1379 3401 παρα-

89 3407 209 3457 πανικοῦ
225 3407 302 3458 ποιέι
319 3408 435 3458 ποιείτω
451 3409 563 3457 ποιεῖτε
579 3406 760 3470 ποιείτωσαν,
777 3402 991 3486 παρακειμένου
1008 3406 1057 3459 καὶ
1074 3400 1313 3489 ὑπερσυντείινοῦ
1327 3422 1378 3458 πε-

89 3475 197 3554 ποίηκε
211 3470 389 3552 πεποιηκότα
406 3469 577 3554 πεποιήκατε
597 3471 844 3541 πεπυιηκέτασαν,
853 3468 1001 3554 άορίστου
1021 3472 1070 3525 καί
1087 3471 1238 3539 με’ίίοντος
1258 3475 1380 3541 ποίησον

88 3536 236 3607 ποιησάτω
249 3537 390 3620 ποιήσατε
407 3539 617 3621 nuenarianam.
653 3544 829 3594 coniunctivae
846 3536 1037 3600 ὑποτακτικάς
1053 3536 1205 3600 ἐνεστῶτος
1221 3542 1270 3595 καί
1287 3560 1378 3607 παρα-

3 3623 6 3633 ’·
88 3610 207 3662 τατικοῦ
225 3603 278 3661 ἐάν
293 3609 365 3661 ποιῶ
383 3603 435 3661 ἐάν
451 3609 536 3677 ποιῇς
553 3604 606 3662 ἐάν
617 3627 686 3676 ποιη
672 3604 752 3662 ’ἐὰν
763 3610 889 3690 ποιῶμεν
901 3604 954 3662 ἐάν
957 3610 1064 3690 ποιῆτε
1078 3604 1130 3662 ἐὰν
1142 3610 1271 3675 ποιῶσιν,
1287 3628 1377 3695 παρα-

87 3675 223 3757 κειμένου
239 3676 289 3729 καί
305 3670 545 3757 υπερσυντείικοῦ
561 3672 614 3730 ἐάν
629 3672 776 3761 πεποιήκα
794 3672 846 3731 ἐαν
855 3672 1025 3763 πεπαιήκης
1034 3672 1086 3730 ἐάν
1101 3695 1188 3731 πεποι
1211 3696 1246 3745 κῃ
1263 3651 1316 3731 ἐὰν
1331 3695 1378 3730 πε

88 3740 254 3831 πριήκωμεν
271 3740 323 3797 ἐὰν
339 3740 515 3825 πεποιήκητε
531 3739 584 3797 ἐάν
600 3742 808 3826 πεποιήκασιν,
826 3744 976 3826 μέλλοντας
987 3734 1046 3799 ἐάν
1061 3740 1169 3827 ποιήσω
1190 3677 1242 3799 ἐὰν
1259 3744 1378 3814 ποιήσῃς

89 3808 143 3865 ἕαν
159 3807 265 3880 ποιήσῃ
283 3807 335 3866 ἐὰν
350 3809 514 3880 ποιήσωμεν
526 3808 578 3865 ἐὰν
594 3808 732 3881 ποιήσητε
750 3787 808 3866 ἐῶν
818 3808 983 3881 ποιήσωσιν.
1019 3817 1145 3881 optativus
1163 3807 1313 3875 ἐνεστῶτος
1328 3814 1378 3866 καί

88 3881 287 3961 παρατατικοῦ
306 3887 418 3947 ποιοῖμι
438 3887 533 3961 ποιοῖς
552 3886 638 3933 ποιοῖ
646 3886 791 3961 ποιοῖμεν
810 3888 922 3935 ποιοῖτε
946 3888 1072 3963 ποιοῖεν,
1096 3880 1309 3963 παρακειμένου
1329 3882 1378 3936 καί

87 3944 330 4031 υπερσυντελικαῦ
344 3946 530 4031 πεποιήκοιμι
547 3943 716 4029 πεποιήκοις
731 3944 886 4031 πεποιήκοι
903 3944 1109 4031 πεποιήκαιμεν
1117 3945 1312 4033 πεποιήκαιτε
1328 3968 1377 4003 πε-

87 4034 250 4100 παιηκοιεν,
269 4009 404 4098 ἀορίστου
420 4012 572 4099 ποιήσαιμι
588 4014 723 4097 ποιήσαις
739 4013 857 4099 ποιήσαι
870 4014 1042 4099 ποιήσαιμεν
1053 4015 1205 4100 ποιήσαιτε
1216 4014 1377 4086 ποιήσαιεν,

88 4084 242 4152 μέλλοντος
258 4081 405 4170 ποιήσαιμι
421 4082 552 4152 ποιήσοις
569 4080 683 4153 ποιήσοι
700 4080 870 4170 ποιήσαιμεν
886 4080 1033 4169 ποιήσαιτε
1047 4104 1204 4154 παιησαιεν.
1239 4090 1378 4139 infinitivus

89 4148 242 4213 ἐνεστῶτος
255 4172 305 4205 ιιαι
315 4154 512 4219 παρατατικοῦ
527 4158 633 4236 ποιεῖν,
649 4151 863 4221 παρακειμένου
882 4167 907 4206 ει
923 4148 1161 4218 υπερσυντείικου
1178 4155 1377 4223 πεποιηκέναι,

90 4214 228 4288 ἀορίστου
238 4221 366 4289 ποιήσαι,
380 4218 532 4288 μέίίοντος
544 4217 684 4288 ποιήσειν.

170 4292 295 4351 Quoniam
308 4289 451 4341 Macrobius
462 4291 623 4342 Theodosius
638 4293 730 4341 librum
746 4293 778 4341 de
795 4292 944 4342 differentiis
962 4295 1044 4355 deque
1060 4294 1224 4344 societatibus
1243 4295 1376 4343 verborum

89 4361 223 4424 utriusque
236 4360 347 4423 linguae,
364 4375 473 4424 graecae
485 4361 580 4409 scilicet
592 4371 670 4421 atque
682 4360 784 4423 latinae,
801 4362 952 4426 composuit,
971 4364 995 4410 in
1010 4377 1060 4425 quo
1073 4364 1141 4411 varie
1153 4362 1310 4426 ronlnseqne
1323 4379 1377 4411 vor-

89 4430 180 4477 borum
194 4428 294 4491 regulas
307 4429 445 4488 miscuerit,
463 4429 547 4476 risum
560 4428 622 4476 milri
634 4437 673 4477 est
686 4429 765 4493 primo
778 4430 887 4478 eundem
904 4430 1017 4478 eiusdem
1032 4432 1120 4479 eodem
1134 4446 1183 4493 quo
1196 4433 1250 4496 ipse
1264 4446 1326 4479 usus
1340 4442 1377 4479 est

89 4498 180 4546 ordine
197 4497 305 4545 breviter
321 4497 452 4555 deflorare,
470 4496 605 4575 aliquando
618 4498 776 4575 permutatis,
793 4498 895 4577 saepius
913 4498 1007 4547 eisdem
1020 4499 1113 4559 quibus
1125 4510 1150 4547 et
1161 4499 1204 4547 ille
1216 4500 1310 4549 utendo
1322 4514 1377 4548 ser·

90 4566 222 4627 monibns;
240 4565 330 4614 deinde
347 4565 504 4628 singularum
521 4564 615 4628 coniug
616 4564 729 4612 ationum
747 4566 879 4645 regnias‚'
874 4580 897 4614 nr
916 4576 1037 4628 qnantum
1055 4582 1087 4616 ex
1104 4568 1244 4617 rationibus
1257 4568 1377 4632 praedicti

90 4633 202 4681 auctoris
215 4632 299 4696 colligi
311 4642 459 4697 potuerunt
477 4632 662 4697 exponerem
675 4634 799 4694 quibus'
779 4636 860 4697 siquis
874 4634 951 4682 multa
964 4650 1011 4683 nos
1023 4636 1224 4701 praetermisisse
1241 4651 1378 4702 perspexe-

90 4702 130 4762 rit,
148 4704 214 4749 sciat
230 4701 292 4749 illud
309 4716 360 4749 non
379 4711 466 4750 nostra
482 4700 580 4748 desidia
598 4716 655 4749 esse
672 4699 836 4762 διαιτηταί
853 4702 911 4781 quia
924 4702 1192 4766 delrisquaeintacta
1205 4704 1377 4754 videaturaut

91 4770 233 4833 ambiguam
247 4770 394 4818 :rutnullnm
408 4769 538 4849 potuimus
548 4769 661 4817 invenire
670 4768 773 4817 rationis
786 4770 970 4822 anctoritatem
985 4772 1108 4851 quaedam
1119 4783 1202 4821 tamen
1213 4774 1376 4837 inseruimus,

90 4854 154 4903 qnae
173 4838 247 4887 uoltis
260 4853 292 4886 ex
303 4840 466 4905 proportione
481 4837 590 4887 aliorum
608 4837 754 4887 verisimilia
766 4836 820 4888 fleri
831 4840 886 4888 visa
900 4851 969 4891 sunt.
993 4855 1051 4891 curn
1064 4840 1140 4906 igitur
1152 4842 1241 4893 Graeci
1255 4842 1375 4907 coniuga-
