3350 5442
675 379 746 444 ARS
1313 373 1354 442 bl

1165 501 1187 542 p.
1201 489 1295 530 lentot
1308 486 1332 528 Ρ.

75 571 345 651 quiaproducitur,
374 573 452 632 siem
478 570 619 648 legimus,
656 575 773 630 ‘totus
808 577 843 629 ct
870 568 935 630 ille
965 569 1063 630 dies’
1102 577 1131 630 ct
1161 569 1244 630 ‘hos
1279 575 1357 628 tota

74 683 227 735 armenta
251 674 462 735 secuntur'.
499 689 572 748 ergo
593 673 625 732 in
646 670 774 751 simplici
795 677 957 748 utrumque
979 673 1155 750 corripitur,
1185 679 1214 732 et
1235 679 1307 750 quot
1329 681 1359 730 et

73 785 120 844 tot;
146 778 176 836 in
204 776 392 837 derivatione
415 783 494 836 totus
516 774 698 854 producitur.
723 807 763 819 ·-
784 773 945 836 Infinita
967 780 1005 834 ut
1027 774 1146 836 cuius:
1170 773 1458 840 indefinitum380,4

74 877 162 938 estad
185 877 319 956 aliquid,
353 895 410 955 qna
433 875 559 938 ostendo
580 894 629 938 me
651 875 762 954 aliunid
789 875 943 955 possidere
966 875 1045 954 quod
1068 877 1156 956 cupio
1179 884 1208 938 et
1229 893 1357 955 persona

52 979 240 1058 §possidentis
262 981 410 1050 retertur,
433 989 467 1040 ut
493 978 650 1040 Terentius
678 978 799 1058 ‘quid,
825 977 963 1039 mulier
986 980 1067 1040 cuia
1090 979 1181 1040 esti’
1204 985 1233 1038 ct
1257 979 1357 1056 Vergi-

72 1081 120 1141 lius
138 1083 289 1143 ‘cuium
312 1083 464 1162 pecnsl’
486 1116 528 1126 —-
550 1081 639 1142 Cuia
662 1082 802 1142 cuium:
826 1080 863 1140 ad
887 1079 996 1158 aliquid
1019 1080 1088 1142 ideo
1110 1080 1196 1156 dinc,
1220 1081 1288 1157 qnia
1306 1085 1386 1142 ιιι-6

71 1203 143 1243 cesse
165 1192 213 1245 est
235 1192 270 1246 nt
291 1203 421 1264 persona
442 1182 573 1264 possessi
595 1200 655 1243 non
677 1181 864 1261 intellegatur
891 1183 948 1244 nisi
976 1185 1076 1244 iuncta
1097 1199 1242 1261 personae
1263 1184 1358 1262 possi·

71 1285 156 1346 denus
179 1307 197 1338 ι
222 1294 258 1348 nt
280 1287 305 1346 si
328 1285 463 1346 dicamus
485 1284 568 1345 verbi
586 1283 591 1366 l
610 1287 704 1363 gratia
733 1289 859 1365 ‘quotus
881 1283 917 1344 ab
939 1284 990 1344 illo
1013 1286 1093 1346 esti’
1115 1317 1155 1328 —-
1179 1285 1226 1346 Vt
1247 1288 1388 1362 quan-6

71 1396 119 1447 tus
140 1397 283 1449 tantus:
308 1386 438 1448 notanda
458 1389 515 1448 ista
537 1388 727 1466 pronomina,
751 1388 818 1464 qrria
841 1394 870 1446 et
893 1385 1030 1448 adverbia
1053 1387 1179 1456 l'aciunt,
1204 1395 1235 1447 ut
1257 1387 1359 1464 quanti

43 1490 146 1558 rotanti,
167 1491 293 1567 ‘quanti
307 1497 337 1550 te
353 1489 482 1560 babuit',
499 1491 619 1566 ‘quanti
636 1496 664 1549 te
679 1487 762 1548 duxit
769 1493 790 1558 ',
807 1497 837 1550 et
851 1489 893 1550 sic
909 1488 1035 1550 dicenda
1050 1507 1108 1568 quo
1123 1488 1212 1550 modo
1228 1489 1356 1550 maximi.

69 1591 216 1652 -Sunt
239 1591 314 1652 alia
337 1591 645 1652 demonstrativa:
669 1590 916 1662 demonstrativa,
941 1607 1017 1668 quae
1039 1597 1213 1671 praesentes
1234 1610 1284 1652 res
1308 1591 1358 1651 de·

70 1701 239 1762 monstrant,
270 1701 303 1754 ut
330 1693 379 1753 bic
411 1692 486 1753 baec
514 1691 579 1754 boc.
625 1711 694 1754 nam
722 1693 749 1754 si
780 1693 862 1754 diras
883 1692 920 1754 de
948 1700 1107 1773 praesente
1135 1711 1262 1772 persona
1285 1694 1359 1753 ‘iste

71 1803 108 1854 st
126 1797 175 1872 qni
198 1795 256 1856 tibi
278 1796 350 1857 lecit
370 1795 538 1863 iniuriam',
567 1795 776 1856 soloecismum
803 1795 887 1855 lacis.
931 1797 1029 1856 minus
1057 1813 1145 1874 quam
1179 1796 1260 1857 linita
1289 1814 1357 1875 pro·

73 1901 194 1968 nomina,
214 1911 299 1974 qtae
316 1897 633 1958 commemorationem
647 1898 761 1958 iaciunt
774 1915 876 1958 earum
892 1916 1103 1977 personarum,
1127 1895 1164 1958 de
1179 1897 1286 1976 quibus
1300 1899 1358 1958 iam

46 2017 63 2054 n
73 1998 150 2059 locuti
170 2017 292 2067 miuus,
315 2007 349 2059 ut
371 2006 416 2059 est
436 2000 502 2078 ipse
523 2000 580 2059 iste
600 2001 636 2060 is.
681 1999 756 2061 baec
777 2001 866 2061 etiam
889 2000 1073 2061 subiunctiva
1096 1999 1297 2080 appellantur,
1327 2007 1359 2061 ut

72 2109 130 2178 puta
151 2102 214 2180 ‘qui
236 2099 313 2161 illud
334 2101 420 2171 lecit,
441 2102 506 2180 ipse
528 2107 558 2160 et
571 2101 629 2161 boc
644 2101 730 2162 lecit'
756 2100 1083 2183 [commemorationem
1099 2101 1232 2164 videatur
1247 2102 1360 2163 babere

72 2202 229 2283 personae}
253 2235 298 2246 --
321 2204 364 2263 vt
391 2220 519 2262 eccum
548 2221 674 2264 eccam
704 2203 817 2266 ellum
846 2204 970 2266 ellam:
999 2207 1175 2286 pronomina
1197 2206 1251 2266 ista
1273 2205 1387 2281 quasi8

74 2313 233 2384 monoptota
256 2313 338 2365 sunt.
374 2303 427 2365 sed
449 2304 523 2365 baec
544 2313 668 2386 propter
690 2303 863 2368 latinitatem
880 2309 1042 2388 composita
1063 2307 1067 2382 l
1086 2307 1265 2387 proferenda
1280 2315 1358 2377 sunt,

73 2415 182 2486 utputa
205 2425 310 2468 eccam
333 2425 504 2477 cccceam,
534 2425 638 2469 eccum
661 2427 731 2470 cece
754 2429 836 2480 cum,
867 2410 910 2472 sic
932 2417 962 2470 ct
984 2409 1082 2470 ellunr.
1119 2409 1215 2472 sicubi
1236 2411 1292 2472 ista
1313 2411 1358 2470 ln-

47 2519 147 2570 averita
167 2511 299 2578 luerint,
324 2509 492 2588 usurpativa
515 2517 599 2578 sunt;
631 2519 661 2570 et
680 2511 749 2572 ideo
772 2511 1003 2574 demonstrativa
1026 2514 1152 2574 maxime
1175 2519 1267 2598 sunt,
1290 2515 1357 2590 quia

75 2611 234 2673 adverbium
250 2611 483 2672 demonstrantis
497 2611 618 2682 habent,
641 2620 675 2674 ut
690 2631 774 2685 ecce,
799 2623 829 2676 et
844 2633 1019 2696 pronomen,
1044 2622 1077 2676 ut
1092 2633 1158 2676 cnm
1174 2597 1266 2676 illum.
1306 2613 1357 2675 sod

75 2712 135 2772 baec
155 2716 257 2775 omnia
279 2733 316 2774 cx
337 2714 402 2775 istis
424 2722 564 2792 quattuor
584 2715 741 2795 speciebus
757 2725 841 2786 sunt,
865 2718 972 2792 linitis,
996 2717 1132 2786 infinitis,
1156 2717 1254 2777 minus
1269 2733 1357 2794 quam

75 2816 151 2875 initis
174 2813 285 2896 [servi]
309 2823 339 2876 et
359 2818 545 2895 possessivis.

147 2917 365 2988 Commune,
389 2927 427 2978 ut
447 2918 573 2997 qualis
596 2918 699 2980 talis:
724 2920 820 2998 qualis
843 2928 872 2982 et
894 2919 960 2982 talis
982 2921 1150 2982 communia
1166 2927 1237 2982 sunt
1250 2923 1402 3001 prono-11
1474 2989 1483 3010 1

48 3021 150 3079 nmina.
186 3029 297 3082 neutra
318 3022 350 3080 in
373 3039 390 3081 e
411 3028 584 3100 correptum
608 3029 731 3090 exeunt,
761 3029 795 3082 ut
817 3021 903 3098 quale
926 3022 999 3092 tale,
1027 3025 1103 3084 sicut
1130 3025 1160 3082 in
1189 3021 1359 3084 nominibus

75 3138 151 3181 snare
172 3121 277 3195 dulce,
301 3140 378 3200 quae
400 3130 430 3184 ct
450 3131 667 3202 conparantur,
690 3131 723 3185 ut
739 3125 858 3185 suavius
874 3123 999 3186 dulcius.
1036 3127 1090 3186 ista
1106 3122 1282 3210 pronomina
1298 3143 1358 3186 non

76 3232 279 3302 conparantur,
308 3225 377 3302 quia
405 3224 519 3286 nullum
547 3244 714 3304 pronomen
736 3215 844 3306 recipit
865 3229 1116 3307 conparationem.
1154 3244 1250 3306 neque
1278 3229 1357 3288 enim

76 3333 158 3401 potest
178 3325 238 3387 dici
262 3325 379 3404 utralior
401 3325 501 3396 talior,
532 3328 702 3406 quomodo
724 3331 841 3390 suavior
863 3329 986 3390 dulcior.
1025 3330 1103 3392 unde
1125 3329 1263 3391 Lucanus
1282 3324 1286 3412 Ι
1306 3329 1356 3390 ad-

78 3428 195 3488 verbium
217 3429 304 3496 lecit,

211 3529 379 3610 qualiter
401 3548 625 3610 expressum
648 3535 855 3614 tantisper
878 3533 1004 3596 nubila
1027 3533 1174 3596 fulmen.

79 3648 133 3690 nant
152 3651 211 3693 non
239 3650 402 3713 possumus
423 3631 471 3693 bis
493 3633 721 3711 pronominibus
748 3638 1000 3716 comparationem
1028 3635 1194 3716 adponere,
1225 3639 1357 3715 quamvis

133 3837 291 3890 eornm.
312 3837 382 3886 Vllll
400 3833 543 3886 7*—th1
568 3838 591 3888 l.
663 3839 869 3905 2simplicorr,
888 3845 921 3892 al.
942 3857 1006 3890 aaran.
1026 3841 1137 3905 sirnpliei
1169 3897 1176 3906 ι
1206 3851 1231 3892 et
1248 3842 1317 3905 qnod
1334 3853 1358 3892 ct

80 3911 142 3952 totum
159 3908 184 3955 in
203 3907 364 3956 deribatione
434 3907 503 3956 4ad
520 3907 624 3970 aliquod
690 3910 758 3961 ted
776 3909 884 3975 aliquid]
906 3911 996 3973 eliquit
1010 3910 1089 3973 aliqui
1142 3911 1285 3976 8gratiam

80 3973 180 4042 quantus]
201 3979 255 4041 quai
273 3985 301 4025 tu
369 3977 494 4041 liquenti
508 3974 584 4044 tenti]
607 3981 740 4041 ‹luantitati
812 3979 846 4031 10
864 3980 941 4030 habui
1006 3980 1034 4030 ll
1054 3979 1236 4048 demonstrant]
1254 3981 1358 4033 demon-

80 4052 128 4092 strat
174 4045 206 4097 13
224 4045 392 4111 solucismum
447 4047 637 4109 qnemlnllnita
686 4049 720 4099 14
737 4051 975 4100 commemoratione
1028 4051 1059 4102 15
1076 4051 1140 4100 istae
1191 4052 1358 4118 appellantur

80 4124 133 4166 narr,
151 4118 184 4170 ol.
209 4132 278 4165 man.
297 4115 467 4182 appellabitur
537 4117 569 4169 lt
587 4133 698 4184 persona
769 4121 854 4184 ellam]
876 4121 927 4170 iam
1001 4120 1033 4170 18
1057 4121 1209 4184 prolernndn
1280 4125 1312 4196 19
1332 4133 1358 4172 ut

82 4195 128 4243 pun
142 4201 224 4236 eccam
243 4200 346 4236 ecceam
365 4201 451 4236 eccum
472 4201 572 4236 ecceum
591 4190 629 4238 sio
697 4189 730 4238 21
755 4205 814 4240 enm
832 4188 912 4257 illurn]
934 4205 1021 4240 eccum
1042 4191 1118 4240 ellum
1189 4193 1223 4243 25
1240 4205 1356 4244 neutrum

132 4255 164 4306 26
177 4268 205 4306 ιιι
224 4257 350 4307 suunibcs
419 4255 455 4308 30
471 4271 637 4323 cxprnessnm

87 4387 110 4395 ἣ
115 4393 335 4404 ᾕ-ῇή
346 4395 365 4401 .-

134 4461 146 4511 1
164 4472 235 4514 totns
251 4460 287 4527 et]
311 4464 390 4528 Verp.
404 4479 492 4529 peorp.
509 4465 521 4514 Ι
537 4462 589 4514 434
658 4461 718 4530 hos]
740 4465 819 4531 Verp.
840 4466 906 4516 Aen.
925 4465 1001 4516 1185
1073 4469 1090 4516 4
1105 4482 1154 4530 qno
1174 4469 1280 4520 ostendo
1295 4471 1357 4524 Put-

84 4527 153 4583 dies,
178 4533 280 4596 qnando
300 4533 358 4582 dico
376 4549 463 4598 mens,
481 4549 523 4584 ms
541 4533 639 4596 aliquid
660 4535 793 4599 possidere
808 4536 914 4586 ostendo
931 4536 957 4584 io
973 4537 1142 4597 replicatione
1158 4543 1357 4602 possessivorum

83 4595 139 4676 belet
157 4603 287 4666 Pompeius
300 4619 328 4666 p.
348 4605 400 4654 243
413 4605 454 4655 ed.
472 4605 549 4656 Lind.
564 4620 645 4669 prame
658 4606 728 4654 leand
743 4609 797 4657 acio
812 4621 847 4654 an
863 4604 925 4656 baec
937 4606 969 4656 ab
987 4605 1033 4654 boc
1047 4607 1101 4655 loco
1118 4611 1201 4658 alinea
1215 4611 1273 4673 sint,
1286 4619 1310 4660 et
1323 4613 1359 4662 nd

83 4670 179 4726 vultum
198 4687 336 4735 pronomen
355 4675 429 4723 cuius
448 4676 514 4726 iliad
532 4682 627 4724 tantona
642 4680 778 4738 pertineat,
792 4677 851 4739 quia
869 4675 902 4725 ad
920 4689 1057 4739 personam
1074 4678 1231 4742 possidentis
1250 4681 1357 4732 relertnr

137 4742 311 4810 blerentius]
332 4743 445 4799 Emori,
464 4745 485 4793 ll
503 4745 536 4809 3,
554 4743 588 4795 30
604 4747 666 4808 quid
685 4746 759 4812 virgo
777 4746 835 4795 cuia
855 4755 893 4796 est
962 4745 1106 4812 Vergilius]
1126 4747 1205 4802 bucol.
1227 4749 1287 4813 :ut

83 4803 214 4932 {ml-¹
227 4823 321 4936 poploe
339 4817 509 4878 explicatione
520 4817 691 4880 proaorninum
708 4824 801 4880 quotus
817 4825 842 4866 ct
858 4824 925 4866 totus
941 4815 1030 4866 relicto
1046 4823 1105 4866 aunt
1174 4821 1209 4871 28
1226 4819 1354 4886 Lticanus]

1106 4972 1152 5035 4*
