3350 5442
480 315 654 378 EXCERPT
656 317 679 377 Α
702 314 877 377 PdeSlNd
900 315 1045 377 Vl-Vlll
1348 313 1410 377 607

1212 436 1235 477 p.
1249 423 1307 465 stas.
1321 425 1347 465 ³9
1360 422 1384 466 P.

117 513 166 567 est
188 505 249 567 tulo
269 507 355 585 quasi
378 523 394 564 a
415 503 546 566 themate
568 503 644 566 tulat
665 503 810 574 declinat,
840 505 933 565 tuisi
961 503 1054 585 qnod
1077 511 1138 565 tua
1160 502 1323 566 facultas
1345 523 1409 566 no·

117 607 180 669 bis
207 607 303 669 tulat
331 608 518 686 operam’:
552 613 652 667 vertor
679 614 709 668 et
737 623 840 667 verror
869 623 973 668 versus
999 625 1082 678 sum;
1110 609 1207 687 patior
1235 615 1265 669 et
1295 607 1410 688 paudor

115 727 224 790 passus
238 727 319 779 sum,
343 726 402 769 non
417 725 542 788 pansus:
566 707 715 787 Vergilius
738 711 879 788 ‘passis
900 708 1246 790 crinibus’:·expltco
1268 710 1409 790 explicui,

115 814 189 893 quia
210 811 289 892 plico
311 808 420 891 plicui;
442 809 494 871 scd
517 809 622 872 Cicero
643 828 698 890 pro
720 809 818 872 Tullio
841 810 1050 890 explicavit
1071 813 1122 872 ait.

76 927 101 968 5
203 913 246 974 De
268 913 571 994 plusquamperfecto.
601 915 632 974 iu
648 913 765 990 graecis
787 911 887 972 verbis
909 931 985 992 quae
1007 914 1039 973 in
1061 931 1088 972 ω
1102 922 1211 975 exeunt
1233 932 1320 975 omue
1341 933 1409 995 per·

116 1018 232 1078 fectum
253 1022 371 1095 tempus
392 1021 485 1076 mutat
507 1016 539 1076 in
560 1015 618 1075 fine
641 1034 662 1074 α
684 1015 716 1074 iu
740 1032 792 1074 ειν
813 1021 843 1074 et
873 1015 944 1076 facit
970 1012 1307 1095 plusquamperfectum,
1330 1017 1410 1097 quod

115 1118 162 1180 illi
184 1110 474 1198 ὑπερσννττλωιόν
494 1123 609 1178 vocant.
653 1117 684 1177 iu
706 1117 804 1195 capite
827 1135 911 1187 vero,
937 1119 967 1177 si
989 1117 1156 1196 perfectum
1179 1136 1195 1178 a
1216 1117 1310 1179 vocali
1332 1121 1408 1180 iuci-

115 1222 179 1301 pit,
203 1219 240 1282 ab
263 1219 367 1282 cadem
389 1218 483 1280 vocali
506 1224 537 1279 et
551 1217 875 1299 plusquamperfectum
890 1219 1015 1298 incipiat
1028 1236 1152 1280 necesse
1166 1227 1227 1291 est,
1251 1217 1409 1302 ἔφθαρκα

116 1317 326 1404 desiderasse,
349 1320 467 1401 εἴρηκα
490 1315 651 1400 εἰρήκεινε
687 1322 712 1382 si
735 1338 806 1381 vero
828 1321 949 1382 initium
970 1321 1096 1400 perfecti
1118 1339 1283 1384 consonans
1305 1324 1407 1394 fuerit,

60 1437 100 1478 ιν
117 1431 190 1486 tunc
220 1415 505 1502 incontaminatis
537 1421 574 1483 ab
606 1422 722 1484 adiecta
744 1421 802 1483 sibi
825 1423 919 1484 vocali
941 1423 1061 1502 incipit,
1084 1420 1250 1504 πεποίηκα
1272 1420 1408 1486 ἐπεποι-

115 1522 230 1607 ήκειν,
257 1521 411 1605 γέγραφα
439 1517 653 1604 ἐγεγράιγειν.
688 1541 744 1584 uec
771 1527 927 1586 inmerito:
956 1523 1026 1585 bina
1048 1525 1128 1585 enim
1151 1531 1299 1605 tempora,
1323 1535 1357 1589 nt
1378 1535 1409 1589 et

115 1626 374 1708 supradiximus,
402 1625 545 1687 naturalis
571 1626 717 1707 quaedam
745 1627 883 1704 cognatio
911 1625 1075 1706 copulavit,
1098 1643 1166 1687 curu
1188 1631 1338 1707 praesenti
1361 1631 1407 1691 iu·

115 1731 297 1811 perfectum,
321 1729 389 1795 cuin
410 1729 544 1808 perfecto
566 1728 905 1808 plusquamperfectum,
934 1745 1002 1788 cnm
1024 1729 1134 1788 aoristo
1156 1727 1339 1793 Graecorum
1360 1733 1406 1793 fu·

115 1842 229 1894 turum.
273 1825 341 1892 ideo
369 1830 446 1910 apud
477 1829 545 1891 illos
573 1832 651 1892 sicut
677 1831 841 1910 incipiente
868 1832 1020 1910 praesenti
1048 1850 1063 1892 a
1093 1830 1184 1893 vocali
1206 1833 1406 1913 inperfectum

66 1944 101 1986 1⁵
115 1935 254 1996 simfliter
277 1953 294 1995 a
315 1931 409 1994 vocali
431 1932 550 2012 incipit,
579 1934 604 1994 si
631 1949 703 1992 vero
730 1949 913 2012 praesensa
939 1939 1118 1994 consonante
1146 1935 1263 2014 coepit,
1286 1934 1406 1996 additur
1508 1991 1513 2006 „

114 2037 284 2116 inperfecto
310 2033 434 2104 vocalis,
468 2031 600 2126 ιρθείρω
625 2031 806 2114 ἔφθειρον,
835 2036 876 2095 ita
904 2040 934 2094 et
961 2032 1285 2115 plusquamperfectum
1314 2037 1406 2098 simili
1523 2058 1529 2068 ·

115 2138 325 2200 observatione
348 2136 384 2197 de
407 2137 494 2197 initio
515 2137 642 2216 perfecti
664 2134 780 2214 cognati
795 2133 855 2196 sibi
878 2135 960 2214 leges
975 2138 1113 2207 assumit,
1137 2145 1261 2217 excepto
1276 2156 1312 2199 eo
1327 2139 1405 2218 qnod

115 2240 238 2302 brevem
259 2258 348 2320 quam
375 2241 406 2299 iu
433 2239 583 2318 principio
604 2238 731 2318 perfecti
758 2238 895 2317 repperit
922 2255 980 2297 nou
1002 2244 1097 2299 mutat
1117 2239 1149 2299 in
1171 2239 1305 2318 longam,
1329 2242 1407 2301 sieut

114 2349 212 2405 mutat
232 2342 428 2422 inperfectum
452 2339 489 2400 de
511 2341 608 2420 capite
635 2339 800 2420 praesentis
822 2345 988 2418 acceptam,
1012 2332 1082 2417 ἄγω
1095 2326 1192 2420 ήγον.
1236 2348 1304 2420 post
1324 2341 1404 2421 plus·

69 2457 100 2498 2⁰
114 2444 371 2525 quamperfectnm
399 2459 585 2528 consequeus
614 2448 680 2502 erat
716 2447 750 2502 ut
775 2440 818 2501 de
851 2441 968 2501 infinito
1001 2448 1148 2521 tempore,
1185 2442 1215 2503 id
1249 2449 1295 2504 est
1327 2440 1405 2522 περὶ

114 2541 289 2627 ἀορίστου,
314 2541 318 2622 Ι
342 2551 552 2614 tractaremns;
576 2542 627 2604 sed
643 2542 710 2604 ideo
726 2543 1008 2623 praetermittimus,
1024 2545 1093 2622 quia
1109 2561 1144 2603 co
1166 2543 1297 2606 latinitas
1312 2553 1403 2606 caret.

201 2647 244 2708 lie
266 2648 377 2708 futuro.
418 2652 481 2707 tres
503 2653 572 2707 sunt
593 2647 714 2707 omuino
737 2644 868 2724 syllabae
891 2662 967 2724 quae
989 2646 1020 2704 in
1042 2647 1159 2723 graecis
1181 2646 1281 2707 verbis
1303 2647 1403 2708 futuro

112 2751 243 2830 tempori
273 2751 434 2809 terminum
461 2748 589 2809 faciunt:
619 2755 669 2809 aut
697 2748 778 2806 euim
806 2748 837 2806 in
865 2757 914 2806 σω
934 2747 996 2807 exit
1023 2754 1074 2808 aut
1096 2748 1127 2808 iu
1150 2743 1195 2820 ξω
1214 2755 1266 2809 aut
1286 2748 1316 2808 in
1339 2756 1402 2828 ψω,

114 2845 389 2932 λαλήσωπράξω
414 2845 546 2930 γράψω,
570 2850 628 2910 nisi
651 2848 730 2929 quod
758 2849 861 2929 quinta
889 2843 1088 2926 βαρυτόνων
1115 2856 1183 2910 aute
1211 2869 1238 2910 ω
1262 2850 1403 2931 liquidam

73 2966 100 3006 2⁵
115 2972 200 3014 suam
222 2954 341 3014 retinet.
386 2954 458 3014 item
480 2969 586 3030 graeca
608 2950 715 3020 verba,
739 2950 764 3010 si
786 2951 994 3029 perispomena
1016 2952 1077 3011 sint
1098 2952 1311 3032 cuiuscumque
1333 2972 1402 3014 con-

113 3057 291 3133 iugatiouis,
321 3054 397 3116 ultra
425 3071 581 3115 numerum
610 3051 792 3132 syllabarum
818 3054 985 3131 praesentis
1012 3063 1121 3131 augent
1142 3071 1201 3114 uua
1222 3053 1335 3133 syllaba
1356 3056 1402 3116 fu·

113 3163 231 3228 turum,
254 3155 340 3217 ποιῶ
362 3149 504 3237 ποιήσω,
532 3154 615 3235 τιμῶ
637 3147 781 3234 τιμήσω,
810 3149 902 3233 δηλῶ
924 3148 1076 3235 δηλῶσωι
1111 3154 1255 3235 barytona
1277 3137 1307 3217 in
1330 3176 1402 3238 qua·

113 3277 240 3339 cumque
268 3259 475 3336 coniugatione
503 3256 630 3317 cundem
652 3272 810 3316 nnmerum
832 3262 964 3326 servant,
988 3251 1073 3334 λέγω
1098 3251 1201 3336 λέξω,
1224 3250 1294 3336 ἄγω
1320 3253 1401 3338 ἄξω,

114 3357 234 3439 ἐγείρω
261 3357 379 3438 ἐγερῶ,
401 3350 567 3438 ήνιογεύω
592 3349 794 3438 ήνιοχεύσω.
825 3357 857 3417 in
879 3359 995 3435 graecis
1016 3357 1175 3438 latinisque
1190 3359 1290 3421 verbis
1311 3379 1401 3441 paen-

72 3477 99 3518 ao
114 3462 218 3523 ultima
240 3462 407 3541 praesentis
429 3466 529 3521 manet
550 3460 582 3519 in
604 3459 720 3529 futuro,
744 3452 863 3537 dynami
885 3452 1061 3540 ἀγαπήσω,
1082 3477 1127 3539 γα
1148 3463 1272 3533 mausit;
1294 3462 1399 3542 θερα-

113 3559 207 3624 πεύω
230 3557 451 3643 θεραπεύσω,
480 3579 545 3622 πεπ
567 3562 692 3630 mausit;
721 3561 824 3639 cogito
841 3561 991 3638 cogitabo,
1013 3563 1043 3640 gi
1066 3563 1185 3623 mansit.
1230 3565 1254 3624 si
1277 3562 1400 3624 verbum

113 3665 277 3746 barytouon
305 3666 345 3725 sit
370 3663 484 3724 babens
512 3665 544 3723 iu
570 3663 721 3743 praesenti
749 3656 936 3743 μετάβολον
962 3671 1030 3724 auto
1058 3682 1099 3743 ω,
1128 3663 1158 3724 id
1185 3671 1231 3725 est
1257 3664 1399 3745 liquidam

112 3772 341 3835 consonantem,
371 3774 442 3827 tuuc
468 3764 666 3845 paenultima,
696 3782 771 3843 qnae
799 3766 830 3825 in
858 3767 1007 3844 praesenti
1036 3764 1123 3844 longa
1151 3765 1222 3836 fuit,
1245 3768 1279 3828 fit
1300 3767 1402 3829 brevis

111 3869 142 3930 iu
165 3870 280 3938 futuro,
303 3862 420 3928 πλύνω
435 3866 566 3945 πλυνῶ,
588 3863 715 3946 quotuor
730 3866 856 3945 χρανῶ,
880 3861 999 3946 ἐγείρω
1013 3864 1129 3945 ἐγερῶ.
1158 3867 1290 3929 diximus
1304 3872 1399 3950 peris·

73 3988 99 4027 ss
112 3989 238 4052 pomona
261 3987 370 4048 augere
394 3987 451 4030 uua
474 3968 584 4049 syllaba
606 3969 754 4038 futurum,
777 3970 847 4049 qnia
869 3970 978 4030 crescit
999 3969 1117 4039 ultima,
1140 3967 1231 4049 φιλῶ
1253 3965 1399 4050 φιλήσω,

113 4072 197 4134 νικῶ
218 4064 360 4153 νικήσω,
384 4070 539 4158 στεφανῶ
561 4065 780 4150 στεφανῶσω.
811 4071 864 4130 sed
887 4089 947 4132 nou
968 4089 1087 4150 semper
1108 4069 1164 4131 sub
1186 4070 1290 4132 eadem
1313 4089 1398 4150 prae-

113 4173 245 4234 cedentis
272 4173 389 4234 litterae
417 4173 624 4236 observatione
652 4170 784 4233 succedit
812 4172 951 4234 adiectio.
995 4175 1117 4234 namin
1140 4174 1236 4253 prima
1259 4173 1397 4251 coniuga-

112 4378 171 4429 tollo
195 4377 300 4440 sustuli,
327 4377 406 4428 affero
424 4377 495 4428 attuli
518 4385 543 4427 et
563 4375 650 4427 attollo
670 4375 756 4430 attuli:
780 4375 816 4438 cf.
834 4376 914 4426 Dione
931 4392 958 4440 p.
975 4377 1037 4438 372,
1055 4380 1082 4429 4.
1100 4375 1162 4436 380,
1182 4377 1225 4430 ll.
1251 4375 1350 4429 Gdoris.
1368 4393 1398 4442 p.

111 4450 172 4508 247,
190 4449 233 4502 27.
250 4447 329 4500 Proh.
345 4445 411 4501 saed.
427 4463 455 4513 p.
472 4445 516 4507 39,
534 4447 559 4500 5.
578 4447 664 4498 Prisc.
678 4447 696 4498 t.
717 4445 774 4494 Vlll
787 4461 816 4508 p.
830 4445 957 4506 alunt.
977 4446 1044 4510 xp.
1059 4445 1121 4511 526,
1140 4448 1173 4499 ld
1223 4446 1302 4498 ltoli
1320 4447 1400 4496 decli-

112 4527 155 4569 nat
174 4518 200 4568 P
250 4517 300 4569 uisi
320 4517 380 4580 quid
398 4515 507 4568 facultas
522 4525 565 4566 tua
582 4517 646 4566 tutat
664 4515 737 4566 uobis
751 4529 824 4580 opem
844 4515 949 4568 Bomos
963 4525 1033 4582 poet.
1052 4520 1097 4568 iat.
1113 4533 1181 4568 scen.
1199 4517 1294 4582 [ναρνι.
1307 4531 1335 4580 p.
1349 4517 1399 4568 172

112 4589 161 4639 uisi
181 4588 242 4650 quid
256 4596 300 4638 tua
312 4585 420 4638 facultas
437 4587 511 4638 nobis
526 4585 590 4637 tulut
607 4600 681 4652 opem
700 4586 749 4634 cito
768 4585 919 4636 Ribbeclofas
936 4595 1005 4653 trop.
1024 4587 1070 4641 lut.
1090 4590 1139 4640 rei.
1158 4605 1184 4653 p.
1205 4589 1256 4640 125
1298 4587 1315 4638 3
1333 4587 1399 4637 Ver--

111 4657 199 4726 gilius]
220 4657 284 4709 Aea.
304 4658 312 4707 l
331 4655 392 4711 480.
413 4655 500 4708 11403
587 4655 706 4706 defuero
724 4669 770 4721 pro
790 4653 884 4722 Tullio]
906 4659 987 4708 Diom.
1003 4673 1031 4720 p.
1048 4657 1111 4719 372,
1130 4659 1161 4708 ’21
1235 4654 1268 4709 10
1281 4658 1397 4724 ypersiu·

111 4729 219 4778 thelicus
238 4727 262 4776 P
327 4728 382 4847 Pld
398 4722 538 4794 ἔφθειρον
554 4727 658 4778 conisus
675 4725 821 4792 Opsopoeus
839 4724 976 4794 εφθαριια
990 4729 1015 4778 P
1095 4727 1132 4781 34
1151 4726 1259 4796 poetro
1271 4723 1397 4796 zpcsoip

111 4814 203 4866 γρννω
217 4812 308 4866 zavan
