3350 5442
592 376 663 439 ARS
692 377 719 437 11
741 378 835 438 4-6

99 497 121 538 p.
134 486 190 526 rire.
204 485 229 526 ro
242 483 265 524 r.

72 565 223 626 secundus
244 561 375 624 secundo
397 561 557 632 secundas,
581 563 660 623 idem
683 561 830 624 Aeneidos
852 561 930 623 libro
952 561 993 622 [Π

226 667 303 726 rite
326 664 553 726 secundaret
575 665 679 725 visus
701 682 880 744 omenque
902 664 1059 724 levaret.

72 767 111 829 ab
133 787 169 828 eo
191 785 308 848 quoque
324 765 409 846 quod
432 773 478 826 est
492 765 599 826 menda
614 765 659 825 vel
673 765 813 826 mendum
834 763 983 846 [nomine]
1010 763 1175 844 (utramque
1197 767 1276 825 enim
1298 771 1359 824 ter·

72 872 266 932 minationem
289 875 405 929 veteres
428 873 588 947 usurpant:
612 866 715 928 Cicero
737 869 768 927 in
790 876 930 948 praetura
953 866 1102 928 Siciliensi
1125 867 1238 946 ‘quod
1261 885 1358 928 men·

43 972 159 1033 ⁵dum
181 973 254 1032 ista
276 971 396 1030 litura
419 970 618 1037 correxit',
641 968 763 1030 Ovidius
785 971 859 1030 artis
880 970 1039 1030 amatoriae
1061 967 1139 1028 libro
1162 968 1174 1027 l

225 1079 333 1133 nocte
356 1071 476 1132 latent
498 1070 649 1132 mendae
673 1071 846 1148 vitioque
869 1072 1086 1148 ignoscitur
1107 1071 1225 1138 omni,

71 1177 153 1238 idem
175 1174 309 1236 eiusdem
330 1172 408 1234 libro
430 1172 456 1234 ll

225 1277 364 1338 eximet
386 1277 466 1355 ipsa
488 1272 569 1335 dies
591 1291 716 1334 omnes
738 1291 779 1333 ex
802 1291 960 1353 corpore
983 1273 1148 1354 mendas)

74 1377 197 1439 verbum
219 1379 251 1439 llt
273 1375 399 1438 emendo
421 1376 575 1444 emendas,
600 1382 631 1435 ut
652 1375 799 1435 luvenalis
820 1374 899 1436 libro
920 1375 943 1435 V

26 1496 60 1533 ιο
848 1483 1023 1537 ettamen
1045 1495 1117 1537 uno

225 1581 391 1643 semodio
414 1577 541 1640 scobis
562 1578 654 1639 baec
675 1576 846 1639 emendat
868 1577 1043 1638 servulus
1064 1597 1172 1649 unus,

73 1693 105 1745 et
127 1684 237 1745 Statius
259 1681 428 1744 Thebaidos
450 1680 528 1742 libro
550 1678 562 1740 l

727 1799 797 1861 quo
820 1789 985 1861 tempore
1008 1781 1159 1843 tandem

226 1895 413 1948 terrarum
435 1884 556 1945 lurias
577 1882 728 1944 abolere
751 1891 788 1943 et
809 1883 960 1944 saecula
983 1891 1088 1943 retro

28 2003 61 2043 ιε»
226 1987 426 2050 emendare
449 1985 556 2046 lacta.

74 2093 127 2152 sed
151 2093 241 2152 etiarn
263 2089 448 2151 differentiae
471 2088 697 2164 significationis
719 2105 805 2148 causa
827 2095 888 2147 tam
909 2089 1023 2167 primae
1038 2105 1127 2167 quam
1149 2089 1255 2150 tertiae
1271 2108 1360 2169 quae·

73 2195 142 2254 dam
165 2211 199 2252 ex
223 2192 270 2252 bis
292 2191 497 2257 inveniuntur,
527 2183 531 2268 i
556 2195 589 2248 ut
615 2189 722 2249 mando
742 2187 873 2258 mandis,
896 2189 927 2248 id
950 2195 995 2249 est
1015 2189 1178 2260 manduco,
1200 2197 1236 2248 ut
1255 2193 1360 2269 primi·

72 2298 181 2365 tivum,
206 2294 327 2362 tertiae3
351 2291 457 2352 mando
479 2288 615 2359 mandas,
639 2291 724 2370 quasi
740 2292 771 2350 in
786 2309 904 2351 manum
921 2290 972 2360 do,
996 2290 1025 2351 id
1040 2297 1087 2352 cst
1101 2292 1251 2372 permitto,
1275 2293 1360 2371 quasi

72 2397 269 2460 derivativum
297 2393 342 2455 rel
369 2393 579 2472 compositum,
608 2393 721 2470 primae
750 2398 809 2461 est;
837 2391 915 2452 unde
943 2393 1033 2452 etiarn
1062 2392 1188 2454 amende
1210 2392 1359 2461 amendes,

29 2497 249 2560 recommendo
271 2494 460 2556 commendas
481 2494 557 2554 lacta
579 2500 658 2552 sunt.
693 2495 763 2553 item
786 2493 863 2572 quod
886 2494 923 2554 ad
944 2494 1091 2554 lusionem
1112 2494 1233 2575 quidem
1255 2497 1362 2556 attinet

71 2600 167 2663 lundo
182 2599 298 2667 lundis,
321 2604 354 2658 ut
368 2597 567 2677 primitivum,
590 2595 696 2655 tertiae
712 2601 771 2664 est,
795 2594 873 2656 unde
895 2594 1005 2672 luridus
1026 2614 1150 2665 nomen,
1172 2595 1204 2656 id
1220 2602 1265 2656 est
1279 2614 1359 2675 ager,
1403 2602 1408 2619 '

72 2705 242 2771 derivatur,
264 2699 343 2781 quod
365 2698 464 2760 lundit
485 2695 572 2757 nobis
593 2697 707 2758 lructus
731 2694 796 2778 [aut
818 2695 897 2757 aliud
920 2715 1026 2757 nomen
1048 2697 1171 2767 lundus,
1195 2698 1272 2778 quod
1294 2699 1361 2760 alti·

71 2805 211 2866 tudinem
233 2798 413 2880 significat];
436 2798 529 2860 lundo
544 2805 641 2858 autem
658 2797 764 2858 lundas
779 2797 919 2867 verbum,
942 2797 972 2858 id
995 2805 1041 2859 est
1061 2797 1250 2860 fundamenta
1272 2819 1359 2880 pono,

72 2905 156 2987 quod
178 2923 194 2964 a
216 2903 336 2964 nomine
358 2900 436 2981 quod
460 2907 505 2961 est
526 2900 648 2969 lundus,
671 2899 701 2959 id
717 2906 761 2959 est
777 2894 928 2980 πυθμήν,
951 2899 1115 2969 derivatur,
1141 2901 1218 2961 unde
1240 2909 1270 2962 et
1291 2921 1360 2983 pro·

31 3021 59 3062 2⁵
74 3008 187 3070 lundus
208 3004 410 3083 componitur,
434 3021 450 3062 a
473 3021 532 3083 quo
553 3001 745 3063 fundamenta
766 3001 922 3070 dicuntur,
954 3003 1021 3062 iure
1042 3003 1156 3081 primae
1178 3004 1360 3082 coniugatio-

74 3112 124 3171 nis
154 3114 208 3169 est.
252 3106 376 3166 verbum
403 3121 474 3164 vero
502 3102 734 3182 monosyllabum
762 3102 799 3163 do
827 3103 880 3163 das
907 3103 1033 3182 simplex
1060 3103 1180 3183 quidem
1205 3099 1218 3186 il
1247 3107 1361 3184 primae

74 3219 139 3280 est,
163 3215 194 3269 ct
215 3209 240 3268 si
262 3225 330 3269 cum
352 3205 502 3266 adverbiis
523 3204 569 3265 vel
584 3203 738 3284 disyllabis
752 3203 1024 3284 praepositionibus
1039 3213 1240 3284 componatur,
1263 3217 1363 3268 serrat

73 3311 330 3389 coniugationem,
354 3314 388 3368 ut
410 3306 561 3368 circumdo
576 3307 755 3376 circumdas,
779 3306 940 3385 pessumdo
961 3307 1148 3386 pessumdas;
1171 3325 1239 3368 cum
1260 3327 1361 3369 mono·

73 3411 198 3495 syllabis
219 3417 316 3479 autem
338 3407 610 3489 praepositionibus
636 3401 681 3468 vel
703 3426 770 3468 cum
792 3407 965 3468 nominibus
985 3410 1179 3488 compositum
1202 3411 1308 3470 tertiae
1329 3411 1363 3470 lit

33 3529 60 3570 so
74 3513 311 3592 coniugationis,
333 3519 367 3572 ut
390 3509 472 3570 trado
495 3510 601 3579 tradis,
625 3509 718 3570 reddo
740 3509 856 3578 reddis,
878 3509 972 3589 perdo
993 3509 1110 3589 perdis,
1132 3509 1227 3590 prodo
1248 3511 1361 3589 prodis.

168 3729 513 3798 ῙΑειι.116ιοΙΙΙ]υ.36
581 3729 784 3780 ἳιεοιιιιᾶιιειιι
803 3755 836 3766 -
854 3727 1002 3785 lenerents
1074 3729 1232 3781 Snomeut
1300 3730 1361 3780 tin

74 3811 198 3874 praetura
214 3798 352 3867 Siciliensi]
372 3803 398 3852 in
421 3803 498 3853 Verr.
519 3799 810 3856 acr.ae0.1142,104
879 3799 948 3861 quod
962 3799 1033 3862 oms
1098 3801 1178 3850 biota
1195 3800 1269 3848 litora
1283 3799 1362 3862 sista

75 3879 155 3928 litora
170 3873 196 3924 B
212 3874 270 3939 ipsa
286 3872 358 3922 litora
376 3872 401 3921 P
417 3873 464 3921 iste
483 3869 592 3920 litteral
660 3875 707 3921 nrt.
727 3883 776 3922 am.
791 3867 856 3918 libro
870 3865 891 3934 l]
909 3885 933 3919 o.
951 3867 1003 3918 249
1071 3868 1088 3919 6
1110 3869 1218 3919 mundae
1235 3885 1304 3921 corr.
1326 3873 1361 3920 ot.

74 3962 144 3998 mass.
161 3943 269 3993 mendae
286 3942 311 3992 P
360 3941 501 4005 uitioseque
518 3953 586 3990 corr.
601 3938 741 4002 ditiaques
796 3939 812 3987 7
830 3937 897 3987 idem
913 3939 939 3987 in
957 3938 1047 3988 eodem
1066 3939 1129 3989 libro
1148 3939 1211 3988 liet
1228 3941 1322 3988 eximet
1339 3939 1365 3989 B

75 4019 198 4078 idemque
210 4011 299 4062 eodem
312 4010 376 4060 libro
390 4011 410 4060 ll
426 4011 520 4059 eximet
533 4017 544 4058 t
555 4009 614 4057 item
626 4008 715 4058 eodem
727 4007 772 4058 lib.
789 4008 809 4056 11
823 4009 918 4057 eximet
929 4008 956 4072 se
975 4009 997 4057 11
1010 4006 1061 4060 653
1113 4008 1131 4058 8
1142 4005 1185 4074 ex]
1203 4009 1256 4059 eP
1264 4017 1290 4059 et
1302 4017 1312 4058 t

75 4087 220 4138 Suerbum
238 4095 315 4131 exeo
334 4079 404 4131 fltB
455 4078 518 4129 libro
532 4078 738 4141 quintoPinV
754 4077 783 4140 s:
797 4076 851 4126 luo.
864 4084 914 4131 eat.
932 4079 974 4140 14,
992 4077 1027 4129 66
1097 4077 1129 4130 10
1145 4086 1272 4129 ettamen
1289 4079 1364 4128 uiuos

76 4154 180 4206 emedio
198 4151 283 4216 scopis
300 4163 347 4199 nec
365 4149 518 4200 emendetP
536 4157 562 4195 ut
579 4156 660 4196 tamen
680 4149 755 4197 ouius
772 4147 879 4197 emendo
897 4148 984 4214 scopis
1001 4147 1065 4197 baec
1079 4148 1197 4199 emendat
1214 4155 1262 4198 tet
1278 4155 1363 4198 tamen

76 4227 156 4274 uiuus
174 4221 273 4272 emedio
291 4233 336 4270 seo
355 4219 377 4268 ie
391 4217 542 4282 emendats
624 4217 657 4268 la
672 4215 816 4268 Thebaidos
834 4217 897 4267 libro
913 4214 934 4284 l]
951 4234 974 4271 e.
992 4217 1043 4268 266
1113 4217 1146 4269 la
1160 4215 1272 4285 taudem]
1292 4219 1364 4268 tarde

76 4294 104 4345 B
174 4291 206 4342 14
225 4233 354 4340 curiasss
417 4287 517 4338 abolere
540 4287 624 4352 eoepit
647 4295 672 4336 et
694 4286 779 4336 secula
800 4294 869 4336 retro
886 4296 941 4337 ecte
959 4287 1094 4337 emendare
1116 4286 1183 4338 iacta
1202 4289 1300 4339 laborat
1317 4290 1364 4339 sed

51 4387 55 4404 ·
77 4364 157 4415 etiam
173 4369 185 4411 t
203 4360 303 4411 ebolere
314 4357 396 4408 uoluit
410 4369 435 4408 et
447 4356 531 4407 secula
550 4363 616 4406 retro
635 4356 770 4406 emendare
790 4356 857 4406 lacta
874 4357 919 4407 sed
939 4357 1044 4415 etiams
1089 4358 1122 4408 16
1140 4358 1207 4407 iaetu
1220 4359 1363 4423 (uaporem

77 4448 111 4484 en
130 4439 171 4481 sat
190 4427 301 4492 laboret)
318 4428 364 4477 sed
381 4427 500 4478 etiamB
570 4425 603 4477 13
623 4425 779 4476 differentiae
798 4435 823 4475 et
839 4425 1035 4493 significationis
1052 4429 1078 4477 P
1129 4428 1162 4479 18
1180 4429 1205 4476 io
1220 4443 1267 4480 orn.
1284 4428 1310 4479 B

77 4495 374 4631 ‘’⁶¹⁰¹bit‘2liltf‘
388 4576 415 4617 n
432 4495 1015 4624 nli“biltadetinuit,¹⁰
1028 4496 1369 4630 ‘militandi

149 4639 185 4692 30
202 4647 229 4690 ut
242 4638 315 4688 trado
332 4636 413 4688 tradis
431 4635 510 4686 reddo
527 4634 613 4686 reddis
631 4635 710 4700 perdo
728 4635 809 4701 prodo
828 4637 867 4684 sio
883 4636 959 4687 eriam
978 4636 1053 4686 credo
1070 4635 1153 4686 nendo
1171 4637 1322 4687 uerecundo
1340 4645 1366 4688 et

77 4709 208 4762 uenumdo
226 4709 252 4759 P
266 4715 294 4757 ut
307 4707 377 4756 trado
393 4707 434 4757 die
449 4705 527 4755 reddo
545 4704 586 4754 die
603 4705 743 4769 (ceperam.
757 4704 836 4768 dedo)
849 4706 931 4770 prodo
946 4705 1076 4772 disperdo
1088 4706 1129 4755 dis
1146 4705 1184 4755 sie
1200 4706 1275 4755 etiem
1288 4707 1365 4755 credo

78 4781 165 4834 ueudo
183 4795 213 4828 ec
231 4777 344 4828 redundo
359 4785 384 4826 et
401 4775 520 4825 necundo
537 4774 563 4824 B
580 4784 608 4823 ot
623 4775 695 4825 trado
713 4775 737 4824 is
754 4774 834 4824 reddo
849 4776 872 4824 is
889 4775 969 4841 perdo
987 4774 1053 4825 dedo
1071 4775 1152 4826 condo
1169 4776 1230 4824 indo
1248 4775 1328 4841 prodo
1343 4777 1365 4825 is

77 4849 176 4919 praedo
194 4849 232 4899 sic
250 4848 324 4898 etium
342 4845 416 4896 credo
436 4845 518 4894 nendo
537 4858 552 4893 a
569 4853 664 4894 oretum
682 4844 715 4894 do
733 4853 758 4896 et
774 4845 894 4895 uenundo
909 4845 936 4909 s:
951 4844 987 4909 cs.
1002 4847 1086 4896 Price.
1102 4847 1119 4897 l.
1138 4843 1162 4894 X
1180 4859 1204 4908 p.
1224 4845 1285 4904 616,
1302 4845 1320 4898 ὓ

131 4935 459 4984 cnnuunncrcnrrmv.
1122 4929 1163 4993 31
