3350 5442
308 349 367 414 138
878 352 1031 416 conruit

330 459 477 511 pet-941„

293 540 381 599 scire
410 538 502 599 debes
529 524 682 619 quoniam'
696 542 816 621 proprie
839 540 954 603 locutus
982 548 1027 602 est
1054 540 1167 603 nullum
1195 560 1304 603 nomen
1335 560 1399 603 esse
1427 544 1492 603 sine
1515 562 1596 605 casu.

304 660 342 699 ne
358 640 440 702 dicas
456 643 528 702 mibi
552 642 616 703 ‘sed
639 651 709 704 sunt
731 643 827 720 aliqua
852 646 972 704 nomina
996 662 1070 724 quae
1093 644 1210 723 casibus
1232 647 1375 705 careant'
1412 652 1510 724 potest
1532 646 1598 706 fieri

303 751 336 803 ut
364 741 512 823 aliquibus
540 752 675 816 careant,
706 765 765 806 non
795 754 895 806 tantan
921 754 954 806 ut
981 746 1120 807 erunibus
1147 752 1276 808 careant.
1321 764 1390 807 nam
1418 748 1595 833 invonitur}

303 864 427 916 nomen,
455 846 507 906 ubi
530 865 591 906 non
614 830 709 908 estin
732 866 787 907 usu
815 850 1028 915 nominativus,
1056 859 1088 909 ut
1115 857 1159 909 est
1184 848 1286 911 lateris
1313 849 1399 911 lateri
1426 848 1550 912 laterem
1579 870 1595 911 a

302 945 411 1008 latere:
434 950 613 1010 nominativo
635 948 709 1011 later
725 969 784 1010 non
808 949 926 1021 dicitur,
951 953 1083 1031 quamvis
1106 952 1182 1031 apud
1205 950 1335 1012 Probum
1357 954 1525 1013 invenimus
1546 953 1620 1015 hies

301 1050 391 1112 later:
416 1070 472 1111 nec
494 1052 571 1113 lovis
594 1054 624 1113 in
648 1054 827 1113 nominativo
851 1052 1002 1123 similiter,
1027 1054 1101 1115 lovis
1123 1054 1183 1114 lovi
1206 1054 1302 1115 lovem
1326 1073 1343 1114 a
1365 1053 1441 1115 love.
1479 1056 1596 1116 inveni·

300 1159 391 1213 untur
414 1156 548 1223 nomina,
577 1161 692 1216 tantum
720 1154 809 1215 modo
838 1154 888 1215 ubi
909 1160 972 1215 tres
1000 1164 1067 1216 sunt
1096 1174 1194 1225 casus,
1223 1155 1266 1217 ias
1294 1156 1376 1218 netas
1398 1176 1509 1237 nugas:
1539 1158 1597 1219 boc

303 1254 361 1325 las,
385 1254 443 1315 boc
466 1257 523 1325 ias,
548 1277 565 1316 o
587 1257 644 1324 las:
667 1258 723 1317 boc
747 1259 846 1326 uelas,
870 1257 927 1317 boc
949 1258 1046 1325 nolas,
1070 1278 1088 1317 o
1110 1260 1209 1327 netas:
1232 1276 1324 1338 nugas
1346 1259 1492 1321 similiter.
1517 1269 1596 1332 suut,

300 1356 352 1417 nbi
374 1357 446 1428 duo,
471 1357 519 1418 hic
540 1359 685 1438 luppiter,
710 1378 728 1419 o
750 1360 897 1439 luppiter;
934 1358 983 1421 ubi
1006 1380 1080 1421 unus
1103 1362 1142 1422 sit
1163 1367 1291 1431 tantum,
1314 1368 1421 1441 sponte
1437 1369 1508 1423 natu
1527 1362 1596 1424 tabo

301 1458 426 1520 dicione.
473 1478 545 1538 ergo
567 1469 666 1538 potest
687 1462 751 1521 lieri
773 1468 806 1522 ut
827 1459 919 1539 aliqui
941 1480 1025 1523 casus
1048 1463 1151 1525 deesse
1174 1464 1340 1536 videantur,
1365 1483 1425 1525 non
1447 1473 1547 1526 tamen
1565 1474 1597 1527 ut
1610 1480 1632 1518 10

300 1579 403 1622 omnes
426 1560 532 1623 desint.

389 1665 509 1727 Nomini
537 1665 674 1725 accidunt
703 1685 769 1735 sex,
799 1665 924 1747 qualitas
953 1669 1125 1747 conparatio
1147 1687 1242 1747 genus
1264 1688 1406 1731 numerus
1427 1672 1523 1747 ligura
1546 1688 1596 1731 ca·
1669 1670 1670 1679 ’

299 1787 362 1828 sus:
407 1765 492 1827 multi
522 1768 761 1847 vituperaverunt
786 1770 816 1828 in
847 1769 902 1829 bac
923 1788 958 1831 re
986 1768 1059 1830 tales
1087 1769 1282 1833 definitiones.
1329 1773 1380 1851 qui
1403 1772 1507 1833 definit
1530 1771 1596 1834 illas
1669 1848 1670 1851 Ἴ

299 1889 349 1930 res
372 1868 460 1930 debet
482 1868 596 1939 dicere,
620 1889 696 1950 quae
719 1888 836 1950 semper
860 1873 1062 1950 contingunt,'
1076 1880 1126 1933 aut
1145 1872 1210 1933 illas
1225 1892 1274 1934 res
1290 1872 1400 1942 dicere,
1417 1892 1492 1953 quae
1507 1894 1595 1935 nuni-

300 1990 389 2051 quam
413 1973 595 2049 contingunt.
642 1972 709 2031 vide
738 1974 828 2050 nequi
858 1973 911 2033 tibi
940 1974 1027 2035 iaciat
1049 1976 1253 2054 quaestionem
1276 1977 1307 2034 in
1330 1974 1385 2036 bac
1407 1994 1440 2037 re
1464 1984 1494 2035 et
1516 1976 1632 2037 dicatu

300 2072 371 2133 tibi:
394 2093 486 2153 quare
510 2074 640 2135 Donatus
662 2076 702 2136 ita
725 2074 812 2145 dixit,
839 2072 844 2156 Ι
871 2077 983 2136 nomini
1006 2076 1142 2138 accidunt
1164 2076 1220 2137 hae
1242 2096 1305 2146 res,
1336 2078 1461 2156 qualitas
1484 2097 1595 2157 conpa-

299 2176 374 2237 ratio
397 2194 489 2254 gentis
512 2195 653 2237 numerus
675 2178 768 2255 figura
791 2180 895 2239 casus?
924 2180 963 2239 ita
992 2178 1122 2240 delinivit
1144 2180 1290 2250 Donatus,
1315 2181 1426 2241 nomini
1455 2181 1597 2241 accidunt

298 2276 355 2337 hae
388 2297 451 2347 res,
486 2277 610 2355 qualitas
642 2282 815 2358 conparatio
846 2297 942 2358 genus
974 2300 1118 2343 numerus
1153 2284 1245 2361 ligura
1279 2300 1373 2343 casus.
1418 2290 1448 2343 et
1476 2282 1595 2343 Probus

298 2379 406 2441 adiecit
429 2380 499 2440 ‘sed
522 2381 663 2442 accidunt
685 2384 772 2442 etiam
796 2388 959 2443 accentus!
991 2382 1135 2445 habemus
1157 2386 1187 2444 iu
1203 2382 1302 2446 Probo
1325 2393 1479 2445 accentum
1503 2386 1593 2445 etiam

298 2484 411 2559 pomini
439 2482 591 2553 accidere;
620 2483 709 2563 legite
737 2493 831 2544 artem
859 2484 949 2545 Probi
979 2494 1008 2546 et
1035 2488 1201 2547 invenietis.
1245 2488 1412 2566 quaeritur,
1440 2489 1493 2566 qui
1516 2485 1632 2548 honen

298 2584 454 2645 definierit.
500 2586 526 2646 si
554 2604 657 2647 verum
686 2605 826 2666 quaeras,
857 2593 886 2647 et
913 2589 968 2648 iste
995 2590 1143 2668 peccavit,
1173 2587 1226 2649 sed
1258 2590 1290 2648 iu
1322 2607 1380 2649 una
1407 2607 1456 2657 re,
1487 2594 1517 2649 et
1544 2588 1593 2649 illo

298 2687 329 2745 in
362 2684 419 2747 alia
452 2706 495 2747 re.
540 2687 589 2748 ille
621 2690 652 2748 in
685 2688 742 2749 boc
778 2691 925 2768 peccavit,
968 2689 1047 2765 quod
1082 2689 1197 2751 adiecit.
1243 2691 1319 2767 siqui
1352 2699 1450 2751 tamen
1484 2692 1592 2751 obiciat

299 2790 327 2849 ei
359 2788 415 2849 boc
444 2790 556 2869 ipsum,
590 2796 687 2869 potest
714 2790 813 2852 dicere
842 2790 957 2852 Probus
985 2790 1069 2852 ‘ideo
1100 2792 1160 2853 dixi
1189 2800 1345 2854 accentum
1374 2790 1512 2855 accidere
1539 2814 1590 2854 no·

299 2891 386 2959 rrriui,
415 2892 498 2970 quia,
533 2910 620 2970 quem
648 2892 684 2953 ad
718 2892 838 2954 modum
874 2891 998 2972 qualitas
1031 2912 1148 2973 semper
1181 2896 1313 2973 sequitur
1348 2914 1471 2966 nomen,
1502 2913 1590 2973 quem

299 2990 336 3051 ari
364 2992 484 3052 modum
517 3010 609 3071 genus
637 3012 756 3074 semper
790 2997 926 3072 sequitur
959 3014 1082 3066 nomen,
1112 3016 1199 3076 quem
1233 2997 1268 3057 ad
1302 2997 1423 3059 modum
1450 3016 1592 3059 numerus
1607 3014 1632 3051 aa

297 3112 414 3174 semper
437 3096 570 3171 sequitur
593 3114 718 3167 nornen,
748 3098 790 3157 sio
813 3114 933 3177 semper
955 3107 1094 3159 accentus
1125 3102 1258 3177 sequitur
1286 3104 1420 3161 nomeu’
1465 3110 1592 3161 nonest

298 3194 370 3265 hoc,
393 3196 470 3257 male
493 3198 616 3257 definiit.
661 3217 730 3259 nam
753 3201 779 3259 si
801 3199 937 3279 placebat
959 3202 987 3260 ei
1010 3219 1043 3261 ea
1066 3201 1182 3271 dicore,
1207 3220 1283 3280 quae
1305 3220 1424 3281 semper
1439 3202 1590 3273 accidunt,

298 3297 400 3359 debuit
423 3299 523 3359 dicere
545 3298 700 3361 ‘accidunt
723 3303 836 3362 nomini
860 3302 985 3381 qualitas
1002 3320 1095 3380 genus
1119 3323 1262 3365 numerus
1276 3305 1369 3381 figura
1386 3323 1472 3367 casus
1487 3324 1591 3367 accen·

298 3403 368 3461 tus'
409 3409 564 3462 accentum
591 3402 678 3471 dixit3
709 3403 787 3466 dicat
814 3412 938 3483 ergoet
965 3402 1108 3465 litteram:
1139 3424 1206 3467 nam
1230 3404 1383 3486 numquid
1406 3415 1591 3486 potestesse

298 3521 406 3563 nomen
429 3506 494 3564 siue
516 3503 639 3564 litteris?
660 3504 816 3585 syllabam:
847 3525 914 3567 uam
938 3507 1081 3587 numquid
1104 3516 1201 3588 potest
1225 3527 1289 3569 esse
1312 3527 1421 3570 nomen
1445 3511 1510 3570 sine
1533 3510 1590 3589 syl·
1604 3528 1629 3567 oo

297 3604 381 3666 labai
405 3613 434 3667 ct
456 3605 512 3665 boc
536 3605 637 3667 debuit
659 3607 768 3677 dicere,
792 3616 822 3669 et
844 3610 942 3669 omnia
966 3626 1041 3686 quae
1064 3629 1182 3690 semper
1204 3610 1341 3672 accidunt
1363 3610 1464 3672 debuit
1479 3612 1591 3675 dicero.

297 3705 349 3767 sed
370 3706 574 3769 stultissimum
597 3720 650 3770 est.
681 3729 738 3790 qua
761 3712 879 3771 ratione
900 3710 1103 3773 stultissimum
1128 3714 1190 3773 esti
1213 3714 1354 3791 quoniam
1375 3712 1424 3773 illa
1447 3712 1593 3775 debemus

297 3808 397 3869 dicere
419 3809 597 3881 accidentia,
627 3830 702 3891 quae
730 3812 898 3892 specialiter
926 3813 1073 3875 accidunt.
1118 3814 1230 3876 litteras
1259 3822 1359 3876 autem
1386 3823 1437 3877 aut
1463 3814 1593 3896 syllabas

296 3928 357 3972 uon
379 3911 511 3972 videmus
534 3909 668 3973 accidere
691 3915 859 3993 specialiter
881 3916 1009 3987 nomini,
1039 3916 1091 3977 sed
1114 3915 1294 3995 generaliter
1317 3923 1395 3978 totae
1419 3916 1591 3979 elocutioni.

298 4011 423 4095 [nomini
450 4016 547 4075 omnia
576 4014 742 4094 specialiter
771 4017 907 4078 accidere
929 4016 1045 4089 volunt,
1075 4037 1135 4080 non
1158 4019 1350 4098 generaliter:
1386 4038 1454 4079 nam
1477 4021 1593 4082 litteras
1605 4037 1648 4081 35,

299 4133 418 4195 semper
440 4116 576 4177 accidere
599 4119 711 4178 nomini
734 4121 858 4189 scimuS,
890 4117 1016 4198 syllabas
1043 4138 1162 4199 semper
1185 4121 1320 4183 accidere
1343 4120 1479 4202 scimus]
1520 4141 1593 4202 ergo

366 4308 382 4353 4
400 4319 415 4352 a
433 4304 511 4353 latero
530 4306 647 4367 quamuis
662 4306 731 4371 apud
751 4308 856 4372 probum
875 4307 1018 4357 irriteuimus
1037 4306 1078 4357 tto
1094 4308 1157 4357 later
1171 4310 1327 4359 nominatiuo
1345 4306 1403 4372 (-uo
1420 4324 1489 4363 corr.
1503 4312 1540 4361 ιιῐι
1554 4311 1593 4375 Β)

297 4374 360 4423 later
379 4390 429 4423 non
450 4375 512 4423 dicit
531 4375 678 4425 neoABG
746 4376 849 4440 bapud
868 4375 987 4441 Probum]
1007 4378 1098 4432 cathol.
1116 4394 1143 4443 p.
1164 4379 1240 4439 17‚4
1279 4382 1283 4389 “
1312 4380 1344 4429 lt
1367 4394 1431 4442 quae
1450 4396 1591 4444 numquam

298 4445 339 4494 Oa
358 4460 423 4506 quae
440 4458 631 4507 nonnumquam
649 4446 704 4495 AB
775 4447 806 4496 17
826 4447 860 4495 ita
880 4447 994 4497 deliniuit
1011 4449 1079 4497 cira
1098 4449 1185 4498 delinit
1202 4449 1227 4497 Α
1235 4465 1240 4497 :
1261 4452 1295 4499 ita
1314 4480 1346 4489 -
1361 4449 1393 4501 18
1411 4464 1486 4499 casias
1504 4466 1552 4504 om.
1567 4452 1593 4501 B

369 4514 401 4564 18
419 4513 526 4581 Probus]
548 4518 605 4568 inat.
625 4525 674 4569 art.
694 4530 720 4577 p.
742 4517 786 4580 51,
801 4517 832 4566 ‘21
888 4516 921 4565 20
939 4518 1074 4567 inuenietis
1090 4518 1162 4570 BCa
1181 4520 1299 4569 inuenitis
1318 4520 1342 4567 Α
1413 4520 1447 4571 23
1463 4521 1520 4571 ideo
1535 4522 1592 4571 dixi

297 4584 322 4632 Α
340 4585 397 4633 ideo
412 4585 478 4633 dixit
491 4582 556 4634 Ba*
571 4586 628 4635 ideo
647 4587 695 4634 dix·
713 4587 734 4635 G
800 4586 835 4637 29
855 4595 985 4636 accentum
1002 4589 1067 4636 dixit
1083 4590 1103 4639 G
1123 4598 1243 4639 accentus
1263 4590 1329 4639 dixit
1349 4588 1372 4637 Α
1391 4592 1451 4654 quia
1471 4600 1592 4641 accentus

295 4654 379 4716 (corr.
396 4655 472 4714 -tum)
491 4655 596 4703 dixitB
666 4665 691 4704 et
710 4654 846 4706 litternmd
863 4664 888 4705 et
906 4657 987 4706 littera
1002 4658 1086 4709 ABG
1153 4660 1187 4711 30
1202 4659 1325 4722 syllabam
1342 4674 1400 4709 nant
1418 4676 1465 4711 om.
1486 4660 1540 4713 BG

297 4754 303 4770 .
349 4724 434 4773 dicere
452 4724 497 4771 sed
516 4732 542 4774 et
556 4726 641 4774 omniu
660 4726 684 4773 Α
754 4726 788 4775 33
806 4740 870 4788 quaa
888 4727 1009 4791 specialia
1026 4729 1111 4779 ABG
1179 4728 1211 4778 34
1228 4738 1296 4779 totae
1309 4730 1444 4781 elocutioni
1463 4730 1525 4781 Gal>
1544 4734 1591 4781 toti

297 4794 433 4843 eoeutiooi
446 4792 471 4841 B
485 4802 538 4842 totu
555 4794 696 4844 elocutione
713 4796 738 4844 Α
807 4796 842 4847 35
861 4798 962 4847 nomine
978 4798 1003 4847 Α
1022 4814 1090 4851 corr.
1107 4800 1144 4848 -ni
1164 4817 1195 4851 a:
1214 4801 1358 4851 nomini-
1374 4801 1528 4867 generaliter
1546 4802 1593 4851 noe

295 4866 350 4916 loeo
369 4864 459 4914 omissa
474 4865 499 4912 in
517 4879 596 4932 auara.
615 4866 651 4913 ad
666 4880 727 4932 ergo
743 4866 805 4920 add.
825 4864 878 4920 BC
