3350 5442
311 367 374 432 520
854 370 1054 434 nvevsrlru

340 489 361 530 p.
374 477 476 518 333-33
488 475 512 518 r.

811 574 861 636 DE
884 574 1097 637 renitente

395 691 475 753 llaec
496 711 565 773 pars
588 695 728 754 erationis
751 701 781 754 et
802 713 818 754 a
841 693 933 754 verbo
955 695 1064 773 accipit
1085 705 1201 773 partem
1223 703 1253 755 33
1275 714 1291 754 3
1313 696 1448 757 nemine:
1472 715 1601 777 namque

310 778 379 837 inde
408 779 598 858 participium
625 779 744 839 dicitur.
789 781 850 839 exit
877 787 975 840 333333
1008 779 1081 839 llaec
1113 799 1182 858 pars
1216 781 1359 840 erationis
1386 782 1418 841 in
1448 785 1599 862 praesenti

310 871 444 942 tempere
472 866 502 923 in
534 883 587 924 ens
616 872 644 924 ct
673 867 702 924 in
731 882 784 926 ans
806 863 947 943 syllabas,
971 871 1004 924 nt
1024 864 1128 941 legens
1151 884 1266 935 amans,
1290 866 1389 925 luture
1411 873 1548 946 tempore
1571 869 1602 926 in

313 967 378 1016 rus,
403 955 435 1012 ut
462 948 564 1026 legens
592 949 736 1019 lecturus,
767 945 897 1031 3333331
921 957 1085 1018 amaturus,
1114 952 1144 1008 in
1171 951 1334 1029 praeterite
1356 950 1451 1010 lectus
1473 960 1623 1019 amatus,a

310 1036 410 1092 luture
432 1033 575 1110 legendus
598 1035 750 1095 amandus
794 1034 878 1094 rides
899 1034 976 1094 lianc
998 1041 1114 1112 partem
1142 1037 1286 1096 erationis
1308 1037 1352 1094 ire
1375 1054 1430 1114 per
1452 1044 1598 1116 tempera.

310 1119 408 1178 omnia
436 1117 510 1177 haec
538 1139 553 1178 a
583 1118 674 1178 verbe
702 1127 869 1180 mutuatur:
909 1138 977 1179 nam
1004 1118 1095 1179 verbo
1122 1122 1301 1180 conveniunt
1327 1127 1474 1199 tempora.
1520 1122 1599 1200 33331

310 1210 408 1262 antem
432 1203 599 1263 declinatur
621 1222 675 1283 per
698 1223 797 1273 casus,
820 1204 877 1264 hoc
899 1222 916 1264 a
939 1205 1057 1265 nomine
1080 1212 1346 1265 mutuatum-nam
1368 1204 1529 1266 declinatio
1552 1225 1598 1266 ca·

310 1287 401 1347 333133
424 1289 459 1348 331
483 1306 589 1348 nemen
611 1290 754 1368 pertinet,
778 1297 811 1349 ut
832 1289 882 1348 hic
905 1288 1007 1366 legens
1034 1289 1123 1349 huius
1145 1289 1272 1366 legentis
1293 1289 1362 1350 huic
1385 1288 1495 1368 legenti
1521 1291 1599 1350 hunc

311 1372 457 1449 legentem
481 1392 498 1432 o
520 1374 622 1451 legens
644 1373 681 1436 ab
703 1375 758 1434 hec
782 1373 909 1451 legente.
939 1391 1011 1451 erge
1026 1373 1104 1453 qued
1126 1373 1198 1434 haec
1220 1393 1290 1454 pars
1312 1377 1454 1435 erationis
1476 1375 1522 1435 vel
1546 1394 1600 1454 per
1613 1392 1634 1429 3

310 1464 441 1536 tempora
469 1457 513 1518 331
541 1477 595 1536 per
623 1476 709 1520 casus
735 1461 847 1528 currit,
875 1461 1066 1539 participium
1096 1467 1231 1529 vocatur,
1263 1459 1341 1539 qued
1362 1467 1479 1538 partem
1500 1462 1600 1539 capiat

309 1543 447 1612 neminie,
477 1551 591 1622 partem
620 1542 715 1604 verbi.
754 1563 810 1604 nen
839 1542 988 1604 laboriosa
1017 1561 1087 1622 pars
1115 1551 1160 1604 est
1183 1545 1341 1614 orationis,
1365 1544 1418 1604 sed
1442 1545 1598 1605 intellectu

309 1627 415 1687 facilis.
461 1646 527 1688 nam
557 1631 706 1707 praesenti
736 1636 868 1707 tempere
898 1630 959 1689 erit
979 1630 1011 1688 in
1033 1647 1086 1688 333
1108 1636 1139 1688 33
1160 1630 1191 1688 33
1214 1648 1282 1697 333,
1305 1636 1339 1689 33
1360 1647 1462 1690 amaus
1484 1629 1597 1706 legens,

308 1713 409 1772 tuturo
432 1713 538 1790 agendi
559 1713 773 1790 significatione
796 1715 827 1772 in
850 1731 916 1782 333,
941 1720 975 1773 33
990 1720 1140 1774 amaturus
1155 1713 1302 1783 lecturus;
1325 1713 1488 1792 apatiendi
1505 1716 1598 1791 signi·

307 1798 442 1856 ficatione
465 1799 496 1857 in
520 1805 566 1858 tus
589 1806 618 1859 et
640 1801 671 1858 in
693 1799 763 1867 3133,
793 1805 825 1858 33
853 1808 967 1858 amatus
994 1798 1146 1875 legendus.
1184 1817 1255 1858 sane
1279 1800 1377 1876 ipsum
1400 1801 1598 1878 praeteritum
1612 1814 1632 1852 3

309 1888 426 1960 tempus
448 1881 547 1942 tribus
569 1881 690 1962 syllabis
711 1885 904 1952 terminatur,
928 1884 1043 1952 intua,
1067 1890 1101 1944 33
1122 1884 1254 1963 scriptus
1275 1883 1385 1952 lectus,
1415 1885 1446 1944 in
1469 1903 1538 1953 333,
1567 1893 1599 1944 33

308 1969 423 2026 eccisus
450 1969 544 2036 33333,
574 1969 603 2027 33
631 1987 700 2038 333,
729 1975 762 2028 33
788 1969 878 2036 13333;
906 1967 972 2046 plus
999 1986 1058 2027 non
1085 1970 1229 2029 invenies
1274 1985 1363 2044 erge,
1394 1974 1428 2028 ut
1455 1969 1597 2037 diximus,

307 2054 502 2130 praesensio
526 2070 578 2113 ens
601 2060 630 2113 et
653 2055 683 2113 in
707 2071 774 2121 ans,
797 2055 931 2113 futurum
954 2055 982 2112 in
1006 2071 1072 2123 rus,
1095 2055 1291 2132 praeteritum
1313 2055 1343 2112 in
1373 2060 1435 2123 tus,
1464 2055 1598 2114 iuturnm

307 2146 425 2214 tempus
453 2138 484 2197 in
512 2136 576 2196 3133.
621 2148 690 2198 3333
718 2155 787 2198 3333
816 2139 950 2208 nemina,
979 2155 1055 2218 qnae
1084 2157 1156 2198 sono
1184 2138 1340 2217 participia
1362 2145 1521 2217 putantur,
1546 2139 1597 2199 sed

307 2223 426 2281 nomina
459 2228 538 2282 sunt.
589 2223 747 2302 partieipia
780 2224 859 2283 enim
893 2222 943 2283 illa
976 2229 1046 2283 sunt
1076 2241 1151 2302 quae
1180 2242 1196 2283 3
1223 2215 1323 2282 verbis
1351 2225 1487 2293 veniunt,
1521 2231 1554 2284 ut
1581 2239 1631 2282 aa]

306 2305 373 2384 lege
399 2306 500 2384 legens
528 2307 658 2367 lecturus
687 2307 781 2367 lectus
812 2307 970 2384 legendus3
999 2309 1148 2368 tunicatus
1175 2315 1207 2366 ot
1232 2307 1365 2386 galeatus
1393 2316 1422 2368 et
1450 2310 1598 2387 clipeatus

307 2399 336 2451 et
358 2398 528 2470 tropaeatus
551 2395 669 2452 nomina
691 2399 768 2462 sunt,
793 2411 852 2452 non
874 2394 1042 2472 participia,
1065 2395 1134 2472 quia
1156 2411 1215 2453 nen
1238 2412 1255 2453 a
1277 2391 1368 2452 verbo
1389 2396 1523 2454 veniunt.
1554 2403 1599 2452 333

306 2494 397 2536 unum
425 2477 614 2556 participium
643 2479 796 2556 praeteriti
826 2479 969 2556 temporis
997 2479 1028 2537 in
1057 2479 1137 2537 omni
1165 2477 1258 2538 latino
1285 2495 1437 2548 sermone,
1461 2479 1542 2558 qued
1566 2481 1597 2537 in

306 2562 430 2621 lormam
453 2563 580 2621 neminis
610 2559 669 2641 [331
692 2560 937 2641 declinationem]
962 2580 1136 2622 conversum
1160 2570 1218 2631 333,
1238 2570 1271 2622 33
1293 2570 1338 2623 333
1359 2570 1507 2623 mortuus.
1552 2569 1598 2623 est

306 2648 386 2706 enim
414 2644 450 2706 ab
479 2665 514 2705 eo
540 2648 618 2725 quod
646 2654 690 2707 est
718 2648 845 2716 morior,
876 2655 905 2707 33
932 2648 1123 2726 participium
1145 2649 1302 2726 praeteriti
1326 2650 1469 2727 temperis
1491 2651 1525 2709 in
1550 2657 1632 2708 tusas

306 2733 388 2790 exire
418 2729 519 2791 debuit
547 2751 600 2810 per
628 2730 719 2792 ununi
748 2751 781 2801 u,
811 2750 870 2792 non
898 2750 953 2810 per
980 2731 1048 2792 due.
1092 2750 1159 2793 nam
1190 2731 1242 2792 nbi
1270 2734 1419 2809 geminata
1447 2752 1467 2792 u
1495 2734 1597 2794 littera

305 2818 336 2876 in
353 2817 535 2876 nominativo
557 2824 616 2885 est,
640 2835 747 2877 nomen
771 2823 830 2886 333,
854 2835 914 2877 333
929 2818 1135 2896 participium,
1159 2825 1192 2878 33
1207 2818 1306 2876 133333
1321 2819 1468 2894 ingenuus
1484 2819 1596 2879 arduus

305 2901 433 2960 carduus
455 2902 579 2978 exiguus
603 2900 722 2970 heluus,
747 2909 779 2962 ut
802 2902 905 2962 Cicero
928 2901 1017 2972 dixit,
1041 2908 1071 2961 33
1092 2900 1171 2963 talia.
1216 2909 1317 2961 centra
1340 2903 1473 2979 regulam
1501 2905 1596 2983 parti·

305 2987 452 3064 cipierum
481 2994 615 3046 mortuus
645 2993 766 3065 putatur
793 3005 859 3047 esse
887 2989 1094 3068 participium,
1117 2987 1169 3047 sed
1192 2989 1224 3046 in
1246 2988 1303 3047 vim
1327 2987 1519 3067 regulamque
1544 3008 1595 3049 ne·

304 3072 392 3131 minis
413 3088 587 3131 conversum
610 3079 664 3131 333.
1608 3087 1631 3128 ae

771 3240 819 3302 DE
842 3240 1121 3303 cenlvncrlurm

389 3359 564 3421 Coniunctio
592 3367 637 3420 est
665 3378 734 3439 pars
763 3362 906 3422 erationis
928 3368 1051 3422 nectens
1073 3361 1273 3440 ordinansque
1296 3364 1485 3423 sententiam.
1523 3382 1595 3424 cen·

304 3446 450 3506 iunctioni
473 3444 610 3506 accidunt
625 3447 718 3523 ligura
734 3446 806 3506 erdo
821 3454 962 3526 potestas.
1000 3447 1092 3524 ligura
1115 3454 1238 3526 estque
1261 3454 1384 3526 apparet
1406 3448 1500 3525 figura
1523 3452 1595 3508 sim·

303 3531 371 3610 plen
394 3533 631 3607 retenimento,
662 3531 714 3592 sed
742 3531 896 3611 equidem;
926 3533 999 3593 erdo
1021 3550 1079 3611 quo
1101 3539 1238 3611 apparet,
1262 3551 1337 3611 quae
1359 3536 1505 3612 praeponi
1529 3541 1629 3594 tan-³⁵

305 3624 364 3676 tum
388 3617 483 3694 pessit
509 3623 541 3676 ut
564 3633 645 3686 nam,
674 3634 748 3696 3333
772 3613 936 3697 subiunlgi,
965 3624 999 3678 ut
1025 3634 1098 3697 333,
1121 3636 1197 3697 3333
1219 3620 1362 3696 praeponi
1386 3625 1416 3677 et
1437 3617 1591 3696 subiungi,

304 3709 335 3761 ut
358 3709 386 3760 33
409 3702 511 3778 igitur.

387 3785 521 3847 Potestas
544 3787 783 3848 coniunctionum
806 3789 836 3848 in
860 3789 992 3867 quinque
1013 3789 1130 3868 species
1153 3787 1306 3848 dividitur.
1349 3795 1419 3848 sunt
1440 3790 1520 3850 enim
1543 3808 1591 3849 ce·

303 3868 449 3950 pulativae
473 3878 503 3932 33
525 3889 582 3951 333
605 3878 651 3932 333
673 3879 703 3932 33
726 3878 828 3952 atque,
853 3873 1048 3933 disiunctivae
1071 3873 1237 3933 33333331
1259 3891 1333 3933 3333
1355 3891 1411 3933 333
1433 3893 1531 3955 33333
1553 3894 1591 3936 33

303 3963 416 4026 utrum,
446 3955 608 4036 expletivae
636 3956 756 4036 quidem
784 3958 923 4038 equidem
951 3966 1047 4019 autem
1071 3965 1169 4019 tamen
1191 3976 1281 4038 perro
1302 3958 1443 4020 videlicet
1464 3961 1626 4039 preiodc⁴⁰

303 4041 431 4121 denique
454 4043 572 4122 utique,
596 4041 728 4103 causales
750 4044 775 4103 si
799 4045 856 4104 etsi
879 4045 996 4104 tametsi
1019 4045 1135 4104 etiamsi
1158 4043 1304 4124 siquidem
1324 4043 1443 4123 quando
1458 4045 1589 4123 quande·

267 4155 270 4160 ·
302 4126 422 4206 quidem
451 4129 524 4206 quin
552 4129 717 4208 quinetiam
745 4130 791 4188 sin
818 4131 956 4189 sinetiam
984 4147 1162 4209 quamquam
1194 4131 1328 4209 quamvis
1360 4132 1509 4191 sinautem
1537 4149 1590 4190 333

254 4233 256 4248 ·
302 4213 365 4272 3333
388 4229 454 4272 nam
478 4231 604 4292 namque
625 4214 683 4273 nisi
706 4214 791 4273 nisisi
813 4216 893 4275 enim
916 4216 1026 4275 etenim
1048 4214 1102 4274 3331
1123 4221 1333 4293 utpraeterea
1355 4215 1471 4276 interea
1486 4234 1589 4295 quam·

370 4383 386 4431 2
406 4397 463 4432 nam
480 4383 572 4432 deiude
590 4382 615 4431 F
686 4381 702 4434 3
720 4382 783 4433 13333
797 4399 856 4448 pers
875 4385 996 4434 3333133313
1014 4383 1147 4435 Ρ33333333
1164 4399 1224 4452 para
1241 4384 1316 4435 huius
1335 4385 1456 4434 orationis
1473 4386 1521 4443 ra

301 4451 426 4501 63331333
444 4451 469 4501 F
538 4449 584 4519 ire]
611 4468 667 4504 3333
686 4467 718 4510 ς,
737 4469 784 4508 em.
804 4455 829 4503 F
898 4455 1045 4504 ieuerbo
1064 4463 1192 4504 mutantur
1210 4454 1234 4503 F
1300 4455 1446 4505 Scrutatur
1463 4455 1490 4504 F
1558 4454 1587 4504 lt

301 4537 408 4572 occasus
424 4538 492 4576 3333,
514 4524 610 4572 3331333
629 4522 654 4571 F
705 4522 738 4574 19
755 4521 866 4591 tempus]
887 4539 988 4589 semper
1005 4525 1050 4579 Fa
1108 4525 1242 4590 participio
1260 4525 1426 4575 mutenturF
1486 4526 1520 4575 22
1538 4533 1588 4574 tro·

300 4602 390 4656 peetus
408 4593 433 4642 F
444 4591 608 4659 trepheeetus
627 4605 644 4648 ς
667 4629 670 4640 .
701 4602 739 4644 est
760 4608 837 4644 unum
856 4596 1016 4660 participium
1035 4595 1165 4658 praeteriti
1184 4598 1306 4661 temporis
1325 4596 1350 4644 in
1369 4610 1417 4643 uus
1436 4596 1506 4659 33331
1519 4596 1587 4644 exire

300 4662 420 4716 delinire
489 4664 523 4714 25
543 4663 610 4727 quod
630 4663 766 4713 merierF
832 4667 867 4714 ’233
885 4665 966 4713 littera
984 4665 1156 4716 nominatione
1168 4665 1213 4719 Fa
1282 4665 1465 4721 aubettensg
1524 4665 1588 4715 dixit

301 4739 327 4779 nt
346 4732 405 4781 33133
422 4731 446 4780 F
462 4732 526 4781 dixit
542 4734 567 4781 ln
584 4747 615 4783 33
638 4740 664 4780 nt
683 4731 804 4790 talinmg
890 4733 924 4784 34
942 4734 1024 4800 ligura
1041 4744 1080 4783 est
1097 4750 1162 4798 3333
1179 4744 1286 4801 apparet
1310 4735 1392 4801 ligure
1416 4734 1527 4801 simplex
1542 4733 1587 4783 3331

300 4798 345 4856 ra
414 4797 815 4868 35333]333311“,333333ς
895 4803 931 4855 311
954 4815 1029 4868 atque
1051 4805 1119 4868 33331
1137 4805 1342 4854 disiunctiuaeF
1423 4802 1497 4871 neve]
1519 4802 1589 4854 neF

373 4870 405 4919 tt
424 4869 637 4937 qnandoquidem]
659 4873 774 4934 equidem
792 4873 837 4929 Fa
877 4875 880 4880 “
