3350 5442
680 323 751 386 aas
1325 320 1367 383 ec
1464 377 1467 380 ,
1570 290 1574 303 ’

1174 444 1195 484 p.
1210 432 1267 472 1891.
1280 431 1305 470 95
1318 428 1342 469 P.

79 535 155 579 maro
177 524 221 578 est
243 517 412 577 communia
434 532 532 576 amara
555 515 622 574 sint.
668 511 783 574 dulcius
804 531 894 592 quam
916 530 971 592 pro
994 511 1097 592 dulci],
1120 513 1206 590 quasi
1227 513 1265 572 sit
1286 509 1366 572 aliud

80 639 154 681 mara
181 617 280 680 dulce.
310 652 352 662 -
379 617 421 676 Vt
447 618 516 678 iam
544 617 687 678 senior:
727 616 876 676 seniorem
904 613 953 675 hic
980 616 1051 675 dixit
1073 612 1192 696 [magis]
1216 616 1364 682 iuvenem,
1378 621 1438 683 374,
1451 623 1482 670 31

80 740 133 783 non
154 723 245 801 magis
269 738 388 794 senem,
412 721 460 783 cui
483 727 527 780 est
548 717 649 779 viridis
671 725 818 780 senectus.
865 735 936 796 ergo
958 715 1007 777 hic
1029 719 1245 797 comparativus
1267 717 1366 776 minus

81 843 95 885 a
115 825 234 904 positivo
258 823 413 902 significat.
442 855 484 866 -
511 821 570 883 ista
599 822 718 882 nomina
741 818 913 882 diminutiva
936 827 1007 881 suut
1028 826 1058 880 et
1079 819 1116 880 ah
1138 816 1366 900 inprudentibus
1378 827 1411 875 33

61 927 260 1007 aconparativa
282 925 506 1004 intelleguntur.
552 941 620 984 nam
643 923 872 1002 grandiusculus
894 922 1101 984 diminutivum
1124 929 1183 991 est,
1212 939 1273 983 noa
1295 938 1365 980 con-

82 1031 241 1110 parativum.
277 1061 319 1073 -
351 1030 419 1089 Aut
451 1025 583 1104 magis:
621 1028 696 1091 istae
728 1044 833 1087 omnes
866 1023 1028 1105 particulae
1060 1043 1117 1085 uec
1148 1021 1364 1105 comllparativo
1377 1031 1463 1093 375,1

83 1151 129 1194 nec
148 1134 328 1209 superlativo
350 1131 524 1208 iunguntur,
549 1129 606 1190 nisi
628 1126 750 1208 tanhum
771 1127 912 1208 positivo:
936 1128 987 1207 qui
1003 1127 1201 1206 comparativo
1217 1134 1247 1187 et
1260 1127 1364 1203 super·

83 1235 159 1294 laliro
184 1232 312 1294 uoluerit
337 1234 476 1310 iungere,
505 1231 606 1291 vilium
633 1231 713 1292 iacit.
737 1265 779 1274 -
800 1230 868 1291 Non
891 1229 1016 1291 ablativo
1038 1238 1167 1298 tantum,
1190 1227 1242 1289 sed
1266 1234 1296 1288 et
1317 1237 1393 1287 se·4

84 1339 164 1416 ptimo
186 1342 214 1396 et
235 1335 415 1397 nominativo
437 1333 549 1394 adiecta
571 1333 717 1412 particula
740 1350 837 1413 quana.
879 1330 1115 1413 [superlativus]
1139 1365 1181 1376 -
1203 1330 1362 1409 Compara·

51 1459 73 1494 ιυ
85 1441 149 1500 tirus
173 1455 232 1499 non
259 1435 356 1498 solum
384 1437 511 1515 septimo
539 1437 620 1496 casui
646 1437 794 1514 iungitur,
825 1434 878 1496 sed
907 1441 936 1494 et
958 1435 1147 1494 nominativo.
1170 1467 1211 1478 —
1235 1432 1393 1492 Troia-9

85 1559 198 1602 norum
220 1539 305 1600 luit:
329 1540 355 1599 si
377 1538 488 1598 dixeris
503 1537 701 1607 Graecorum,
725 1539 861 1598 vitiosum
885 1544 938 1598 est.
961 1572 1004 1581 -
1026 1537 1103 1598 Dum
1125 1536 1190 1597 dico
1214 1535 1364 1614 ‘luppiter
1377 1545 1408 1592 10

85 1644 198 1722 optimus
219 1643 395 1710 maximus’,
419 1641 586 1721 comparari
608 1658 668 1700 non
691 1648 802 1719 potest,
832 1641 901 1717 quia
923 1639 959 1700 ad
982 1642 1080 1718 ipsum
1102 1638 1199 1699 solum
1222 1638 1361 1717 pertinet,

84 1746 105 1804 si
125 1743 235 1824 quidem
258 1761 348 1805 nemo
371 1749 416 1804 est
437 1741 510 1803 alius
532 1742 678 1822 luppiter;
703 1745 868 1803 ethereas
890 1743 1079 1812 fortissimus,
1102 1740 1132 1800 id
1151 1748 1198 1800 est
1211 1739 1304 1799 fortis.
1321 1773 1362 1782 -

86 1845 304 1926 [Comparatirus
338 1846 456 1924 generis
488 1845 655 1905 communis
690 1853 736 1905 est
764 1851 888 1924 excepto
915 1845 1029 1914 senior,
1070 1844 1139 1921 quia
1164 1845 1262 1916 mopis
1289 1859 1364 1903 anus

52 1969 72 2007 15
85 1950 152 2009 lacit.
171 1946 223 2028 -]
246 1947 498 2008 Nominativc:
521 1948 738 2027 comparativus
760 1947 869 2025 gradus
889 1944 1040 2008 interdum
1062 1946 1152 2006 servit
1173 1945 1362 2005 nominativo.
1378 1955 1408 2002 11

158 2049 266 2110 Casus
299 2051 536 2110 nominativi:
575 2051 642 2127 quia
670 2047 810 2110 articulis¹
823 2049 1020 2110 discernimus
1042 2065 1161 2126 genera.
1198 2081 1241 2090 —-
1277 2044 1418 2125 Epi-14.
1430 2057 1464 2106 22

83 2169 224 2212 coenon:
261 2153 342 2212 inter
370 2169 526 2212 commuue
555 2159 584 2212 et
612 2153 775 2231 epicoenon
804 2150 862 2211 hoc
889 2152 1025 2211 interest:
1061 2166 1218 2210 commune
1246 2146 1363 2210 duohus

82 2255 202 2316 articulis
224 2251 400 2323 declinatur,
424 2252 549 2315 dicimus
572 2255 650 2315 cuim
672 2253 720 2316 hic
744 2259 774 2314 et
794 2251 869 2313 haec
893 2248 899 2334 1
924 2250 1078 2322 sacerdos;
1107 2252 1271 2331 epicoenon
1293 2267 1361 2321 unc,

83 2375 141 2416 uam
162 2355 284 2417 dicimus
305 2354 354 2415 hic
375 2373 479 2434 passer
507 2365 536 2418 et
563 2355 637 2417 haec
665 2354 772 2433 aquila.
797 2387 839 2400 -
860 2356 903 2414 vt
929 2354 1020 2415 haec
1041 2351 1256 2415 Eunuchus:
1294 2353 1407 2431 quia25

52 2457 115 2518 aad
135 2456 313 2518 comoediam
332 2455 444 2527 retulit,
467 2463 500 2518 ut
523 2456 756 2520 ‘Eunuchum
779 2459 907 2519 suam'.
933 2492 972 2502 -
995 2456 1186 2518 Feminina
1208 2460 1307 2516 sunl:
1331 2463 1408 2516 utta

82 2561 223 2622 Terentius
253 2561 348 2621 ‘mea
376 2559 616 2639 Glycerium'.
644 2594 687 2604 -
708 2559 861 2629 Neutra,
891 2567 931 2621 ut
951 2578 1096 2639 poema:
1125 2559 1199 2618 haec
1221 2554 1406 2636 equidem28

82 2669 173 2724 neutra
194 2669 271 2732 sunt,
295 2659 348 2722 sed
371 2661 449 2741 apud
471 2665 606 2743 antiquos
628 2664 769 2724 feminina
792 2669 885 2724 erant.
908 2697 950 2706 -
971 2663 1014 2723 Vt
1040 2661 1192 2741 pelagus
1214 2659 1358 2739 vulgus:
1374 2666 1407 2715 2⁰

84 2764 169 2827 ahta
189 2765 220 2824 in
241 2764 387 2843 singulari
409 2773 515 2825 neutra
543 2772 627 2835 sunt,
654 2766 686 2826 in
713 2763 822 2844 plurali
850 2763 1022 2826 masculina.
1050 2799 1093 2810 -—
1119 2764 1161 2824 Vt
1187 2762 1406 2824 halneum30

82 2867 258 2926 Tartarus:
283 2865 425 2928 Tartarus
446 2867 477 2926 in
500 2866 642 2945 singulari
664 2865 860 2928 masculinum
883 2874 941 2937 est,
963 2869 995 2928 in
1017 2864 1125 2945 plurali
1147 2855 1296 2928 neutrum.
1318 2901 1360 2909 —

52 2989 72 3028 a
84 2967 228 3028 Caelum:
252 2967 366 3029 caelum
389 2969 421 3028 in
436 2967 579 3046 singulari
594 2977 735 3030 neutrum
751 2974 803 3039 est,
819 2971 851 3030 in
874 2968 980 3049 plurali
1001 2967 1205 3039 masculinum,
1229 2967 1261 3028 hi
1275 2967 1359 3030 caeli.
1373 2975 1405 3023 31

82 3105 116 3114 -
134 3070 191 3130 Hoc
213 3087 305 3150 caepe
333 3077 363 3131 et
384 3070 439 3130 hae
462 3089 580 3150 caepae.
606 3105 644 3116 —
668 3071 794 3132 Porrum
816 3072 900 3150 porri
920 3072 953 3132 in
974 3070 1118 3149 singulari
1144 3075 1299 3138 neutrum,
1328 3071 1359 3132 in

81 3171 174 3251 plurali
194 3171 401 3233 masculinum.
428 3207 468 3217 -
490 3171 621 3234 Locus:
645 3173 694 3235 hic
709 3171 790 3234 locus
806 3173 923 3234 ethaeo
938 3172 1016 3249 ioca,
1040 3173 1071 3233 in
1086 3171 1228 3251 singulari
1243 3190 1359 3233 mascu-

81 3273 174 3344 linum,
196 3276 227 3334 in
249 3272 359 3354 plurali
381 3281 519 3336 neutrum
545 3274 607 3355 [hic
628 3274 712 3336 locus
733 3282 762 3336 et
782 3274 855 3336 haec
871 3273 960 3356 loca].
976 3310 1018 3321 —
1040 3274 1140 3335 Fori:
1163 3274 1245 3335 Toros
1267 3292 1357 3353 gene·

82 3377 116 3436 ris
129 3374 277 3436 masculini
293 3377 434 3448 dicimus,
458 3377 556 3438 locum
571 3376 733 3438 tabulatum
754 3375 757 3458 l
778 3377 873 3448 navis,
890 3385 922 3438 ut
937 3375 1242 3457 ‘implessemque
1256 3376 1360 3438 loros

55 3476 256 3539 allammis'.
294 3477 358 3538 lora
382 3487 495 3549 autem,
520 3461 570 3540 uhi
594 3478 832 3550 deambulamus,
861 3489 968 3542 neutro
990 3477 1181 3558 appellamus.
1204 3512 1246 3524 -
1268 3479 1404 3540 Sama

138 3683 195 3734 cod.
213 3683 294 3736 Bem.
315 3683 350 3732 v1
367 3679 475 3738 6*—8.
548 3683 644 3735 iaiiat
713 3683 803 3734 bnon
822 3700 870 3736 om.
940 3681 1097 3734 dordoniae
1167 3685 1253 3733 7nec
1269 3698 1359 3750 super·

82 3751 147 3801 lauro
165 3769 210 3803 ora.
284 3749 339 3818 qui]
363 3754 422 3817 quia
494 3755 523 3805 11
540 3754 663 3805 uisiosum
683 3768 754 3804 corr.
773 3755 808 3808 al.
827 3770 892 3805 mon.
910 3754 1034 3804 niciosum
1105 3754 1139 3804 12
1156 3751 1226 3821 quia]
1247 3754 1291 3816 qui

84 3822 193 3872 ldaeuer
211 3837 281 3876 corr.
299 3825 335 3874 al.
353 3839 418 3874 mon.
437 3839 529 3874 aeneas
583 3825 616 3874 14
631 3824 713 3890 magis
730 3841 777 3876 om.
842 3824 875 3875 lc
893 3825 1041 3890 epicoenum
1059 3840 1127 3874 corr.
1146 3827 1182 3875 al.
1200 3841 1267 3876 man.
1286 3837 1359 3885 -uon‚

82 3894 169 3957 duaque
181 3900 272 3958 postea
343 3893 375 3944 18
397 3893 554 3944 declinantur
613 3909 674 3944 unc
693 3909 739 3944 cm.
830 3895 863 3947 19
886 3904 912 3944 ut
936 3893 1086 3944 heunuchos
1108 3896 1151 3958 quai
1173 3895 1206 3945 ad
1276 3895 1311 3946 20
1331 3902 1359 3943 ut

83 3961 225 4014 heunucham
280 3971 340 4013 sunl
356 3965 480 4013 terentius
497 3973 525 4013 ut
540 3978 597 4014 mea
667 3966 702 4015 22
720 3971 781 4031 aput
848 3964 1288 4018 eaerunooorr.a1.manerant

83 4031 109 4081 25
128 4032 256 4098 implurule
279 4032 431 4084 leminiuum
455 4033 537 4097 (corr.
556 4036 591 4086 al.
608 4043 673 4086 man.
698 4033 880 4097 masculinum)
903 4044 931 4084 ut
949 4034 999 4084 hcc
1021 4051 1116 4101 caepae
1137 4044 1162 4085 el
1184 4035 1246 4084 haec
1264 4049 1358 4100 caepae

83 4103 233 4154 masculinum
251 4104 269 4152 ii
287 4101 370 4168 (corr.
387 4107 423 4155 al.
440 4119 504 4157 man.
521 4101 571 4166 hii)
591 4104 654 4154 caeli
673 4119 775 4170 porrum
840 4106 875 4156 ‘26
891 4105 1021 4170 implurali
1038 4105 1173 4156 masculini
1241 4105 1275 4154 27
1293 4104 1358 4154 haec

84 4170 129 4252 loca¹
141 4173 267 4293 looeppca
286 4174 313 4222 in
331 4174 470 4240 singularis
488 4174 629 4226 masculina
649 4175 674 4223 in
699 4174 791 4240 plurali
811 4183 901 4226 neutra
970 4175 1004 4226 29
1024 4176 1133 4227 dicimus
1148 4189 1206 4224 cum
1224 4175 1356 4224 innilioum

84 4253 142 4290 naun
256 4244 341 4293 neutri

137 4413 170 4465 20
186 4413 337 4465 Eunuchum
360 4411 443 4482 suam]
474 4416 532 4466 Ter.
549 4415 663 4467 Eunuclr.
681 4417 748 4480 prol.
767 4415 800 4468 32
877 4418 909 4467 21
931 4432 987 4466 mea
1009 4412 1163 4482 Glycerium]
1193 4415 1252 4469 Ter.
1272 4417 1356 4466 Andr.

87 4481 128 4544 ll,
144 4483 200 4535 107.
223 4485 323 4550 V6,h
389 4486 504 4547 sortame
526 4485 590 4536 haec
613 4503 681 4537 nunc
703 4487 806 4550 quidem
876 4488 910 4538 22
927 4494 986 4549 poet
1006 4490 1114 4552 pelagus
1132 4486 1225 4552 vulgus
1243 4502 1275 4536 ea
1292 4503 1358 4552 moue

88 4551 113 4599 td
126 4551 182 4605 iaec
202 4555 325 4606 uocabula
348 4555 504 4622 amplicanda
525 4557 658 4622 adscripta
676 4563 750 4607 erant
769 4557 928 4607 exciderunt.
949 4573 1006 4608 anm
1023 4573 1088 4622 puae
1104 4565 1241 4621 aequantur
1258 4573 1294 4606 ex
1309 4572 1357 4606 ex-

87 4623 186 4679 lctt'lioae
202 4629 322 4677 nonnam
340 4642 405 4692 quae
422 4629 448 4677 in
466 4628 590 4692 angulari
608 4643 708 4678 aunwro
729 4628 835 4678 alterius
852 4630 954 4693 generis
972 4635 996 4679 el
1013 4628 1117 4678 allerias
1133 4629 1160 4676 in
1180 4629 1278 4690 plurali
1300 4634 1358 4676 sunl

89 4693 157 4744 ratim
173 4704 228 4746 enat
298 4696 333 4745 29
353 4697 462 4747 dicimus
481 4711 537 4746 cum
554 4699 625 4747 innui
645 4698 728 4748 locum
747 4697 896 4748 Putecdiue:
921 4697 957 4759 cf.
976 4699 1086 4761 Pompei.
1102 4712 1130 4760 p.
1150 4697 1199 4749 151
1219 4698 1259 4748 ed.
1277 4697 1354 4748 Liad.

89 4757 408 4898 Sfflphpfflfflssgpgffi
425 4765 523 4818 cuam.
532 4783 560 4834 ρ.
576 4769 619 4834 rr,
637 4767 680 4822 ac.
699 4769 741 4830 32,
762 4767 804 4821 ao.
818 4767 882 4817 noa.
899 4781 928 4829 ρ,
945 4767 1004 4821 428.
1022 4769 1074 4821 aar
1143 4766 1353 4840 implessemque]
