3350 5442
553 337 602 399 DE
625 339 770 401 NOMINE
795 344 906 401 2-11
1317 342 1379 408 557
1434 427 1438 435 ι

1193 464 1215 502 p.
1229 454 1274 493 129.
1287 455 1313 492 30
1328 453 1353 494 l'.

84 543 179 604 paene
203 527 234 585 in
258 525 395 586 omnibus
417 527 580 594 faciebant,
604 547 679 606 quae
695 528 750 588 sub
774 529 878 590 eadem
901 530 1042 590 filialitate
1065 534 1096 590 in
1119 539 1246 611 utroque
1268 551 1378 609 genere

86 645 165 687 nunc
194 629 403 706 proferuntur,
433 636 465 689 ut
487 637 558 708 puta
581 633 680 707 magni
704 632 819 708 magnis
842 641 871 691 et
893 649 1017 709 magnae
1040 636 1169 710 magnis,
1200 635 1299 712 pudici
1323 655 1377 715 pu-

87 730 168 790 dicis
188 736 218 788 et
241 731 365 809 pudicae
389 730 518 810 pudiciS,
543 731 645 792 liberti
667 730 787 793 libertis
810 739 839 792 et
861 732 985 794 libertae
1009 734 1136 795 libertis.
1169 735 1242 795 haec
1265 739 1378 816 antiqui

86 831 125 890 ob
148 832 377 894 discernendum
407 852 510 893 serum
538 835 569 892 in
598 834 751 894 femininis
774 833 938 912 magnabus
959 835 1124 914 pudicabus
1145 836 1310 898 libertabus
1333 839 1377 899 di-

55 933 209 1004 5cebant;
233 936 285 995 sed
308 955 323 995 a
346 938 477 1014 posteris
498 933 547 995 illa
570 941 684 995 tantum
707 954 782 1014 quae
812 939 951 1016 superius
979 937 1107 999 diximus
1130 939 1161 997 in
1184 956 1239 998 usu
1262 947 1377 1000 retenta

84 1043 154 1096 sunt
181 1046 304 1117 propter
332 1039 408 1098 iuris
434 1039 657 1106 necessitatem,
688 1037 765 1116 quod
794 1056 914 1100 omnem
940 1038 1165 1117 ambiguitatem
1188 1042 1305 1102 auferre
1329 1062 1376 1102 vo·

84 1137 205 1199 luerunt
228 1159 263 1200 ex
286 1141 472 1201 testamentis
495 1147 581 1218 atque
604 1139 720 1216 legatis.

169 1241 288 1302 Tertiae
311 1242 518 1302 declinationis
535 1240 680 1302 ablativus
696 1241 855 1319 singularis
877 1248 927 1302 aut
950 1262 966 1302 e
988 1251 1039 1304 aut
1062 1245 1072 1302 i
1097 1247 1283 1305 terminatur.
1319 1249 1326 1304 i
1351 1249 1376 1305 si

85 1329 176 1402 fuerit
199 1345 391 1413 terminatus,
416 1344 514 1403 addita
537 1362 587 1403 um
610 1341 720 1422 syllaba
744 1343 816 1402 facit
837 1344 1000 1420 genitivum
1023 1344 1182 1423 pluralem,
1207 1355 1239 1406 ut
1261 1347 1297 1406 ab
1321 1347 1376 1407 boc

40 1457 70 1497 10
84 1443 165 1505 facili
193 1446 299 1506 borum
328 1445 474 1514 facilium,
504 1447 575 1505 forti
604 1445 735 1504 fortium.
781 1463 797 1504 e
824 1463 896 1504 vero
924 1447 1008 1504 finito
1030 1446 1135 1507 eodem
1158 1465 1227 1507 casu
1249 1447 1337 1508 modo
1359 1469 1375 1509 e

83 1547 182 1607 littera
211 1549 242 1607 in
270 1566 318 1608 um
343 1565 485 1608 conversa
513 1548 563 1606 fiet
590 1548 738 1623 genitivus
765 1543 902 1625 pluralis
932 1555 963 1607 ut
985 1546 1022 1607 ab
1045 1548 1102 1607 boc
1125 1548 1245 1609 homine
1267 1549 1375 1611 borum

82 1649 249 1719 bominum,
280 1650 367 1711 modo
395 1652 426 1709 in
454 1652 463 1709 i
493 1655 668 1710 commutata
697 1656 727 1707 et
754 1647 853 1708 addita
882 1667 947 1718 um,
976 1647 1069 1709 utab
1092 1649 1245 1712 boccello
1269 1653 1373 1712 borum

82 1749 218 1821 collium,
243 1751 280 1813 ab
304 1751 358 1810 hoc
380 1759 480 1811 moute
502 1751 609 1811 borum
631 1753 787 1810 montium.
821 1750 939 1829 quando
962 1757 1061 1810 tamen
1084 1770 1116 1821 o,
1140 1753 1258 1831 quando
1280 1756 1289 1813 i
1314 1764 1373 1814 ter·

82 1855 228 1923 minetur,
252 1854 381 1914 technici
405 1856 452 1913 vix
475 1853 690 1922 distinxerunt,
714 1853 850 1931 ideoque,
875 1861 907 1912 ut
929 1870 965 1911 ex
988 1852 1108 1913 illorum
1131 1853 1289 1915 traditione
1313 1857 1372 1916 col·

38 1964 66 2004 15
79 1955 174 2032 ligere
199 1959 296 2034 potui,
320 1975 408 2034 quam
432 1962 536 2034 potero
558 1955 662 2034 paucis
684 1972 838 2032 exponam.
884 1961 989 2013 neutra
1019 1956 1119 2014 omnia
1141 1975 1217 2034 quae
1239 1960 1373 2018 nomina·

78 2059 139 2116 tiro
163 2058 306 2135 singulari
330 2077 346 2119 a
369 2059 482 2119 fuerint
510 2059 669 2117 terminata
696 2062 726 2116 et
749 2054 877 2116 ablativo
899 2056 1043 2133 singulari
1066 2075 1081 2115 o
1105 2057 1205 2118 littera
1228 2059 1373 2118 finiuntur

77 2160 242 2239 cariemque
275 2163 303 2220 in
338 2179 387 2220 um
421 2158 564 2239 syllabam
599 2163 775 2218 commutata
808 2157 918 2217 facient
950 2160 1113 2234 genitivum
1146 2159 1305 2238 pluralem,
1341 2169 1372 2221 ut

77 2280 184 2340 poema
217 2271 352 2340 poemate
386 2269 569 2340 poematum,
604 2259 751 2320 emblema
784 2257 961 2319 emblemate
995 2257 1221 2330 emblematum,
1258 2262 1371 2340 plasma

76 2363 222 2440 plasmate
245 2364 432 2443 plasmatum.
470 2370 499 2422 et
522 2371 590 2422 sunt
613 2364 711 2422 omnia
734 2361 925 2421 huiusmodi
948 2377 1054 2439 graeca
1077 2363 1159 2423 nullo
1181 2363 1239 2422 alio
1261 2381 1371 2440 genere

35 2474 62 2514 20
76 2464 134 2524 sub
158 2465 213 2524 bac
241 2466 381 2526 finalitate
410 2468 440 2525 in
464 2466 583 2524 tertiam
611 2465 749 2524 veniente
773 2462 1011 2523 declinationem.
1055 2466 1106 2543 qui
1130 2471 1229 2525 autom
1252 2484 1370 2544 poema·

76 2575 177 2626 torum
201 2566 446 2628 emblematorum
469 2567 681 2646 plasmatorem
704 2564 943 2635 declinaverunt,
973 2569 1078 2626 vitiose
1101 2575 1131 2627 et
1153 2573 1256 2626 contra
1278 2571 1368 2628 ratio-

76 2688 145 2729 nem
170 2669 260 2729 locuti
288 2677 371 2738 sunt,
402 2687 457 2729 nec
487 2675 531 2727 est
558 2685 661 2727 eorum
690 2670 851 2728 auotoritas
878 2668 1073 2737 admittenda,
1096 2667 1167 2728 lieet
1188 2670 1287 2745 magni
1310 2669 1369 2729 sint

76 2772 216 2832 nominis.
261 2772 333 2830 item
363 2772 461 2830 onmia
489 2770 588 2831 deutri
616 2771 734 2846 generis
762 2787 777 2828 e
806 2772 964 2830 terminata
991 2776 1022 2828 et
1043 2768 1171 2830 ablativo
1194 2770 1335 2848 singulari
1358 2773 1368 2829 i

71 2873 176 2933 littera
200 2874 341 2932 finientur
364 2879 393 2932 et
415 2871 514 2932 addita
537 2891 586 2932 um
610 2871 721 2950 syllaba
744 2872 855 2932 facient
882 2873 1045 2948 genitivum
1068 2871 1227 2950 pluralem,
1251 2880 1284 2932 ut
1305 2891 1366 2932 mo·
1433 2907 1438 2916 ·

36 2985 62 3026 ²⁵
78 2975 140 3034 nile
169 2973 272 3035 monili
302 2974 470 3043 monilium,
500 2974 593 3033 sedile
622 2972 708 3034 sedili
737 2973 891 3043 sedilium,
922 2991 1066 3053 praesepe
1087 2976 1224 3053 praesepi
1248 2992 1366 3052 praese-

74 3079 168 3156 pium.
193 3072 198 3158 Ι
222 3078 320 3136 omnia
343 3077 461 3136 nomina
483 3095 501 3133 o
523 3067 681 3135 terminata
697 3081 727 3134 ot
749 3073 877 3135 ablativo
898 3075 1041 3152 singulari
1064 3095 1080 3134 e
1102 3077 1245 3136 finientur
1266 3082 1296 3135 et
1318 3095 1366 3136 ea·

12 3169 13 3174 ’
73 3179 143 3237 (lom
171 3181 202 3238 in
230 3197 248 3238 u
277 3186 455 3238 commutata
479 3186 508 3238 et
531 3177 683 3257 adsumpta
713 3195 742 3236 m
764 3174 865 3236 littera
893 3177 1005 3237 facient
1026 3178 1189 3254 genitivum
1211 3178 1364 3257 pluralem,

74 3289 106 3340 nt
130 3279 179 3339 bic
201 3280 272 3341 Cato
299 3279 336 3340 ab
364 3280 420 3339 hoc
448 3280 557 3340 Catone
586 3280 691 3338 borum
714 3278 873 3346 Catonum,
905 3279 978 3340 baec
1007 3281 1089 3356 virgo
1112 3277 1148 3338 ab
1172 3279 1227 3339 bac
1250 3281 1364 3356 virgine

73 3383 180 3442 harum
204 3385 362 3458 virginum.
408 3379 520 3442 nullum
548 3381 710 3459 excipitur:
744 3398 813 3440 nam
841 3381 938 3458 pondo
965 3379 1175 3440 indeclinabile
1203 3388 1262 3449 ost;
1293 3383 1363 3440 item

32 3491 59 3534 ³0
73 3493 142 3544 octo
165 3504 223 3546 non
246 3485 340 3546 solum
363 3482 590 3551 indeclinabile,
614 3481 772 3543 sedetiam
787 3483 905 3541 numeri
929 3480 1067 3560 pluralis,
1091 3489 1121 3541 et
1142 3498 1222 3540 nuno
1244 3481 1280 3539 de
1302 3484 1362 3541 sin·
1444 3540 1448 3548 ,

71 3585 171 3663 gulari
193 3586 341 3666 loquimur
364 3587 553 3646 nominativo.
585 3587 594 3643 i
617 3602 691 3662 quae
715 3585 913 3643 terminantur
934 3581 1158 3643 indeclinabilia
1180 3584 1241 3641 sive
1264 3588 1362 3661 aptota

71 3705 127 3748 seu
150 3695 320 3767 monoptota
342 3695 425 3756 suut,
449 3705 541 3766 eaque
564 3688 685 3746 omnino
707 3683 765 3744 duo
791 3690 907 3744 tantum
934 3687 1139 3762 reperiuntur,
1163 3685 1243 3760 frugi
1266 3691 1296 3743 et
1317 3686 1362 3744 ni·

72 3788 144 3858 bili,
168 3797 197 3850 ot
218 3797 288 3850 sunt
310 3791 430 3867 generis
451 3791 562 3857 omniS,
592 3788 641 3848 hic
664 3793 693 3846 et
715 3786 788 3846 baec
810 3793 841 3846 et
862 3786 918 3846 hou
940 3786 1033 3863 frugi,
1058 3786 1146 3845 huius
1167 3785 1262 3863 frugi,
1291 3783 1360 3844 huic

71 3892 168 3968 frugi,
197 3892 276 3952 bunc
298 3899 329 3951 et
350 3892 426 3953 hanc
448 3898 478 3951 et
500 3891 555 3950 hoo
577 3890 673 3966 frugi,
702 3907 719 3946 o
741 3888 836 3964 frugi,
867 3886 904 3948 ab
926 3888 982 3948 boo
1005 3897 1034 3948 ot
1057 3887 1094 3948 ab
1116 3887 1172 3946 bac
1193 3894 1224 3945 et
1245 3885 1282 3947 ab
1305 3887 1361 3946 boc

30 3999 57 4043 ⁸⁶
72 3995 169 4072 frugi;
193 3993 331 4054 similiter
353 3991 493 4072 pluralia;
517 3991 679 4070 eodemque
703 3990 836 4069 exemplo
859 3990 908 4050 bie
930 3998 961 4050 et
983 3990 1055 4049 baec
1077 3996 1106 4049 et
1127 3989 1184 4048 hoo
1206 3986 1303 4048 nihili.

158 4093 263 4156 Omnia
287 4094 314 4156 al
336 4097 506 4163 terminata,
531 4086 571 4153 si‘
584 4093 743 4172 peregrina
766 4093 893 4162 fuerint,
922 4100 953 4151 et
975 4091 1103 4152 ablativo
1125 4109 1195 4152 casu
1217 4111 1233 4150 e
1255 4093 1360 4151 finien-

72 4206 122 4257 tur
144 4208 174 4257 et
197 4215 231 4257 ea
253 4199 284 4258 in
307 4216 355 4257 um
379 4214 518 4256 conversa
540 4196 651 4256 facient
672 4192 834 4272 genitivum
864 4193 1022 4273 pluralem,
1050 4201 1083 4254 ut
1105 4194 1154 4280 hic
1176 4192 1301 4254 Annibal
1323 4192 1361 4253 ab

70 4299 128 4358 hoc
150 4297 296 4360 Annibale
318 4300 425 4360 horum
447 4294 640 4366 Annibalum3
670 4300 694 4357 si
718 4315 787 4357 vero
814 4297 905 4358 latina
926 4303 956 4355 et
978 4297 1077 4355 neutri
1099 4297 1231 4372 generis
1256 4293 1360 4355 ablati·

70 4419 139 4462 vum
162 4402 193 4460 in
216 4403 226 4461 i
249 4403 372 4462 mittent·
390 4407 421 4459 et
442 4399 543 4460 addita
558 4416 607 4458 um
622 4397 734 4478 syllaba
756 4400 920 4477 genitivum
942 4398 1053 4457 facient
1073 4396 1227 4476 pluralem,
1250 4403 1284 4455 ut
1305 4394 1361 4456 boc

31 4510 56 4552 ⁴⁰
71 4500 198 4580 vectigal
223 4491 404 4583 [τὸτέλος]
429 4499 568 4578 vectigali
589 4500 695 4561 horum
718 4499 915 4578 vectigalium,
939 4498 1069 4559 bidental
1092 4496 1233 4557 bidentali
1255 4496 1359 4557 biden-

139 4689 257 4741 euoluit
274 4689 299 4738 B
370 4688 528 4739 illitorum
547 4687 571 4735 B
643 4688 673 4737 14
694 4686 802 4750 ideoque
825 4696 853 4735 ut
868 4685 937 4749 gyroyl
954 4687 979 4735 B
1048 4686 1082 4734 20
1105 4685 1248 4734 uenientem
1268 4685 1293 4733 B

68 4759 103 4809 40
125 4753 158 4810 τὸ
185 4750 279 4822 τέλος,
306 4761 371 4809 sieut
390 4761 503 4824 reliquae
527 4757 599 4806 breiaco
626 4757 693 4808 modi
709 4757 809 4822 glossar
829 4772 953 4823 graecos,
971 4755 1057 4806 eadem
1076 4770 1149 4805 amau
1166 4757 1360 4822 superscriptam

66 4829 143 4880 tabet
159 4829 186 4882 B
