3350 5442
498 359 546 420 DE
569 358 691 442 ¹llVllllS
714 358 922 420 lVOlilllVlBVS
1287 357 1351 422 579

1173 467 1323 521 pro-8111.

146 549 248 608 Funus
270 549 389 624 generis
412 549 526 616 neutri,
551 548 656 607 ‘lanus
678 547 734 607 hoc
755 549 958 626 exequimur’.

146 650 241 709 Frons
264 650 383 726 generis
406 649 556 718 leminlni,
580 656 613 709 ut
635 649 778 726 Virgilius
801 649 846 726 (A.
870 649 882 709 l
907 647 977 729 166)
1000 652 1115 710 ‘lronte
1131 650 1186 726 sub
1202 651 1348 712 adversa'.

146 751 269 810 Flumen
291 753 411 828 generis
434 752 547 819 neutri,
571 757 603 810 ut
625 753 773 812 Ausonius
796 752 910 811 ‘redite
933 769 1051 813 rursum
1073 753 1222 813 llumina’.

144 851 250 913 Fatum
272 854 393 930 generis
415 855 529 922 neutri,
552 858 585 912 ut
606 852 746 930 Virgilius
771 850 816 932 (A.
840 849 967 933 111120)
991 856 1067 915 ‘lats
1090 855 1243 934 Sychaei'.

21 969 34 1004 a
143 955 254 1014 Favum
281 957 402 1033 generis
429 956 544 1024 neutri,
572 963 606 1014 ut
632 954 704 1016 illud
729 951 786 1033 (ps.
813 951 862 1025 18,
887 952 936 1035 11)
960 956 1067 1035 ‘super
1088 956 1148 1017 mel
1170 965 1200 1017 et
1221 957 1347 1018 lavum'.

52 1055 218 1133 pluraliter
240 1065 340 1116 sutem
362 1057 434 1127 lavi;
457 1060 501 1118 sic
523 1062 556 1115 et
575 1055 657 1118 caeli.

145 1158 338 1218 Frumentum
360 1161 480 1236 generis
502 1161 615 1228 neutri,
647 1168 678 1219 ut
701 1158 842 1236 Virgilius
865 1155 905 1236 (o.
928 1158 941 1218 l
963 1155 1036 1240 315)
1065 1161 1230 1222 ‘frumenta
1252 1163 1283 1221 in
1306 1164 1347 1221 ri-

52 1260 117 1320 ridi
143 1260 282 1338 stipula’.
327 1263 370 1320 sic
394 1269 423 1320 et
445 1261 604 1330 hordeum,
636 1259 675 1336 (n.
699 1256 805 1342 1210)
830 1262 1075 1323 ‘seritehordea
1099 1261 1103 1341 Ι
1127 1264 1267 1342 campis'.
1304 1266 1348 1324 sic

52 1369 85 1421 et
110 1364 230 1422 vinum:
254 1379 322 1422 narn
345 1370 375 1421 ct
398 1361 536 1422 Salomon
561 1358 644 1440 (eccl.
667 1359 701 1432 2,
725 1357 755 1440 8)
779 1363 855 1423 dixit
877 1364 1021 1443 ‘scyphos
1044 1372 1073 1424 et
1094 1383 1200 1425 urceos
1222 1365 1259 1426 ad
1281 1368 1347 1426 vina

9 1480 37 1518 ro
54 1463 240 1524 lirrrdenda'.
285 1462 337 1524 sed
360 1461 520 1542 prohibent
541 1465 737 1542 grammatici.
782 1465 833 1525 sed
856 1474 886 1525 ot
909 1467 1049 1544 Virgilius
1070 1467 1146 1527 dixit
1167 1470 1251 1528 ‘nam
1274 1471 1348 1528 rivis

52 1566 145 1626 mella
173 1565 293 1626 lluent'.
339 1583 425 1625 omne
453 1568 533 1626 enirn
560 1565 637 1645 quod
666 1575 809 1645 pensatur
836 1569 867 1627 in
895 1568 1017 1646 liquidis
1045 1569 1210 1630 masculino
1237 1587 1346 1646 genere

50 1668 243 1744 grammatici
265 1666 358 1728 scribi
380 1668 491 1729 volunt.

142 1768 296 1830 Filomella
329 1771 448 1846 generis
480 1769 632 1839 feminini,
672 1776 704 1829 ut
741 1769 903 1850 Dynamius
942 1770 1035 1832 ‘laeta
1068 1772 1176 1833 sedens
1208 1773 1345 1835 lilomella

51 1871 191 1932 lronde'.

6 1991 36 2026 ιε»
142 1972 271 2033 Germen
298 1975 418 2050 generis
444 1975 558 2040 neutri,
588 1983 620 2035 ut
648 1974 792 2036 luvencus
822 1970 943 2054 (1703)
968 1979 1109 2056 ‘proprio
1131 1979 1256 2039 vestitur
1276 1996 1345 2056 ger·

51 2077 137 2134 minc
160 2076 270 2154 pomi’.

143 2176 291 2237 Gaudium
313 2180 433 2254 generis
455 2179 567 2246 neutri,
592 2185 624 2237 ut
646 2177 719 2238 illud
741 2177 946 2240 ‘cumulantur
968 2181 1075 2257 gaudia
1098 2179 1213 2240 nohis’.

143 2277 271 2340 Gramen
304 2281 424 2356 generis
455 2279 567 2349 neutri,
602 2288 632 2339 ut
660 2280 802 2357 Virgilius
837 2276 888 2358 (A.
918 2281 944 2341 ll
971 2279 1050 2361 471)
1086 2283 1180 2345 ‘mala
1212 2286 1346 2361 gramina

52 2384 188 2460 prastus'.
264 2398 270 2408 ·

8 2501 36 2538 a·
143 2481 265 2543 Gladius
293 2483 413 2558 generis
441 2483 612 2552 masculini,
642 2491 675 2544 ut
702 2483 842 2544 Scdulius
870 2482 892 2562 (l
917 2481 986 2566 151)
1016 2487 1167 2547 ‘fervidus
1195 2490 1345 2565 ingentem

51 2585 171 2661 gladius
194 2591 384 2644 consumeret
404 2585 548 2646 liostem'.

143 2685 243 2746 Genus
259 2688 380 2763 generis
403 2689 518 2757 neutri,
542 2695 575 2748 ut
589 2687 732 2764 Virgilius
748 2684 794 2766 (A.
811 2689 865 2748 llll
883 2685 932 2769 12)
949 2691 1064 2768 ‘genus
1078 2709 1143 2751 esse
1159 2692 1299 2752 deorum'
1316 2701 1347 2753 ct

51 2787 238 2849 Prudentius
261 2795 363 2849 contra
386 2805 516 2868 paganos
543 2807 653 2867 genera
676 2790 767 2850 multa
790 2791 913 2851 demum
936 2791 1096 2853 ridiculum
1119 2811 1194 2853 esse.

142 2889 221 2950 Gcns
243 2893 361 2967 generis
383 2892 534 2960 l'emiuini,
559 2901 591 2952 ut
613 2891 756 2969 Virgilius
780 2890 823 2970 (A.
847 2892 860 2952 l
882 2889 933 2973 61)
957 2896 1047 2971 ‘gens
1068 2897 1190 2956 inimica
1212 2897 1314 2957 mihi'.

12 3013 39 3050 ss
145 2989 149 3073 Ι
174 2990 367 3071 Gymnasium
394 2995 515 3070 generis
544 2995 657 3063 neutri,
687 2995 764 3054 sicut
786 2994 944 3070 balncum:
974 2998 1004 3055 in
1032 2997 1188 3076 Apollonio
1209 2998 1345 3077 ‘gymna-

52 3095 134 3153 sium
156 3097 264 3171 patet'.

142 3193 250 3254 Guttur
277 3197 397 3272 generis
424 3198 539 3265 neutri,
569 3205 601 3257 ut
628 3197 772 3275 Virgilius
801 3195 852 3276 (A.
876 3197 1012 3281 11421)
1043 3203 1206 3263 ttrilormia
1227 3212 1347 3281 guttura

54 3296 216 3375 pandeus'.

141 3398 220 3459 Grex
242 3401 363 3477 generis
386 3400 557 3470 masculini,
581 3409 613 3460 ut
627 3400 808 3462 Prudentius
825 3399 914 3481 (cath.
930 3401 960 3473 3,
978 3402 1048 3484 157)
1073 3409 1180 3483 ‘grego
1196 3408 1344 3468 candido’.
1395 3427 1398 3434 ·

50 3621 53 3628 ¹
141 3639 157 3685 2
174 3636 245 3686 trans
265 3637 326 3700 Gap.
345 3637 414 3689 2248
433 3639 498 3689 Non.
518 3638 570 3689 204
650 3641 665 3688 7
683 3639 836 3690 frumentum
857 3631 933 3693 Char.
958 3639 1008 3697 34,
1024 3641 1066 3692 22.
1087 3641 1135 3701 93,
1155 3643 1173 3693 u
1190 3659 1247 3693 sec.
1269 3644 1343 3698 Char.

54 3705 114 3769 550,
135 3705 168 3756 26
189 3705 270 3760 Prisc.
291 3709 398 3772 175,17
468 3709 502 3759 20
517 3708 622 3775 gladius
635 3709 699 3760 Non.
714 3709 763 3760 208
834 3712 866 3761 27
885 3719 973 3776 guttur
992 3709 1056 3760 Nou.
1077 3711 1127 3762 207
1145 3713 1230 3766 Prisc.
1248 3714 1307 3778 155,
1320 3714 1344 3768 7.

56 3779 114 3838 176,
134 3776 147 3825 1
220 3776 254 3828 20
274 3774 337 3844 g'rex
355 3779 420 3829 Non·
440 3778 491 3830 208
510 3781 586 3834 Char.
608 3779 652 3840 02,
671 3779 705 3832 29

124 4015 256 4066 'lirantes
276 4018 323 4066 sub
342 4019 374 4068 M
383 4019 436 4068 Vh
506 4018 661 4070 dauronius
687 4019 760 4069 redit·
776 4019 819 4068 M:
843 4021 913 4081 apud
928 4021 1066 4071 Ausonium
1088 4019 1165 4070 verba
1181 4035 1231 4070 non
1247 4022 1347 4073 ι’πιιειιιιι

52 4093 111 4138 sunt
158 4115 159 4118 =
182 4085 294 4136 aratum
311 4089 402 4152 pedore
417 4089 472 4139 loeo
491 4089 525 4138 M
591 4089 678 4140 clarui
697 4089 798 4140 etcueli
818 4089 903 4140 MVL
973 4088 1170 4155 Virumentum]
1189 4091 1347 4141 frumentii.

124 4155 206 4206 uiride
223 4157 317 4222 stipula
334 4159 366 4208 M
374 4159 399 4207 V
416 4159 498 4208 uiride
516 4158 624 4222 estipula
639 4161 663 4209 J.
732 4161 749 4210 9
764 4159 878 4224 scyphus
893 4172 917 4210 et
934 4177 1025 4212 urceus
1048 4160 1073 4209 V
1089 4159 1193 4226 sciphus
1212 4171 1237 4210 et
1254 4177 1346 4211 urceus

54 4225 160 4275 Lselru
179 4225 284 4292 sciphus
303 4237 327 4276 et
350 4241 439 4276 urceus
460 4229 493 4278 M
567 4227 599 4280 10
622 4229 766 4279 tundendas
786 4230 832 4279 sed
852 4230 987 4294 prohibent
1008 4230 1058 4280 hoc
1081 4231 1227 4296 grammicis
1246 4231 1271 4280 1.

52 4293 191 4361 Virgilius]
214 4311 302 4362 georg.
324 4299 332 4346 l
353 4298 402 4349 132
427 4306 450 4346 et
474 4299 570 4364 passim
594 4299 656 4347 rivis
680 4301 805 4350 currentia
829 4301 889 4350 vina
913 4300 1049 4365 repressit,
1070 4301 1149 4354 bucol.
1168 4300 1194 4364 3,
1212 4299 1247 4351 80
1270 4302 1345 4350 roella

51 4368 132 4416 llnant
149 4365 186 4414 illi
235 4367 266 4418 ll
282 4367 439 4432 pensarush
493 4367 631 4420 masculino
650 4367 753 4436 genere]
769 4373 785 4421 l.
798 4369 921 4434 singulari
939 4384 1043 4420 numero
1097 4371 1129 4423 13
1148 4371 1276 4421 dinamius
1291 4372 1347 4421 ML

108 4436 142 4486 15
160 4437 291 4502 germinon
307 4438 376 4502 pomi
392 4437 426 4486 M
476 4439 508 4489 17
527 4437 684 4488 comolmrtur
703 4439 771 4489 MV
822 4437 855 4489 19
872 4454 963 4503 passus
984 4441 1007 4489 L
1059 4439 1093 4490 20
1110 4441 1217 4491 sidulius
1232 4441 1298 4491 MV

49 4509 157 4572 lugente
170 4505 204 4555 M
212 4507 237 4556 V
241 4507 265 4557 L
333 4508 366 4558 22
385 4521 442 4556 esse
459 4523 505 4557 cnr.
521 4507 588 4557 MV
637 4509 670 4560 23
683 4509 817 4561 Prudentii
833 4525 919 4559 nornen
937 4525 985 4576 quo
997 4511 1124 4573 pertineat
1139 4518 1297 4562 aoncomtnt
1341 4512 1347 4573 ξ

50 4575 195 4626 rediculum
213 4576 236 4625 L
254 4576 360 4626 ridicula
375 4576 431 4628 ouo
484 4580 516 4627 24
532 4575 646 4643 inimica]
668 4579 740 4628 inimi
753 4579 787 4629 M
855 4579 888 4629 25
905 4580 1055 4646 gennasium
1073 4588 1178 4646 utroque
1196 4584 1250 4632 loco
1270 4581 1294 4630 1.

49 4649 76 4694 in
97 4645 245 4710 appollonia
265 4644 296 4694 M
304 4645 340 4697 V:
360 4649 386 4697 in
402 4649 549 4697 narratione
564 4663 646 4697 comem
669 4665 733 4713 quae
751 4653 907 4715 contigerunt
926 4651 1058 4714 Apollonio
1075 4651 1163 4716 Tyrio,
1184 4652 1286 4701 Velrera'
1303 4667 1344 4715 op.

51 4718 92 4769 ed.
114 4713 228 4765 Norimb.
247 4731 271 4766 α.
291 4713 358 4767 1682
371 4730 399 4780 ρ.
417 4715 469 4767 686
487 4716 572 4766 audite
590 4717 671 4776 cives,
691 4719 777 4770 audite
790 4720 933 4786 peregrini,
953 4721 1058 4786 ingenui
1077 4731 1102 4770 et
1120 4719 1196 4782 servi,
1215 4721 1258 4785 qui
1277 4721 1344 4770 ablui

50 4785 115 4849 vult,
135 4785 297 4851 gymnasium
315 4795 393 4852 patet,
412 4801 481 4852 φιευι
497 4788 574 4836 locum
588 4787 646 4838 mihi
661 4789 781 4840 indicarit
795 4787 923 4852 Hauptiru
1005 4790 1039 4840 27
1060 4787 1157 4857 guttur]
1178 4799 1252 4854 gutta
1268 4791 1302 4853 L,
1319 4793 1346 4841 ιἰι

51 4871 99 4920 quo
117 4865 207 4922 guttur
226 4880 258 4892 -
276 4857 391 4921 pandens
408 4857 566 4922 transposita
582 4865 638 4909 sunt
653 4865 711 4921 post
728 4875 793 4926 grex
811 4886 845 4898 -
862 4859 969 4911 candido
