<?xml version="1.0" encoding="UTF-8"?>
<!DOCTYPE html PUBLIC "-//W3C//DTD XHTML 1.0 Transitional//EN"
    "http://www.w3.org/TR/xhtml1/DTD/xhtml1-transitional.dtd">
<html xmlns="http://www.w3.org/1999/xhtml" xml:lang="en" lang="en">
 <head>
  <title>
</title>
<meta http-equiv="Content-Type" content="text/html;charset=utf-8" />
  <meta name='ocr-system' content='tesseract 3.04.00' />
  <meta name='ocr-capabilities' content='ocr_page ocr_carea ocr_par ocr_line ocrx_word'/>
</head>
<body>
  <div class='ocr_page' id='page_1' title='image "./grammaticilatin02hagagoog_0316.png"; bbox 0 0 3350 5442; ppageno 0'>
   <div class='ocr_carea' id='block_1_1' title="bbox 593 368 1352 534">
    <p class='ocr_par' dir='ltr' id='par_1_1' title="bbox 593 368 1352 534">
     <span class='ocr_line' id='line_1_1' title="bbox 593 368 1352 434; baseline -0.001 -1"><span class='ocrx_word' id='word_1_1' title='bbox 593 371 829 434; x_wconf 74' lang='lat' dir='ltr'><strong>conuentum</strong></span> <span class='ocrx_word' id='word_1_2' title='bbox 1290 368 1352 433; x_wconf 77' lang='lat'><strong>307</strong></span> 
     </span>
     <span class='ocr_line' id='line_1_2' title="bbox 1169 479 1329 534; baseline -0.006 -12"><span class='ocrx_word' id='word_1_3' title='bbox 1169 492 1191 534; x_wconf 77' lang='lat' dir='ltr'><strong>p.</strong></span> <span class='ocrx_word' id='word_1_4' title='bbox 1203 480 1293 522; x_wconf 80' lang='lat' dir='ltr'><strong>tat-ao</strong></span> <span class='ocrx_word' id='word_1_5' title='bbox 1305 479 1329 521; x_wconf 90' lang='lat'><strong>1.</strong></span> 
     </span>
    </p>
   </div>
   <div class='ocr_carea' id='block_1_2' title="bbox 30 555 1356 4008">
    <p class='ocr_par' dir='ltr' id='par_1_2' title="bbox 30 555 1356 4008">
     <span class='ocr_line' id='line_1_3' title="bbox 65 555 1353 640; baseline 0.001 -22"><span class='ocrx_word' id='word_1_6' title='bbox 65 563 108 618; x_wconf 89' lang='lat' dir='ltr'><strong>est</strong></span> <span class='ocrx_word' id='word_1_7' title='bbox 129 555 299 630; x_wconf 89' lang='lat' dir='ltr'><strong>umbrosas,</strong></span> <span class='ocrx_word' id='word_1_8' title='bbox 328 559 482 637; x_wconf 83' lang='lat' dir='ltr'><strong>significat.</strong></span> <span class='ocrx_word' id='word_1_9' title='bbox 526 561 705 638; x_wconf 77' lang='lat' dir='ltr'><strong>metonymia</strong></span> <span class='ocrx_word' id='word_1_10' title='bbox 733 567 777 621; x_wconf 88' lang='lat' dir='ltr'><strong>cst</strong></span> <span class='ocrx_word' id='word_1_11' title='bbox 805 559 949 637; x_wconf 80' lang='lat' dir='ltr'>quaedam</span> <span class='ocrx_word' id='word_1_12' title='bbox 977 559 1186 622; x_wconf 77' lang='lat' dir='ltr'><strong>denominatio.</strong></span> <span class='ocrx_word' id='word_1_13' title='bbox 1229 568 1263 621; x_wconf 94' lang='lat' dir='ltr'><strong>ut</strong></span> <span class='ocrx_word' id='word_1_14' title='bbox 1283 565 1353 640; x_wconf 86' lang='lat' dir='ltr'><strong>puta</strong></span> 
     </span>
     <span class='ocr_line' id='line_1_4' title="bbox 65 660 1355 741; baseline 0.001 -22"><span class='ocrx_word' id='word_1_15' title='bbox 65 660 239 740; x_wconf 89' lang='lat' dir='ltr'><strong>plerumque</strong></span> <span class='ocrx_word' id='word_1_16' title='bbox 267 680 283 721; x_wconf 94' lang='lat' dir='ltr'><strong>a</strong></span> <span class='ocrx_word' id='word_1_17' title='bbox 310 660 401 722; x_wconf 89' lang='lat' dir='ltr'><strong>rebus</strong></span> <span class='ocrx_word' id='word_1_18' title='bbox 430 661 653 723; x_wconf 78' lang='lat' dir='ltr'><strong>continentibus</strong></span> <span class='ocrx_word' id='word_1_19' title='bbox 676 661 706 722; x_wconf 92' lang='lat' dir='ltr'><strong>id</strong></span> <span class='ocrx_word' id='word_1_20' title='bbox 735 662 813 741; x_wconf 92' lang='lat' dir='ltr'><strong>quod</strong></span> <span class='ocrx_word' id='word_1_21' title='bbox 836 663 1004 723; x_wconf 80' lang='lat' dir='ltr'><strong>continetur</strong></span> <span class='ocrx_word' id='word_1_22' title='bbox 1027 661 1280 730; x_wconf 80' lang='lat' dir='ltr'><strong>demonstramus,</strong></span> <span class='ocrx_word' id='word_1_23' title='bbox 1304 667 1355 721; x_wconf 90' lang='lat' dir='ltr'><strong>aut</strong></span> 
     </span>
     <span class='ocr_line' id='line_1_5' title="bbox 63 761 1353 845; baseline 0.001 -23"><span class='ocrx_word' id='word_1_24' title='bbox 63 762 99 822; x_wconf 91' lang='lat' dir='ltr'><strong>ab</strong></span> <span class='ocrx_word' id='word_1_25' title='bbox 121 765 276 824; x_wconf 90' lang='lat' dir='ltr'><strong>inventore</strong></span> <span class='ocrx_word' id='word_1_26' title='bbox 297 763 327 824; x_wconf 85' lang='lat' dir='ltr'><strong>hl</strong></span> <span class='ocrx_word' id='word_1_27' title='bbox 354 761 359 845; x_wconf 90' lang='grc' dir='ltr'>Ι</span> <span class='ocrx_word' id='word_1_28' title='bbox 382 764 460 845; x_wconf 89' lang='lat' dir='ltr'><strong>quod</strong></span> <span class='ocrx_word' id='word_1_29' title='bbox 490 765 639 825; x_wconf 86' lang='lat' dir='ltr'><strong>inventum</strong></span> <span class='ocrx_word' id='word_1_30' title='bbox 670 772 716 824; x_wconf 98' lang='grc' dir='ltr'><strong>εει</strong></span> <span class='ocrx_word' id='word_1_31' title='bbox 742 763 988 826; x_wconf 78' lang='lat' dir='ltr'><strong>demonstramus.</strong></span> <span class='ocrx_word' id='word_1_32' title='bbox 1033 773 1067 824; x_wconf 94' lang='lat' dir='ltr'><strong>ut</strong></span> <span class='ocrx_word' id='word_1_33' title='bbox 1093 771 1163 844; x_wconf 91' lang='lat' dir='ltr'><strong>puta</strong></span> <span class='ocrx_word' id='word_1_34' title='bbox 1192 767 1245 824; x_wconf 72' lang='lat' dir='ltr'><strong>‘et</strong></span> <span class='ocrx_word' id='word_1_35' title='bbox 1272 765 1353 823; x_wconf 88' lang='lat' dir='ltr'><strong>vina</strong></span> 
     </span>
     <span class='ocr_line' id='line_1_6' title="bbox 64 863 1353 946; baseline 0.002 -23"><span class='ocrx_word' id='word_1_36' title='bbox 64 871 265 926; x_wconf 84' lang='lat' dir='ltr'><strong>coronant’</strong></span> <span class='ocrx_word' id='word_1_37' title='bbox 294 885 351 946; x_wconf 93' lang='lat' dir='ltr'><strong>pro</strong></span> <span class='ocrx_word' id='word_1_38' title='bbox 374 865 511 945; x_wconf 89' lang='lat' dir='ltr'><strong>eoquod</strong></span> <span class='ocrx_word' id='word_1_39' title='bbox 535 876 579 926; x_wconf 89' lang='lat' dir='ltr'><strong>est</strong></span> <span class='ocrx_word' id='word_1_40' title='bbox 602 875 719 945; x_wconf 89' lang='lat' dir='ltr'><strong>pateras</strong></span> <span class='ocrx_word' id='word_1_41' title='bbox 748 873 908 927; x_wconf 89' lang='lat' dir='ltr'><strong>coronant:</strong></span> <span class='ocrx_word' id='word_1_42' title='bbox 939 884 1014 945; x_wconf 92' lang='lat' dir='ltr'><strong>quae</strong></span> <span class='ocrx_word' id='word_1_43' title='bbox 1042 868 1196 927; x_wconf 82' lang='lat' dir='ltr'><strong>continent</strong></span> <span class='ocrx_word' id='word_1_44' title='bbox 1222 866 1251 925; x_wconf 92' lang='lat' dir='ltr'><strong>id</strong></span> <span class='ocrx_word' id='word_1_45' title='bbox 1274 863 1353 945; x_wconf 94' lang='lat' dir='ltr'><strong>quod</strong></span> 
     </span>
     <span class='ocr_line' id='line_1_7' title="bbox 40 966 1354 1048; baseline 0.001 -23"><span class='ocrx_word' id='word_1_46' title='bbox 40 969 231 1029; x_wconf 82' lang='lat' dir='ltr'><strong>acontinetur</strong></span> <span class='ocrx_word' id='word_1_47' title='bbox 253 967 391 1028; x_wconf 89' lang='lat' dir='ltr'><strong>ostendit.</strong></span> <span class='ocrx_word' id='word_1_48' title='bbox 434 987 451 1028; x_wconf 90' lang='grc' dir='ltr'><strong>ε</strong></span> <span class='ocrx_word' id='word_1_49' title='bbox 473 969 623 1030; x_wconf 89' lang='lat' dir='ltr'><strong>contrario</strong></span> <span class='ocrx_word' id='word_1_50' title='bbox 645 967 702 1028; x_wconf 91' lang='lat' dir='ltr'><strong>alio</strong></span> <span class='ocrx_word' id='word_1_51' title='bbox 724 966 790 1027; x_wconf 91' lang='lat' dir='ltr'><strong>loco</strong></span> <span class='ocrx_word' id='word_1_52' title='bbox 812 971 911 1048; x_wconf 86' lang='lat' dir='ltr'><strong>posuit</strong></span> <span class='ocrx_word' id='word_1_53' title='bbox 933 974 1046 1028; x_wconf 79' lang='lat' dir='ltr'><strong>‘nuno</strong></span> <span class='ocrx_word' id='word_1_54' title='bbox 1068 975 1217 1047; x_wconf 88' lang='lat' dir='ltr'><strong>pateras</strong></span> <span class='ocrx_word' id='word_1_55' title='bbox 1239 966 1354 1027; x_wconf 91' lang='lat' dir='ltr'><strong>libate</strong></span> 
     </span>
     <span class='ocr_line' id='line_1_8' title="bbox 63 1069 1353 1150; baseline 0.002 -24"><span class='ocrx_word' id='word_1_56' title='bbox 63 1069 171 1129; x_wconf 85' lang='lat' dir='ltr'><strong>dcis’:</strong></span> <span class='ocrx_word' id='word_1_57' title='bbox 201 1070 299 1132; x_wconf 84' lang='lat' dir='ltr'><strong>viuum</strong></span> <span class='ocrx_word' id='word_1_58' title='bbox 328 1069 469 1140; x_wconf 88' lang='lat' dir='ltr'><strong>libamus,</strong></span> <span class='ocrx_word' id='word_1_59' title='bbox 500 1089 558 1131; x_wconf 93' lang='lat' dir='ltr'><strong>non</strong></span> <span class='ocrx_word' id='word_1_60' title='bbox 587 1077 719 1149; x_wconf 82' lang='lat' dir='ltr'><strong>pateras3</strong></span> <span class='ocrx_word' id='word_1_61' title='bbox 748 1069 799 1130; x_wconf 89' lang='lat' dir='ltr'><strong>sed</strong></span> <span class='ocrx_word' id='word_1_62' title='bbox 829 1070 865 1130; x_wconf 93' lang='lat' dir='ltr'><strong>ab</strong></span> <span class='ocrx_word' id='word_1_63' title='bbox 895 1089 931 1130; x_wconf 89' lang='lat' dir='ltr'><strong>eo</strong></span> <span class='ocrx_word' id='word_1_64' title='bbox 957 1069 1036 1150; x_wconf 91' lang='lat' dir='ltr'><strong>quod</strong></span> <span class='ocrx_word' id='word_1_65' title='bbox 1064 1071 1196 1130; x_wconf 91' lang='lat' dir='ltr'><strong>continet</strong></span> <span class='ocrx_word' id='word_1_66' title='bbox 1223 1069 1252 1129; x_wconf 95' lang='lat' dir='ltr'><strong>id</strong></span> <span class='ocrx_word' id='word_1_67' title='bbox 1274 1070 1353 1149; x_wconf 92' lang='lat' dir='ltr'><strong>quod</strong></span> 
     </span>
     <span class='ocr_line' id='line_1_9' title="bbox 63 1170 1355 1250; baseline 0 -20"><span class='ocrx_word' id='word_1_68' title='bbox 63 1172 232 1232; x_wconf 81' lang='lat' dir='ltr'><strong>continetur</strong></span> <span class='ocrx_word' id='word_1_69' title='bbox 248 1170 385 1232; x_wconf 87' lang='lat' dir='ltr'><strong>ostendit.</strong></span> <span class='ocrx_word' id='word_1_70' title='bbox 402 1180 453 1233; x_wconf 92' lang='lat' dir='ltr'><strong>aut</strong></span> <span class='ocrx_word' id='word_1_71' title='bbox 467 1170 504 1232; x_wconf 91' lang='lat' dir='ltr'><strong>ab</strong></span> <span class='ocrx_word' id='word_1_72' title='bbox 519 1173 673 1233; x_wconf 87' lang='lat' dir='ltr'><strong>inventore</strong></span> <span class='ocrx_word' id='word_1_73' title='bbox 688 1171 716 1232; x_wconf 93' lang='lat' dir='ltr'><strong>id</strong></span> <span class='ocrx_word' id='word_1_74' title='bbox 733 1170 811 1250; x_wconf 89' lang='lat' dir='ltr'><strong>quod</strong></span> <span class='ocrx_word' id='word_1_75' title='bbox 827 1174 980 1234; x_wconf 85' lang='lat' dir='ltr'><strong>inventum</strong></span> <span class='ocrx_word' id='word_1_76' title='bbox 996 1178 1050 1240; x_wconf 90' lang='lat' dir='ltr'><strong>cst,</strong></span> <span class='ocrx_word' id='word_1_77' title='bbox 1066 1179 1100 1231; x_wconf 92' lang='lat' dir='ltr'><strong>ut</strong></span> <span class='ocrx_word' id='word_1_78' title='bbox 1112 1173 1210 1232; x_wconf 73' lang='lat' dir='ltr'><strong>‘sine</strong></span> <span class='ocrx_word' id='word_1_79' title='bbox 1221 1171 1355 1232; x_wconf 83' lang='lat' dir='ltr'><strong>Cerere</strong></span> 
     </span>
     <span class='ocr_line' id='line_1_10' title="bbox 63 1272 1354 1354; baseline 0.005 -23"><span class='ocrx_word' id='word_1_80' title='bbox 63 1282 95 1332; x_wconf 88' lang='lat' dir='ltr'><strong>et</strong></span> <span class='ocrx_word' id='word_1_81' title='bbox 122 1272 260 1334; x_wconf 87' lang='lat' dir='ltr'><strong>Libero</strong></span> <span class='ocrx_word' id='word_1_82' title='bbox 286 1274 405 1351; x_wconf 80' lang='lat' dir='ltr'><strong>lrigct</strong></span> <span class='ocrx_word' id='word_1_83' title='bbox 427 1275 576 1343; x_wconf 87' lang='lat' dir='ltr'><strong>Venus’,</strong></span> <span class='ocrx_word' id='word_1_84' title='bbox 604 1273 634 1334; x_wconf 90' lang='lat' dir='ltr'><strong>id</strong></span> <span class='ocrx_word' id='word_1_85' title='bbox 663 1281 708 1335; x_wconf 90' lang='grc' dir='ltr'><strong>εει</strong></span> <span class='ocrx_word' id='word_1_86' title='bbox 737 1275 801 1335; x_wconf 90' lang='lat' dir='ltr'><strong>sine</strong></span> <span class='ocrx_word' id='word_1_87' title='bbox 823 1293 901 1354; x_wconf 91' lang='lat' dir='ltr'><strong>pane</strong></span> <span class='ocrx_word' id='word_1_88' title='bbox 924 1282 954 1334; x_wconf 92' lang='grc' dir='ltr'><strong>ει</strong></span> <span class='ocrx_word' id='word_1_89' title='bbox 975 1275 1055 1335; x_wconf 83' lang='lat' dir='ltr'><strong>uiuo:</strong></span> <span class='ocrx_word' id='word_1_90' title='bbox 1084 1281 1134 1334; x_wconf 90' lang='lat' dir='ltr'><strong>aut</strong></span> <span class='ocrx_word' id='word_1_91' title='bbox 1156 1293 1172 1335; x_wconf 93' lang='grc' dir='ltr'><strong>ε</strong></span> <span class='ocrx_word' id='word_1_92' title='bbox 1195 1276 1354 1338; x_wconf 87' lang='lat' dir='ltr'><strong>contrario.</strong></span> 
     </span>
     <span class='ocr_line' id='line_1_11' title="bbox 62 1373 214 1456; baseline 0.007 -23"><span class='ocrx_word' id='word_1_93' title='bbox 62 1373 156 1434; x_wconf 91' lang='lat' dir='ltr'><strong>idest</strong></span> <span class='ocrx_word' id='word_1_94' title='bbox 210 1449 214 1456; x_wconf 89' lang='lat'><strong>.</strong></span> 
     </span>
     <span class='ocr_line' id='line_1_12' title="bbox 30 1477 1206 1557; baseline 0.007 -26"><span class='ocrx_word' id='word_1_95' title='bbox 30 1493 51 1531; x_wconf 77' lang='lat' dir='ltr'><strong>rc</strong></span> <span class='ocrx_word' id='word_1_96' title='bbox 212 1478 334 1538; x_wconf 90' lang='lat' dir='ltr'><strong>vinum</strong></span> <span class='ocrx_word' id='word_1_97' title='bbox 358 1496 564 1557; x_wconf 86' lang='lat' dir='ltr'><strong>precemur,</strong></span> <span class='ocrx_word' id='word_1_98' title='bbox 589 1496 668 1538; x_wconf 88' lang='lat' dir='ltr'><strong>nam</strong></span> <span class='ocrx_word' id='word_1_99' title='bbox 691 1477 750 1538; x_wconf 92' lang='lat' dir='ltr'><strong>hic</strong></span> <span class='ocrx_word' id='word_1_100' title='bbox 773 1478 862 1538; x_wconf 90' lang='lat' dir='ltr'><strong>deus</strong></span> <span class='ocrx_word' id='word_1_101' title='bbox 883 1495 1065 1557; x_wconf 86' lang='lat' dir='ltr'><strong>praeseus</strong></span> <span class='ocrx_word' id='word_1_102' title='bbox 1087 1477 1206 1539; x_wconf 87' lang='lat' dir='ltr'><strong>adest:</strong></span> 
     </span>
     <span class='ocr_line' id='line_1_13' title="bbox 61 1579 462 1646; baseline 0.01 -9"><span class='ocrx_word' id='word_1_103' title='bbox 61 1581 168 1646; x_wconf 84' lang='lat' dir='ltr'><strong>uinum,</strong></span> <span class='ocrx_word' id='word_1_104' title='bbox 193 1579 223 1640; x_wconf 89' lang='lat' dir='ltr'><strong>id</strong></span> <span class='ocrx_word' id='word_1_105' title='bbox 247 1587 291 1640; x_wconf 88' lang='lat' dir='ltr'><strong>cst</strong></span> <span class='ocrx_word' id='word_1_106' title='bbox 311 1579 462 1642; x_wconf 86' lang='lat' dir='ltr'><strong>Liberum.</strong></span> 
     </span>
     <span class='ocr_line' id='line_1_14' title="bbox 142 1681 1354 1761; baseline 0.002 -19"><span class='ocrx_word' id='word_1_107' title='bbox 142 1683 355 1742; x_wconf 80' lang='lat' dir='ltr'><strong>hutouomasia</strong></span> <span class='ocrx_word' id='word_1_108' title='bbox 379 1689 408 1742; x_wconf 90' lang='lat' dir='ltr'><strong>et</strong></span> <span class='ocrx_word' id='word_1_109' title='bbox 429 1681 580 1761; x_wconf 89' lang='lat' dir='ltr'><strong>epitheton</strong></span> <span class='ocrx_word' id='word_1_110' title='bbox 604 1682 681 1759; x_wconf 87' lang='lat' dir='ltr'><strong>tropi</strong></span> <span class='ocrx_word' id='word_1_111' title='bbox 704 1688 773 1743; x_wconf 92' lang='lat' dir='ltr'><strong>sunt</strong></span> <span class='ocrx_word' id='word_1_112' title='bbox 794 1681 851 1742; x_wconf 90' lang='lat' dir='ltr'><strong>sibi</strong></span> <span class='ocrx_word' id='word_1_113' title='bbox 874 1683 969 1743; x_wconf 88' lang='lat' dir='ltr'><strong>vicini.</strong></span> <span class='ocrx_word' id='word_1_114' title='bbox 1011 1700 1079 1744; x_wconf 90' lang='lat' dir='ltr'><strong>nam</strong></span> <span class='ocrx_word' id='word_1_115' title='bbox 1103 1689 1132 1742; x_wconf 92' lang='lat' dir='ltr'><strong>ct</strong></span> <span class='ocrx_word' id='word_1_116' title='bbox 1153 1685 1354 1744; x_wconf 84' lang='lat' dir='ltr'><strong>antonomasia</strong></span> 
     </span>
     <span class='ocr_line' id='line_1_15' title="bbox 63 1782 1355 1865; baseline 0.002 -23"><span class='ocrx_word' id='word_1_117' title='bbox 63 1803 77 1842; x_wconf 97' lang='lat' dir='ltr'><strong>a</strong></span> <span class='ocrx_word' id='word_1_118' title='bbox 105 1783 204 1843; x_wconf 90' lang='lat' dir='ltr'><strong>trihus</strong></span> <span class='ocrx_word' id='word_1_119' title='bbox 230 1782 321 1844; x_wconf 87' lang='lat' dir='ltr'><strong>rebus</strong></span> <span class='ocrx_word' id='word_1_120' title='bbox 348 1783 490 1855; x_wconf 89' lang='lat' dir='ltr'><strong>trahitur,</strong></span> <span class='ocrx_word' id='word_1_121' title='bbox 521 1793 550 1844; x_wconf 91' lang='lat' dir='ltr'><strong>ct</strong></span> <span class='ocrx_word' id='word_1_122' title='bbox 578 1783 730 1865; x_wconf 88' lang='lat' dir='ltr'><strong>epitheton</strong></span> <span class='ocrx_word' id='word_1_123' title='bbox 754 1803 769 1844; x_wconf 90' lang='grc' dir='ltr'><strong>ε</strong></span> <span class='ocrx_word' id='word_1_124' title='bbox 798 1783 893 1844; x_wconf 90' lang='lat' dir='ltr'><strong>tribus</strong></span> <span class='ocrx_word' id='word_1_125' title='bbox 915 1783 1006 1846; x_wconf 88' lang='lat' dir='ltr'><strong>rebus</strong></span> <span class='ocrx_word' id='word_1_126' title='bbox 1028 1785 1169 1855; x_wconf 91' lang='lat' dir='ltr'><strong>trahitur,</strong></span> <span class='ocrx_word' id='word_1_127' title='bbox 1197 1785 1227 1844; x_wconf 92' lang='lat' dir='ltr'><strong>id</strong></span> <span class='ocrx_word' id='word_1_128' title='bbox 1251 1793 1297 1846; x_wconf 88' lang='lat' dir='ltr'><strong>est</strong></span> <span class='ocrx_word' id='word_1_129' title='bbox 1318 1784 1355 1845; x_wconf 89' lang='lat' dir='ltr'><strong>ab</strong></span> 
     </span>
     <span class='ocr_line' id='line_1_16' title="bbox 64 1885 1355 1965; baseline 0.002 -21"><span class='ocrx_word' id='word_1_130' title='bbox 64 1886 173 1955; x_wconf 90' lang='lat' dir='ltr'><strong>animo,</strong></span> <span class='ocrx_word' id='word_1_131' title='bbox 205 1904 221 1945; x_wconf 94' lang='lat' dir='ltr'><strong>a</strong></span> <span class='ocrx_word' id='word_1_132' title='bbox 249 1903 389 1964; x_wconf 90' lang='lat' dir='ltr'><strong>corpore,</strong></span> <span class='ocrx_word' id='word_1_133' title='bbox 419 1887 612 1946; x_wconf 84' lang='lat' dir='ltr'><strong>extrinsecus.</strong></span> <span class='ocrx_word' id='word_1_134' title='bbox 658 1895 728 1965; x_wconf 90' lang='lat' dir='ltr'><strong>puta</strong></span> <span class='ocrx_word' id='word_1_135' title='bbox 758 1885 846 1946; x_wconf 74' lang='lat' dir='ltr'><strong>‘lelix</strong></span> <span class='ocrx_word' id='word_1_136' title='bbox 873 1886 1003 1947; x_wconf 81' lang='lat' dir='ltr'><strong>heneas’</strong></span> <span class='ocrx_word' id='word_1_137' title='bbox 1033 1888 1238 1949; x_wconf 89' lang='lat' dir='ltr'><strong>antonomasia</strong></span> <span class='ocrx_word' id='word_1_138' title='bbox 1266 1894 1312 1947; x_wconf 90' lang='grc' dir='ltr'><strong>εει</strong></span> <span class='ocrx_word' id='word_1_139' title='bbox 1339 1905 1355 1946; x_wconf 92' lang='grc' dir='ltr'><strong>ε</strong></span> 
     </span>
     <span class='ocr_line' id='line_1_17' title="bbox 32 1987 1355 2066; baseline 0.008 -28"><span class='ocrx_word' id='word_1_140' title='bbox 32 1987 194 2054; x_wconf 72' lang='lat' dir='ltr'><strong>retortum:</strong></span> <span class='ocrx_word' id='word_1_141' title='bbox 231 1987 256 2046; x_wconf 93' lang='lat' dir='ltr'><strong>sl</strong></span> <span class='ocrx_word' id='word_1_142' title='bbox 283 1987 365 2048; x_wconf 89' lang='lat' dir='ltr'><strong>dicas</strong></span> <span class='ocrx_word' id='word_1_143' title='bbox 394 1989 617 2066; x_wconf 84' lang='lat' dir='ltr'><strong>‘magnanimus</strong></span> <span class='ocrx_word' id='word_1_144' title='bbox 644 1988 786 2059; x_wconf 87' lang='lat' dir='ltr'><strong>Aeneas’,</strong></span> <span class='ocrx_word' id='word_1_145' title='bbox 815 1990 1018 2050; x_wconf 87' lang='lat' dir='ltr'><strong>antonomasia</strong></span> <span class='ocrx_word' id='word_1_146' title='bbox 1045 1997 1090 2049; x_wconf 92' lang='lat' dir='ltr'><strong>est</strong></span> <span class='ocrx_word' id='word_1_147' title='bbox 1118 1988 1155 2049; x_wconf 90' lang='lat' dir='ltr'><strong>ab</strong></span> <span class='ocrx_word' id='word_1_148' title='bbox 1183 1990 1296 2058; x_wconf 82' lang='lat' dir='ltr'><strong>aniuro;</strong></span> <span class='ocrx_word' id='word_1_149' title='bbox 1330 1990 1355 2048; x_wconf 90' lang='lat' dir='ltr'><strong>si</strong></span> 
     </span>
     <span class='ocr_line' id='line_1_18' title="bbox 63 2087 1354 2171; baseline 0.002 -23"><span class='ocrx_word' id='word_1_150' title='bbox 63 2087 140 2149; x_wconf 90' lang='lat' dir='ltr'><strong>dicas</strong></span> <span class='ocrx_word' id='word_1_151' title='bbox 168 2089 273 2149; x_wconf 79' lang='lat' dir='ltr'><strong>‘lortis</strong></span> <span class='ocrx_word' id='word_1_152' title='bbox 299 2090 446 2160; x_wconf 78' lang='lat' dir='ltr'><strong>Aeneas’,</strong></span> <span class='ocrx_word' id='word_1_153' title='bbox 477 2091 680 2151; x_wconf 88' lang='lat' dir='ltr'><strong>antonomasia</strong></span> <span class='ocrx_word' id='word_1_154' title='bbox 710 2099 754 2150; x_wconf 91' lang='lat' dir='ltr'><strong>est</strong></span> <span class='ocrx_word' id='word_1_155' title='bbox 780 2109 797 2150; x_wconf 93' lang='grc' dir='ltr'><strong>ε</strong></span> <span class='ocrx_word' id='word_1_156' title='bbox 826 2107 964 2171; x_wconf 87' lang='lat' dir='ltr'><strong>corpore.</strong></span> <span class='ocrx_word' id='word_1_157' title='bbox 1009 2108 1080 2169; x_wconf 85' lang='lat' dir='ltr'><strong>ergo</strong></span> <span class='ocrx_word' id='word_1_158' title='bbox 1109 2093 1311 2153; x_wconf 88' lang='lat' dir='ltr'><strong>antonomasia</strong></span> <span class='ocrx_word' id='word_1_159' title='bbox 1338 2109 1354 2151; x_wconf 92' lang='lat' dir='ltr'><strong>a</strong></span> 
     </span>
     <span class='ocr_line' id='line_1_19' title="bbox 64 2190 1355 2273; baseline 0.003 -25"><span class='ocrx_word' id='word_1_160' title='bbox 64 2190 153 2250; x_wconf 89' lang='lat' dir='ltr'><strong>tribus</strong></span> <span class='ocrx_word' id='word_1_161' title='bbox 176 2190 269 2251; x_wconf 90' lang='lat' dir='ltr'><strong>rebus</strong></span> <span class='ocrx_word' id='word_1_162' title='bbox 291 2190 433 2260; x_wconf 89' lang='lat' dir='ltr'><strong>trahitur,</strong></span> <span class='ocrx_word' id='word_1_163' title='bbox 458 2191 494 2252; x_wconf 93' lang='lat' dir='ltr'><strong>ab</strong></span> <span class='ocrx_word' id='word_1_164' title='bbox 517 2193 630 2262; x_wconf 90' lang='lat' dir='ltr'><strong>animo,</strong></span> <span class='ocrx_word' id='word_1_165' title='bbox 655 2210 670 2251; x_wconf 92' lang='lat' dir='ltr'><strong>a</strong></span> <span class='ocrx_word' id='word_1_166' title='bbox 694 2209 834 2271; x_wconf 91' lang='lat' dir='ltr'><strong>corpore,</strong></span> <span class='ocrx_word' id='word_1_167' title='bbox 859 2194 1052 2254; x_wconf 82' lang='lat' dir='ltr'><strong>extrinsecus.</strong></span> <span class='ocrx_word' id='word_1_168' title='bbox 1099 2193 1251 2273; x_wconf 88' lang='lat' dir='ltr'><strong>epitheton</strong></span> <span class='ocrx_word' id='word_1_169' title='bbox 1274 2194 1355 2253; x_wconf 90' lang='lat' dir='ltr'><strong>simi-</strong></span> 
     </span>
     <span class='ocr_line' id='line_1_20' title="bbox 65 2291 1354 2375; baseline 0.002 -24"><span class='ocrx_word' id='word_1_170' title='bbox 65 2291 136 2352; x_wconf 88' lang='lat' dir='ltr'><strong>liter.</strong></span> <span class='ocrx_word' id='word_1_171' title='bbox 170 2291 244 2369; x_wconf 88' lang='lat' dir='ltr'><strong>quitl</strong></span> <span class='ocrx_word' id='word_1_172' title='bbox 267 2310 338 2370; x_wconf 79' lang='lat' dir='ltr'><strong>ergo</strong></span> <span class='ocrx_word' id='word_1_173' title='bbox 362 2295 417 2353; x_wconf 89' lang='lat' dir='ltr'><strong>erit</strong></span> <span class='ocrx_word' id='word_1_174' title='bbox 439 2295 518 2354; x_wconf 89' lang='lat' dir='ltr'><strong>inter</strong></span> <span class='ocrx_word' id='word_1_175' title='bbox 540 2296 763 2354; x_wconf 89' lang='lat' dir='ltr'><strong>antonomasian</strong></span> <span class='ocrx_word' id='word_1_176' title='bbox 787 2301 817 2355; x_wconf 90' lang='lat' dir='ltr'><strong>et</strong></span> <span class='ocrx_word' id='word_1_177' title='bbox 841 2295 1012 2374; x_wconf 74' lang='lat' dir='ltr'><strong>epitheton?</strong></span> <span class='ocrx_word' id='word_1_178' title='bbox 1034 2294 1207 2375; x_wconf 91' lang='lat' dir='ltr'><strong>dicitquod</strong></span> <span class='ocrx_word' id='word_1_179' title='bbox 1230 2303 1354 2356; x_wconf 91' lang='lat' dir='ltr'><strong>antono-</strong></span> 
     </span>
     <span class='ocr_line' id='line_1_21' title="bbox 65 2375 1355 2476; baseline 0.003 -24"><span class='ocrx_word' id='word_1_180' title='bbox 65 2375 149 2454; x_wconf 85' lang='lat' dir='ltr'><strong>m&#39;asia</strong></span> <span class='ocrx_word' id='word_1_181' title='bbox 173 2396 238 2454; x_wconf 86' lang='lat' dir='ltr'><strong>vice</strong></span> <span class='ocrx_word' id='word_1_182' title='bbox 265 2392 403 2475; x_wconf 74' lang='lat' dir='ltr'><strong>nolminls</strong></span> <span class='ocrx_word' id='word_1_183' title='bbox 431 2397 566 2474; x_wconf 89' lang='lat' dir='ltr'><strong>ponitur,</strong></span> <span class='ocrx_word' id='word_1_184' title='bbox 596 2395 749 2475; x_wconf 86' lang='lat' dir='ltr'><strong>epitheton</strong></span> <span class='ocrx_word' id='word_1_185' title='bbox 778 2415 846 2457; x_wconf 91' lang='lat' dir='ltr'><strong>cum</strong></span> <span class='ocrx_word' id='word_1_186' title='bbox 869 2398 989 2457; x_wconf 92' lang='lat' dir='ltr'><strong>nomine</strong></span> <span class='ocrx_word' id='word_1_187' title='bbox 1011 2397 1140 2475; x_wconf 90' lang='lat' dir='ltr'><strong>ponitur.</strong></span> <span class='ocrx_word' id='word_1_188' title='bbox 1185 2394 1256 2476; x_wconf 74' lang='lat' dir='ltr'><strong>pulta</strong></span> <span class='ocrx_word' id='word_1_189' title='bbox 1278 2398 1355 2476; x_wconf 90' lang='lat' dir='ltr'><strong>siqui</strong></span> 
     </span>
     <span class='ocr_line' id='line_1_22' title="bbox 33 2495 1353 2577; baseline 0.006 -27"><span class='ocrx_word' id='word_1_190' title='bbox 33 2495 137 2556; x_wconf 74' lang='lat' dir='ltr'><strong>radicat</strong></span> <span class='ocrx_word' id='word_1_191' title='bbox 166 2495 250 2556; x_wconf 85' lang='lat' dir='ltr'><strong>verbi</strong></span> <span class='ocrx_word' id='word_1_192' title='bbox 278 2515 366 2557; x_wconf 90' lang='lat' dir='ltr'><strong>causa</strong></span> <span class='ocrx_word' id='word_1_193' title='bbox 394 2501 482 2558; x_wconf 78' lang='lat' dir='ltr'><strong>‘ecce</strong></span> <span class='ocrx_word' id='word_1_194' title='bbox 510 2499 575 2577; x_wconf 92' lang='lat' dir='ltr'><strong>pius</strong></span> <span class='ocrx_word' id='word_1_195' title='bbox 603 2499 685 2558; x_wconf 90' lang='lat' dir='ltr'><strong>venit</strong></span> <span class='ocrx_word' id='word_1_196' title='bbox 710 2499 855 2568; x_wconf 83' lang='lat' dir='ltr'><strong>iuvenls&#39;,</strong></span> <span class='ocrx_word' id='word_1_197' title='bbox 888 2505 918 2558; x_wconf 91' lang='lat' dir='ltr'><strong>et</strong></span> <span class='ocrx_word' id='word_1_198' title='bbox 943 2497 1014 2558; x_wconf 88' lang='lat' dir='ltr'><strong>velit</strong></span> <span class='ocrx_word' id='word_1_199' title='bbox 1039 2498 1207 2576; x_wconf 83' lang='lat' dir='ltr'><strong>significare</strong></span> <span class='ocrx_word' id='word_1_200' title='bbox 1235 2503 1353 2560; x_wconf 81' lang='lat' dir='ltr'><strong>Aenean</strong></span> 
     </span>
     <span class='ocr_line' id='line_1_23' title="bbox 65 2596 1355 2678; baseline 0.003 -22"><span class='ocrx_word' id='word_1_201' title='bbox 65 2596 185 2658; x_wconf 88' lang='lat' dir='ltr'><strong>dicendo</strong></span> <span class='ocrx_word' id='word_1_202' title='bbox 211 2601 299 2658; x_wconf 73' lang='lat' dir='ltr'><strong>‘ecce</strong></span> <span class='ocrx_word' id='word_1_203' title='bbox 326 2600 393 2678; x_wconf 91' lang='lat' dir='ltr'><strong>pius</strong></span> <span class='ocrx_word' id='word_1_204' title='bbox 420 2600 499 2660; x_wconf 81' lang='lat' dir='ltr'><strong>uenit</strong></span> <span class='ocrx_word' id='word_1_205' title='bbox 527 2601 669 2670; x_wconf 86' lang='lat' dir='ltr'><strong>iuveuls&#39;,</strong></span> <span class='ocrx_word' id='word_1_206' title='bbox 698 2599 786 2661; x_wconf 92' lang='lat' dir='ltr'><strong>modo</strong></span> <span class='ocrx_word' id='word_1_207' title='bbox 809 2602 1014 2662; x_wconf 87' lang='lat' dir='ltr'><strong>antonomasia</strong></span> <span class='ocrx_word' id='word_1_208' title='bbox 1037 2608 1096 2668; x_wconf 89' lang='lat' dir='ltr'><strong>est;</strong></span> <span class='ocrx_word' id='word_1_209' title='bbox 1119 2601 1245 2661; x_wconf 89' lang='lat' dir='ltr'><strong>sidicat</strong></span> <span class='ocrx_word' id='word_1_210' title='bbox 1267 2602 1355 2660; x_wconf 78' lang='lat' dir='ltr'><strong>‘ecce</strong></span> 
     </span>
     <span class='ocr_line' id='line_1_24' title="bbox 64 2700 1356 2781; baseline 0.004 -23"><span class='ocrx_word' id='word_1_211' title='bbox 64 2701 124 2779; x_wconf 89' lang='lat' dir='ltr'><strong>pius</strong></span> <span class='ocrx_word' id='word_1_212' title='bbox 150 2703 233 2762; x_wconf 85' lang='lat' dir='ltr'><strong>venit</strong></span> <span class='ocrx_word' id='word_1_213' title='bbox 260 2703 400 2771; x_wconf 83' lang='lat' dir='ltr'><strong>heneas&#39;,</strong></span> <span class='ocrx_word' id='word_1_214' title='bbox 428 2703 486 2762; x_wconf 90' lang='lat' dir='ltr'><strong>iam</strong></span> <span class='ocrx_word' id='word_1_215' title='bbox 515 2719 576 2762; x_wconf 92' lang='lat' dir='ltr'><strong>uon</strong></span> <span class='ocrx_word' id='word_1_216' title='bbox 603 2709 648 2762; x_wconf 89' lang='lat' dir='ltr'><strong>est</strong></span> <span class='ocrx_word' id='word_1_217' title='bbox 675 2705 892 2773; x_wconf 89' lang='lat' dir='ltr'><strong>antonomasia,</strong></span> <span class='ocrx_word' id='word_1_218' title='bbox 921 2701 974 2763; x_wconf 88' lang='lat' dir='ltr'><strong>sed</strong></span> <span class='ocrx_word' id='word_1_219' title='bbox 1003 2701 1164 2781; x_wconf 89' lang='lat' dir='ltr'><strong>epitheton.</strong></span> <span class='ocrx_word' id='word_1_220' title='bbox 1211 2700 1283 2762; x_wconf 90' lang='lat' dir='ltr'><strong>nihil</strong></span> <span class='ocrx_word' id='word_1_221' title='bbox 1312 2712 1356 2763; x_wconf 91' lang='grc' dir='ltr'><strong>εει</strong></span> 
     </span>
     <span class='ocr_line' id='line_1_25' title="bbox 65 2801 1354 2883; baseline 0.003 -22"><span class='ocrx_word' id='word_1_222' title='bbox 65 2804 138 2862; x_wconf 90' lang='lat' dir='ltr'><strong>euim</strong></span> <span class='ocrx_word' id='word_1_223' title='bbox 161 2801 316 2883; x_wconf 91' lang='lat' dir='ltr'><strong>epitheton</strong></span> <span class='ocrx_word' id='word_1_224' title='bbox 344 2803 402 2863; x_wconf 89' lang='lat' dir='ltr'><strong>nisi</strong></span> <span class='ocrx_word' id='word_1_225' title='bbox 431 2806 631 2864; x_wconf 90' lang='lat' dir='ltr'><strong>antonomasia</strong></span> <span class='ocrx_word' id='word_1_226' title='bbox 654 2805 754 2865; x_wconf 88' lang='lat' dir='ltr'><strong>iuncta</strong></span> <span class='ocrx_word' id='word_1_227' title='bbox 777 2805 900 2866; x_wconf 89' lang='lat' dir='ltr'><strong>nomini.</strong></span> <span class='ocrx_word' id='word_1_228' title='bbox 944 2805 1002 2865; x_wconf 94' lang='lat' dir='ltr'><strong>hoc</strong></span> <span class='ocrx_word' id='word_1_229' title='bbox 1023 2807 1151 2866; x_wconf 88' lang='lat' dir='ltr'><strong>interest</strong></span> <span class='ocrx_word' id='word_1_230' title='bbox 1171 2805 1249 2866; x_wconf 90' lang='lat' dir='ltr'><strong>inter</strong></span> <span class='ocrx_word' id='word_1_231' title='bbox 1272 2813 1354 2865; x_wconf 93' lang='lat' dir='ltr'><strong>auto-</strong></span> 
     </span>
     <span class='ocr_line' id='line_1_26' title="bbox 66 2903 1353 3016; baseline 0.004 -54"><span class='ocrx_word' id='word_1_232' title='bbox 66 2906 217 2964; x_wconf 91' lang='lat' dir='ltr'><strong>nomasian</strong></span> <span class='ocrx_word' id='word_1_233' title='bbox 231 2910 270 2965; x_wconf 71' lang='lat' dir='ltr'><strong>&#39;et</strong></span> <span class='ocrx_word' id='word_1_234' title='bbox 292 2903 458 2984; x_wconf 84' lang='lat' dir='ltr'><strong>epitheton,</strong></span> <span class='ocrx_word' id='word_1_235' title='bbox 483 2905 562 2983; x_wconf 88' lang='lat' dir='ltr'><strong>quod</strong></span> <span class='ocrx_word' id='word_1_236' title='bbox 578 2905 778 3016; x_wconf 89' lang='lat' dir='ltr'><strong>autopomasia</strong></span> <span class='ocrx_word' id='word_1_237' title='bbox 796 2908 860 2968; x_wconf 92' lang='lat' dir='ltr'><strong>vice</strong></span> <span class='ocrx_word' id='word_1_238' title='bbox 881 2908 1011 2967; x_wconf 90' lang='lat' dir='ltr'><strong>nominis</strong></span> <span class='ocrx_word' id='word_1_239' title='bbox 1032 2908 1179 2984; x_wconf 77' lang='lat' dir='ltr'><strong>iungitur,</strong></span> <span class='ocrx_word' id='word_1_240' title='bbox 1203 2907 1353 2986; x_wconf 88' lang='lat' dir='ltr'><strong>epitheton</strong></span> 
     </span>
     <span class='ocr_line' id='line_1_27' title="bbox 33 3007 1354 3088; baseline 0.006 -27"><span class='ocrx_word' id='word_1_241' title='bbox 33 3021 129 3065; x_wconf 80' lang='lat' dir='ltr'><strong>cavero</strong></span> <span class='ocrx_word' id='word_1_242' title='bbox 156 3025 226 3066; x_wconf 92' lang='lat' dir='ltr'><strong>cum</strong></span> <span class='ocrx_word' id='word_1_243' title='bbox 249 3007 314 3086; x_wconf 92' lang='lat' dir='ltr'><strong>ipso</strong></span> <span class='ocrx_word' id='word_1_244' title='bbox 336 3008 457 3068; x_wconf 88' lang='lat' dir='ltr'><strong>nomine</strong></span> <span class='ocrx_word' id='word_1_245' title='bbox 478 3009 609 3086; x_wconf 91' lang='lat' dir='ltr'><strong>ponitur.</strong></span> <span class='ocrx_word' id='word_1_246' title='bbox 654 3009 719 3069; x_wconf 90' lang='lat' dir='ltr'><strong>vice</strong></span> <span class='ocrx_word' id='word_1_247' title='bbox 746 3009 874 3069; x_wconf 86' lang='lat' dir='ltr'><strong>uonriuis</strong></span> <span class='ocrx_word' id='word_1_248' title='bbox 902 3010 1010 3087; x_wconf 91' lang='lat' dir='ltr'><strong>posita,</strong></span> <span class='ocrx_word' id='word_1_249' title='bbox 1039 3008 1067 3068; x_wconf 93' lang='lat' dir='ltr'><strong>id</strong></span> <span class='ocrx_word' id='word_1_250' title='bbox 1092 3016 1137 3069; x_wconf 90' lang='lat' dir='ltr'><strong>est</strong></span> <span class='ocrx_word' id='word_1_251' title='bbox 1158 3007 1235 3079; x_wconf 89' lang='lat' dir='ltr'><strong>sola,</strong></span> <span class='ocrx_word' id='word_1_252' title='bbox 1259 3010 1354 3088; x_wconf 73' lang='lat' dir='ltr'><strong>‘ipse</strong></span> 
     </span>
     <span class='ocr_line' id='line_1_28' title="bbox 65 3105 1355 3190; baseline 0.003 -24"><span class='ocrx_word' id='word_1_253' title='bbox 65 3106 198 3169; x_wconf 88' lang='lat' dir='ltr'><strong>arduus</strong></span> <span class='ocrx_word' id='word_1_254' title='bbox 225 3105 374 3190; x_wconf 90' lang='lat' dir='ltr'><strong>altaque</strong></span> <span class='ocrx_word' id='word_1_255' title='bbox 403 3109 528 3190; x_wconf 90' lang='lat' dir='ltr'><strong>pulsat</strong></span> <span class='ocrx_word' id='word_1_256' title='bbox 554 3109 699 3170; x_wconf 90' lang='lat' dir='ltr'><strong>sidera&#39;</strong></span> <span class='ocrx_word' id='word_1_257' title='bbox 721 3127 740 3163; x_wconf 72' lang='lat' dir='ltr'><strong>c</strong></span> <span class='ocrx_word' id='word_1_258' title='bbox 775 3119 807 3171; x_wconf 92' lang='lat' dir='ltr'><strong>ut</strong></span> <span class='ocrx_word' id='word_1_259' title='bbox 829 3109 928 3172; x_wconf 72' lang='lat' dir='ltr'><strong>‘dira</strong></span> <span class='ocrx_word' id='word_1_260' title='bbox 951 3108 1140 3171; x_wconf 84' lang='lat' dir='ltr'><strong>Celaeno&#39;:</strong></span> <span class='ocrx_word' id='word_1_261' title='bbox 1171 3128 1240 3171; x_wconf 89' lang='lat' dir='ltr'><strong>ecce</strong></span> <span class='ocrx_word' id='word_1_262' title='bbox 1263 3112 1288 3170; x_wconf 90' lang='lat' dir='ltr'><strong>sl</strong></span> <span class='ocrx_word' id='word_1_263' title='bbox 1311 3111 1355 3170; x_wconf 90' lang='lat' dir='ltr'><strong>di·</strong></span> 
     </span>
     <span class='ocr_line' id='line_1_29' title="bbox 66 3209 1356 3292; baseline 0.004 -25"><span class='ocrx_word' id='word_1_264' title='bbox 66 3218 141 3270; x_wconf 87' lang='lat' dir='ltr'><strong>cerct</strong></span> <span class='ocrx_word' id='word_1_265' title='bbox 164 3209 231 3270; x_wconf 91' lang='lat' dir='ltr'><strong>dira</strong></span> <span class='ocrx_word' id='word_1_266' title='bbox 254 3218 366 3272; x_wconf 91' lang='lat' dir='ltr'><strong>tantum</strong></span> <span class='ocrx_word' id='word_1_267' title='bbox 390 3211 493 3281; x_wconf 92' lang='lat' dir='ltr'><strong>modo,</strong></span> <span class='ocrx_word' id='word_1_268' title='bbox 518 3213 740 3272; x_wconf 91' lang='lat' dir='ltr'><strong>antonomasian</strong></span> <span class='ocrx_word' id='word_1_269' title='bbox 762 3212 888 3281; x_wconf 87' lang='lat' dir='ltr'><strong>lace1·et;</strong></span> <span class='ocrx_word' id='word_1_270' title='bbox 912 3211 1038 3273; x_wconf 90' lang='lat' dir='ltr'><strong>dicendo</strong></span> <span class='ocrx_word' id='word_1_271' title='bbox 1054 3212 1181 3274; x_wconf 85' lang='lat' dir='ltr'><strong>Celaeno</strong></span> <span class='ocrx_word' id='word_1_272' title='bbox 1203 3213 1274 3273; x_wconf 88' lang='lat' dir='ltr'><strong>lecit</strong></span> <span class='ocrx_word' id='word_1_273' title='bbox 1295 3214 1356 3292; x_wconf 85' lang='lat' dir='ltr'><strong>cpi·</strong></span> 
     </span>
     <span class='ocr_line' id='line_1_30' title="bbox 65 3312 1354 3385; baseline 0.003 -15"><span class='ocrx_word' id='word_1_274' title='bbox 65 3313 172 3374; x_wconf 91' lang='lat' dir='ltr'><strong>theton.</strong></span> <span class='ocrx_word' id='word_1_275' title='bbox 205 3312 283 3373; x_wconf 85' lang='lat' dir='ltr'><strong>‘dia</strong></span> <span class='ocrx_word' id='word_1_276' title='bbox 299 3312 486 3374; x_wconf 85' lang='lat' dir='ltr'><strong>Camilla&#39;:</strong></span> <span class='ocrx_word' id='word_1_277' title='bbox 510 3316 535 3374; x_wconf 93' lang='lat' dir='ltr'><strong>si</strong></span> <span class='ocrx_word' id='word_1_278' title='bbox 557 3315 614 3375; x_wconf 90' lang='lat' dir='ltr'><strong>hoc</strong></span> <span class='ocrx_word' id='word_1_279' title='bbox 636 3313 730 3376; x_wconf 91' lang='lat' dir='ltr'><strong>solum</strong></span> <span class='ocrx_word' id='word_1_280' title='bbox 753 3313 867 3375; x_wconf 89' lang='lat' dir='ltr'><strong>diceret</strong></span> <span class='ocrx_word' id='word_1_281' title='bbox 889 3314 951 3385; x_wconf 92' lang='lat' dir='ltr'><strong>dia,</strong></span> <span class='ocrx_word' id='word_1_282' title='bbox 975 3321 1055 3375; x_wconf 88' lang='lat' dir='ltr'><strong>esset</strong></span> <span class='ocrx_word' id='word_1_283' title='bbox 1076 3317 1287 3376; x_wconf 89' lang='lat' dir='ltr'><strong>antonomasia.</strong></span> <span class='ocrx_word' id='word_1_284' title='bbox 1319 3335 1354 3374; x_wconf 83' lang='lat' dir='ltr'><strong>cx</strong></span> 
     </span>
     <span class='ocr_line' id='line_1_31' title="bbox 66 3411 1353 3497; baseline 0.007 -26"><span class='ocrx_word' id='word_1_285' title='bbox 66 3411 106 3474; x_wconf 94' lang='lat' dir='ltr'><strong>his</strong></span> <span class='ocrx_word' id='word_1_286' title='bbox 133 3414 250 3476; x_wconf 91' lang='lat' dir='ltr'><strong>duobus</strong></span> <span class='ocrx_word' id='word_1_287' title='bbox 278 3417 372 3494; x_wconf 92' lang='lat' dir='ltr'><strong>tropis</strong></span> <span class='ocrx_word' id='word_1_288' title='bbox 400 3415 445 3476; x_wconf 87' lang='lat' dir='ltr'><strong>vel</strong></span> <span class='ocrx_word' id='word_1_289' title='bbox 472 3415 623 3476; x_wconf 87' lang='lat' dir='ltr'><strong>laudamus</strong></span> <span class='ocrx_word' id='word_1_290' title='bbox 651 3415 778 3496; x_wconf 91' lang='lat' dir='ltr'><strong>aliquem</strong></span> <span class='ocrx_word' id='word_1_291' title='bbox 808 3415 853 3476; x_wconf 87' lang='lat' dir='ltr'><strong>vel</strong></span> <span class='ocrx_word' id='word_1_292' title='bbox 885 3418 1095 3497; x_wconf 86' lang='lat' dir='ltr'><strong>vituperamus.</strong></span> <span class='ocrx_word' id='word_1_293' title='bbox 1140 3415 1213 3478; x_wconf 88' lang='lat' dir='ltr'><strong>nihil</strong></span> <span class='ocrx_word' id='word_1_294' title='bbox 1246 3419 1353 3480; x_wconf 82' lang='lat' dir='ltr'><strong>verius.</strong></span> 
     </span>
     <span class='ocr_line' id='line_1_32' title="bbox 36 3497 1354 3600; baseline 0.008 -30"><span class='ocrx_word' id='word_1_295' title='bbox 36 3516 154 3577; x_wconf 82' lang='lat' dir='ltr'><strong>utribus</strong></span> <span class='ocrx_word' id='word_1_296' title='bbox 169 3515 261 3577; x_wconf 86' lang='lat' dir='ltr'><strong>rebus</strong></span> <span class='ocrx_word' id='word_1_297' title='bbox 272 3515 404 3593; x_wconf 87' lang='lat' dir='ltr'><strong>aliquem</strong></span> <span class='ocrx_word' id='word_1_298' title='bbox 424 3497 592 3588; x_wconf 69' lang='lat' dir='ltr'><strong>laudamus</strong></span> <span class='ocrx_word' id='word_1_299' title='bbox 616 3517 652 3579; x_wconf 92' lang='lat' dir='ltr'><strong>ab</strong></span> <span class='ocrx_word' id='word_1_300' title='bbox 668 3519 780 3588; x_wconf 92' lang='lat' dir='ltr'><strong>animo,</strong></span> <span class='ocrx_word' id='word_1_301' title='bbox 805 3537 821 3580; x_wconf 92' lang='lat' dir='ltr'><strong>a</strong></span> <span class='ocrx_word' id='word_1_302' title='bbox 844 3533 985 3598; x_wconf 90' lang='lat' dir='ltr'><strong>corpore,</strong></span> <span class='ocrx_word' id='word_1_303' title='bbox 1009 3521 1205 3580; x_wconf 83' lang='lat' dir='ltr'><strong>extrinsecus.</strong></span> <span class='ocrx_word' id='word_1_304' title='bbox 1236 3520 1354 3600; x_wconf 89' lang='lat' dir='ltr'><strong>quaudo</strong></span> 
     </span>
     <span class='ocr_line' id='line_1_33' title="bbox 65 3616 1352 3700; baseline 0.004 -22"><span class='ocrx_word' id='word_1_305' title='bbox 65 3617 202 3679; x_wconf 75' lang='lat' dir='ltr'><strong>Achillem</strong></span> <span class='ocrx_word' id='word_1_306' title='bbox 228 3616 395 3690; x_wconf 81' lang='lat' dir='ltr'><strong>laudamus,</strong></span> <span class='ocrx_word' id='word_1_307' title='bbox 419 3637 542 3681; x_wconf 91' lang='lat' dir='ltr'><strong>necesse</strong></span> <span class='ocrx_word' id='word_1_308' title='bbox 564 3619 708 3681; x_wconf 89' lang='lat' dir='ltr'><strong>habemus</strong></span> <span class='ocrx_word' id='word_1_309' title='bbox 731 3620 852 3682; x_wconf 89' lang='lat' dir='ltr'><strong>laudare</strong></span> <span class='ocrx_word' id='word_1_310' title='bbox 866 3622 998 3682; x_wconf 89' lang='lat' dir='ltr'><strong>animum</strong></span> <span class='ocrx_word' id='word_1_311' title='bbox 1012 3621 1119 3700; x_wconf 79' lang='lat' dir='ltr'><strong>ipsiuS,</strong></span> <span class='ocrx_word' id='word_1_312' title='bbox 1142 3620 1264 3682; x_wconf 91' lang='lat' dir='ltr'><strong>laudare</strong></span> <span class='ocrx_word' id='word_1_313' title='bbox 1286 3641 1352 3683; x_wconf 92' lang='lat' dir='ltr'><strong>cor-</strong></span> 
     </span>
     <span class='ocr_line' id='line_1_34' title="bbox 66 3719 1354 3801; baseline 0.008 -25"><span class='ocrx_word' id='word_1_314' title='bbox 66 3736 133 3796; x_wconf 90' lang='lat' dir='ltr'><strong>pus,</strong></span> <span class='ocrx_word' id='word_1_315' title='bbox 156 3719 281 3782; x_wconf 89' lang='lat' dir='ltr'><strong>laudare</strong></span> <span class='ocrx_word' id='word_1_316' title='bbox 303 3721 463 3782; x_wconf 92' lang='lat' dir='ltr'><strong>lortunam.</strong></span> <span class='ocrx_word' id='word_1_317' title='bbox 507 3740 577 3801; x_wconf 79' lang='lat' dir='ltr'><strong>ergo</strong></span> <span class='ocrx_word' id='word_1_318' title='bbox 599 3722 646 3782; x_wconf 88' lang='lat' dir='ltr'><strong>his</strong></span> <span class='ocrx_word' id='word_1_319' title='bbox 668 3723 761 3800; x_wconf 93' lang='lat' dir='ltr'><strong>tropis</strong></span> <span class='ocrx_word' id='word_1_320' title='bbox 790 3721 885 3782; x_wconf 91' lang='lat' dir='ltr'><strong>tribus</strong></span> <span class='ocrx_word' id='word_1_321' title='bbox 907 3731 957 3783; x_wconf 91' lang='lat' dir='ltr'><strong>aut</strong></span> <span class='ocrx_word' id='word_1_322' title='bbox 979 3719 1133 3784; x_wconf 89' lang='lat' dir='ltr'><strong>laudamus</strong></span> <span class='ocrx_word' id='word_1_323' title='bbox 1155 3721 1281 3801; x_wconf 89' lang='lat' dir='ltr'><strong>aliquem</strong></span> <span class='ocrx_word' id='word_1_324' title='bbox 1304 3733 1354 3786; x_wconf 90' lang='lat' dir='ltr'><strong>aut</strong></span> 
     </span>
     <span class='ocr_line' id='line_1_35' title="bbox 68 3821 1159 3904; baseline 0.006 -27"><span class='ocrx_word' id='word_1_325' title='bbox 68 3821 271 3902; x_wconf 76' lang='lat' dir='ltr'><strong>vituperamus</strong></span> <span class='ocrx_word' id='word_1_326' title='bbox 293 3821 339 3882; x_wconf 85' lang='lat' dir='ltr'><strong>vel</strong></span> <span class='ocrx_word' id='word_1_327' title='bbox 361 3823 543 3885; x_wconf 88' lang='lat' dir='ltr'><strong>ostendimus</strong></span> <span class='ocrx_word' id='word_1_328' title='bbox 566 3824 609 3885; x_wconf 90' lang='lat' dir='ltr'><strong>vel</strong></span> <span class='ocrx_word' id='word_1_329' title='bbox 633 3842 773 3885; x_wconf 91' lang='lat' dir='ltr'><strong>ornamus</strong></span> <span class='ocrx_word' id='word_1_330' title='bbox 797 3821 866 3904; x_wconf 90' lang='lat' dir='ltr'><strong>[sed</strong></span> <span class='ocrx_word' id='word_1_331' title='bbox 887 3822 1052 3886; x_wconf 79' lang='lat' dir='ltr'><strong>substantie</strong></span> <span class='ocrx_word' id='word_1_332' title='bbox 1074 3822 1159 3904; x_wconf 89' lang='lat' dir='ltr'><strong>illis].</strong></span> 
     </span>
     <span class='ocr_line' id='line_1_36' title="bbox 144 3924 1354 4008; baseline 0.003 -22"><span class='ocrx_word' id='word_1_333' title='bbox 144 3924 340 4005; x_wconf 78' lang='lat' dir='ltr'><strong>synecdoche</strong></span> <span class='ocrx_word' id='word_1_334' title='bbox 363 3925 471 3986; x_wconf 89' lang='lat' dir='ltr'><strong>dicitur</strong></span> <span class='ocrx_word' id='word_1_335' title='bbox 493 3927 667 4006; x_wconf 80' lang='lat' dir='ltr'><strong>significatio</strong></span> <span class='ocrx_word' id='word_1_336' title='bbox 691 3925 844 4003; x_wconf 89' lang='lat' dir='ltr'><strong>quaedam,</strong></span> <span class='ocrx_word' id='word_1_337' title='bbox 868 3945 944 4005; x_wconf 92' lang='lat' dir='ltr'><strong>quae</strong></span> <span class='ocrx_word' id='word_1_338' title='bbox 966 3934 1017 3988; x_wconf 92' lang='lat' dir='ltr'><strong>aut</strong></span> <span class='ocrx_word' id='word_1_339' title='bbox 1037 3928 1136 3988; x_wconf 88' lang='lat' dir='ltr'><strong>minus</strong></span> <span class='ocrx_word' id='word_1_340' title='bbox 1151 3927 1223 3987; x_wconf 90' lang='lat' dir='ltr'><strong>dicit</strong></span> <span class='ocrx_word' id='word_1_341' title='bbox 1244 3935 1274 3987; x_wconf 92' lang='lat' dir='ltr'><strong>et</strong></span> <span class='ocrx_word' id='word_1_342' title='bbox 1288 3929 1354 4008; x_wconf 92' lang='lat' dir='ltr'><strong>plus</strong></span> 
     </span>
    </p>
   </div>
   <div class='ocr_carea' id='block_1_3' title="bbox 39 4025 1354 4211">
    <p class='ocr_par' dir='ltr' id='par_1_3' title="bbox 39 4025 1354 4211">
     <span class='ocr_line' id='line_1_37' title="bbox 39 4025 1353 4109; baseline 0.007 -28"><span class='ocrx_word' id='word_1_343' title='bbox 39 4025 207 4102; x_wconf 79' lang='lat' dir='ltr'><strong>asignihcat</strong></span> <span class='ocrx_word' id='word_1_344' title='bbox 228 4036 279 4088; x_wconf 91' lang='lat' dir='ltr'><strong>aut</strong></span> <span class='ocrx_word' id='word_1_345' title='bbox 300 4026 367 4106; x_wconf 88' lang='lat' dir='ltr'><strong>plns</strong></span> <span class='ocrx_word' id='word_1_346' title='bbox 390 4027 462 4088; x_wconf 93' lang='lat' dir='ltr'><strong>dicit</strong></span> <span class='ocrx_word' id='word_1_347' title='bbox 484 4035 513 4089; x_wconf 90' lang='lat' dir='ltr'><strong>et</strong></span> <span class='ocrx_word' id='word_1_348' title='bbox 535 4031 633 4089; x_wconf 88' lang='lat' dir='ltr'><strong>miuus</strong></span> <span class='ocrx_word' id='word_1_349' title='bbox 652 4029 808 4108; x_wconf 82' lang='lat' dir='ltr'><strong>significat.</strong></span> <span class='ocrx_word' id='word_1_350' title='bbox 853 4027 911 4088; x_wconf 91' lang='lat' dir='ltr'><strong>hoc</strong></span> <span class='ocrx_word' id='word_1_351' title='bbox 934 4027 1024 4090; x_wconf 89' lang='lat' dir='ltr'><strong>habet</strong></span> <span class='ocrx_word' id='word_1_352' title='bbox 1050 4028 1251 4108; x_wconf 73' lang='lat' dir='ltr'><strong>synecdoche,</strong></span> <span class='ocrx_word' id='word_1_353' title='bbox 1283 4038 1353 4109; x_wconf 88' lang='lat' dir='ltr'><strong>puta</strong></span> 
     </span>
     <span class='ocr_line' id='line_1_38' title="bbox 69 4129 1354 4211; baseline 0.002 -24"><span class='ocrx_word' id='word_1_354' title='bbox 69 4129 300 4209; x_wconf 75' lang='lat' dir='ltr'><strong>‘puppesque</strong></span> <span class='ocrx_word' id='word_1_355' title='bbox 334 4136 417 4191; x_wconf 90' lang='lat' dir='ltr'><strong>tuae</strong></span> <span class='ocrx_word' id='word_1_356' title='bbox 450 4129 638 4211; x_wconf 88' lang='lat' dir='ltr'><strong>pubesque</strong></span> <span class='ocrx_word' id='word_1_357' title='bbox 672 4135 848 4192; x_wconf 91' lang='lat' dir='ltr'><strong>tuorum&#39;.</strong></span> <span class='ocrx_word' id='word_1_358' title='bbox 901 4148 970 4192; x_wconf 92' lang='lat' dir='ltr'><strong>ecce</strong></span> <span class='ocrx_word' id='word_1_359' title='bbox 1003 4132 1102 4191; x_wconf 76' lang='lat' dir='ltr'><strong>urinas</strong></span> <span class='ocrx_word' id='word_1_360' title='bbox 1129 4131 1203 4191; x_wconf 86' lang='lat' dir='ltr'><strong>dixit</strong></span> <span class='ocrx_word' id='word_1_361' title='bbox 1231 4138 1260 4191; x_wconf 91' lang='lat' dir='ltr'><strong>et</strong></span> <span class='ocrx_word' id='word_1_362' title='bbox 1287 4130 1354 4210; x_wconf 91' lang='lat' dir='ltr'><strong>plus</strong></span> 
     </span>
    </p>
   </div>
   <div class='ocr_carea' id='block_1_4' title="bbox 68 4298 1355 5010">
    <p class='ocr_par' dir='ltr' id='par_1_4' title="bbox 68 4298 1355 4927">
     <span class='ocr_line' id='line_1_39' title="bbox 129 4298 1354 4366; baseline -0.001 -15"><span class='ocrx_word' id='word_1_363' title='bbox 129 4298 280 4365; x_wconf 83' lang='lat' dir='ltr'><strong>3etvina]</strong></span> <span class='ocrx_word' id='word_1_364' title='bbox 305 4299 575 4366; x_wconf 76' lang='lat' dir='ltr'><strong>Verp.Aen.172¹l.</strong></span> <span class='ocrx_word' id='word_1_365' title='bbox 596 4300 641 4350; x_wconf 90' lang='lat' dir='ltr'><strong>Vll</strong></span> <span class='ocrx_word' id='word_1_366' title='bbox 662 4302 710 4352; x_wconf 78' lang='lat'><strong>147</strong></span> <span class='ocrx_word' id='word_1_367' title='bbox 780 4298 1211 4366; x_wconf 74' lang='lat' dir='ltr'><strong>buuuc]Vcrp.Aea.Vl1133</strong></span> <span class='ocrx_word' id='word_1_368' title='bbox 1268 4303 1354 4351; x_wconf 75' lang='lat' dir='ltr'><strong>isiae</strong></span> 
     </span>
     <span class='ocr_line' id='line_1_40' title="bbox 70 4368 1354 4438; baseline 0.007 -24"><span class='ocrx_word' id='word_1_369' title='bbox 70 4368 139 4418; x_wconf 89' lang='lat' dir='ltr'><strong>cirere</strong></span> <span class='ocrx_word' id='word_1_370' title='bbox 158 4371 193 4420; x_wconf 86' lang='lat' dir='ltr'><strong>C:</strong></span> <span class='ocrx_word' id='word_1_371' title='bbox 215 4372 315 4421; x_wconf 64' lang='lat' dir='ltr'><strong>iterent.</strong></span> <span class='ocrx_word' id='word_1_372' title='bbox 334 4371 448 4424; x_wconf 80' lang='lat' dir='ltr'><strong>Eauucb.</strong></span> <span class='ocrx_word' id='word_1_373' title='bbox 470 4371 514 4420; x_wconf 93' lang='lat' dir='ltr'><strong>llll</strong></span> <span class='ocrx_word' id='word_1_374' title='bbox 533 4369 595 4430; x_wconf 70' lang='lat' dir='ltr'><strong>ab</strong></span> <span class='ocrx_word' id='word_1_375' title='bbox 646 4371 792 4436; x_wconf 86' lang='lat' dir='ltr'><strong>8lrigitP</strong></span> <span class='ocrx_word' id='word_1_376' title='bbox 863 4371 895 4421; x_wconf 87' lang='lat' dir='ltr'><strong>lo</strong></span> <span class='ocrx_word' id='word_1_377' title='bbox 912 4371 999 4422; x_wconf 88' lang='lat' dir='ltr'><strong>ninom</strong></span> <span class='ocrx_word' id='word_1_378' title='bbox 1018 4387 1151 4438; x_wconf 87' lang='lat' dir='ltr'><strong>precamur</strong></span> <span class='ocrx_word' id='word_1_379' title='bbox 1168 4374 1208 4422; x_wconf 87' lang='lat' dir='ltr'><strong>P:</strong></span> <span class='ocrx_word' id='word_1_380' title='bbox 1222 4371 1258 4433; x_wconf 78' lang='lat' dir='ltr'><strong>cf.</strong></span> <span class='ocrx_word' id='word_1_381' title='bbox 1272 4372 1354 4423; x_wconf 79' lang='lat' dir='ltr'><strong>Diona.</strong></span> 
     </span>
     <span class='ocr_line' id='line_1_41' title="bbox 68 4437 1352 4508; baseline 0.004 -19"><span class='ocrx_word' id='word_1_382' title='bbox 68 4451 90 4498; x_wconf 75' lang='lat' dir='ltr'><strong>r.</strong></span> <span class='ocrx_word' id='word_1_383' title='bbox 106 4441 164 4500; x_wconf 73' lang='lat'><strong>458,</strong></span> <span class='ocrx_word' id='word_1_384' title='bbox 184 4442 228 4494; x_wconf 76' lang='grc'><strong>25.</strong></span> <span class='ocrx_word' id='word_1_385' title='bbox 246 4441 341 4492; x_wconf 83' lang='lat' dir='ltr'><strong>Donat.</strong></span> <span class='ocrx_word' id='word_1_386' title='bbox 360 4457 387 4506; x_wconf 88' lang='lat' dir='ltr'><strong>p.</strong></span> <span class='ocrx_word' id='word_1_387' title='bbox 405 4439 513 4501; x_wconf 77' lang='lat'><strong>400,13</strong></span> <span class='ocrx_word' id='word_1_388' title='bbox 583 4441 617 4492; x_wconf 82' lang='lat'><strong>25</strong></span> <span class='ocrx_word' id='word_1_389' title='bbox 637 4437 728 4506; x_wconf 88' lang='lat' dir='ltr'><strong>idest]</strong></span> <span class='ocrx_word' id='word_1_390' title='bbox 749 4449 833 4506; x_wconf 85' lang='lat' dir='ltr'><strong>potest</strong></span> <span class='ocrx_word' id='word_1_391' title='bbox 851 4442 902 4491; x_wconf 87' lang='lat' dir='ltr'><strong>BS</strong></span> <span class='ocrx_word' id='word_1_392' title='bbox 918 4451 991 4506; x_wconf 87' lang='lat' dir='ltr'><strong>potes</strong></span> <span class='ocrx_word' id='word_1_393' title='bbox 1012 4443 1033 4492; x_wconf 84' lang='lat' dir='ltr'><strong><em>G</em></strong></span> <span class='ocrx_word' id='word_1_394' title='bbox 1100 4439 1166 4508; x_wconf 86' lang='lat' dir='ltr'><strong>ipse]</strong></span> <span class='ocrx_word' id='word_1_395' title='bbox 1191 4444 1270 4506; x_wconf 72' lang='lat' dir='ltr'><strong>Verq-</strong></span> <span class='ocrx_word' id='word_1_396' title='bbox 1286 4443 1352 4495; x_wconf 84' lang='lat' dir='ltr'><strong>Aen.</strong></span> 
     </span>
     <span class='ocr_line' id='line_1_42' title="bbox 71 4507 1354 4570; baseline 0.008 -17"><span class='ocrx_word' id='word_1_397' title='bbox 71 4507 162 4560; x_wconf 79' lang='grc'><strong>111619</strong></span> <span class='ocrx_word' id='word_1_398' title='bbox 233 4511 269 4561; x_wconf 76' lang='grc'><strong>26</strong></span> <span class='ocrx_word' id='word_1_399' title='bbox 287 4519 314 4560; x_wconf 92' lang='grc' dir='ltr'><strong>ει</strong></span> <span class='ocrx_word' id='word_1_400' title='bbox 332 4525 379 4564; x_wconf 83' lang='lat' dir='ltr'><strong>orn.</strong></span> <span class='ocrx_word' id='word_1_401' title='bbox 395 4509 423 4570; x_wconf 79' lang='lat'><strong>6,</strong></span> <span class='ocrx_word' id='word_1_402' title='bbox 440 4511 502 4562; x_wconf 83' lang='lat' dir='ltr'><strong>add.</strong></span> <span class='ocrx_word' id='word_1_403' title='bbox 522 4519 592 4560; x_wconf 77' lang='lat' dir='ltr'><strong>eset</strong></span> <span class='ocrx_word' id='word_1_404' title='bbox 610 4511 665 4560; x_wconf 89' lang='lat' dir='ltr'><strong>dira</strong></span> <span class='ocrx_word' id='word_1_405' title='bbox 684 4512 771 4560; x_wconf 88' lang='lat' dir='ltr'><strong>celeno</strong></span> <span class='ocrx_word' id='word_1_406' title='bbox 793 4512 848 4561; x_wconf 86' lang='lat' dir='ltr'><strong>diro</strong></span> <span class='ocrx_word' id='word_1_407' title='bbox 866 4510 967 4559; x_wconf 88' lang='lat' dir='ltr'><strong>camilla</strong></span> <span class='ocrx_word' id='word_1_408' title='bbox 981 4513 1004 4560; x_wconf 85' lang='lat' dir='ltr'><strong>ai</strong></span> <span class='ocrx_word' id='word_1_409' title='bbox 1022 4511 1071 4561; x_wconf 93' lang='lat' dir='ltr'><strong>hoc</strong></span> <span class='ocrx_word' id='word_1_410' title='bbox 1085 4511 1168 4562; x_wconf 84' lang='lat' dir='ltr'><strong>solum</strong></span> <span class='ocrx_word' id='word_1_411' title='bbox 1187 4513 1282 4562; x_wconf 88' lang='lat' dir='ltr'><strong>diceret</strong></span> <span class='ocrx_word' id='word_1_412' title='bbox 1299 4514 1354 4563; x_wconf 82' lang='lat' dir='ltr'><strong>dira</strong></span> 
     </span>
     <span class='ocr_line' id='line_1_43' title="bbox 70 4580 1287 4645; baseline 0.005 -21"><span class='ocrx_word' id='word_1_413' title='bbox 70 4587 129 4627; x_wconf 84' lang='lat' dir='ltr'><strong>esset</strong></span> <span class='ocrx_word' id='word_1_414' title='bbox 145 4582 322 4631; x_wconf 82' lang='lat' dir='ltr'><strong>antonomasia</strong></span> <span class='ocrx_word' id='word_1_415' title='bbox 341 4583 372 4630; x_wconf 90' lang='lat' dir='ltr'><strong>P.</strong></span> <span class='ocrx_word' id='word_1_416' title='bbox 394 4581 461 4630; x_wconf 83' lang='lat' dir='ltr'><strong>inter</strong></span> <span class='ocrx_word' id='word_1_417' title='bbox 476 4581 538 4630; x_wconf 86' lang='lat' dir='ltr'><strong>duos</strong></span> <span class='ocrx_word' id='word_1_418' title='bbox 560 4582 667 4645; x_wconf 75' lang='lat' dir='ltr'><strong>Verpilii</strong></span> <span class='ocrx_word' id='word_1_419' title='bbox 681 4597 770 4631; x_wconf 81' lang='lat' dir='ltr'><strong>uersus</strong></span> <span class='ocrx_word' id='word_1_420' title='bbox 792 4582 904 4643; x_wconf 80' lang='lat' dir='ltr'><strong>definitio</strong></span> <span class='ocrx_word' id='word_1_421' title='bbox 923 4580 1024 4644; x_wconf 76' lang='lat' dir='ltr'><strong>epitheti</strong></span> <span class='ocrx_word' id='word_1_422' title='bbox 1042 4583 1171 4632; x_wconf 70' lang='lat' dir='ltr'><strong>reddisse</strong></span> <span class='ocrx_word' id='word_1_423' title='bbox 1187 4583 1287 4632; x_wconf 79' lang='lat' dir='ltr'><strong>videtur</strong></span> 
     </span>
     <span class='ocr_line' id='line_1_44' title="bbox 72 4645 1353 4716; baseline 0.007 -23"><span class='ocrx_word' id='word_1_424' title='bbox 72 4645 119 4696; x_wconf 86' lang='lat' dir='ltr'><strong>dira</strong></span> <span class='ocrx_word' id='word_1_425' title='bbox 136 4653 222 4700; x_wconf 89' lang='lat' dir='ltr'><strong>celeno</strong></span> <span class='ocrx_word' id='word_1_426' title='bbox 240 4650 293 4700; x_wconf 83' lang='lat' dir='ltr'><strong>BS</strong></span> <span class='ocrx_word' id='word_1_427' title='bbox 311 4652 366 4700; x_wconf 91' lang='lat' dir='ltr'><strong>dira</strong></span> <span class='ocrx_word' id='word_1_428' title='bbox 380 4651 468 4700; x_wconf 88' lang='lat' dir='ltr'><strong>celeno</strong></span> <span class='ocrx_word' id='word_1_429' title='bbox 487 4652 529 4700; x_wconf 88' lang='lat' dir='ltr'><strong>dia</strong></span> <span class='ocrx_word' id='word_1_430' title='bbox 541 4650 595 4702; x_wconf 81' lang='lat' dir='ltr'><strong>ct.-</strong></span> <span class='ocrx_word' id='word_1_431' title='bbox 618 4653 696 4716; x_wconf 78' lang='lat' dir='ltr'><strong>Verp.</strong></span> <span class='ocrx_word' id='word_1_432' title='bbox 714 4651 780 4704; x_wconf 83' lang='lat' dir='ltr'><strong>Aea,</strong></span> <span class='ocrx_word' id='word_1_433' title='bbox 798 4652 832 4700; x_wconf 97' lang='lat' dir='ltr'><strong>lll</strong></span> <span class='ocrx_word' id='word_1_434' title='bbox 851 4651 899 4701; x_wconf 78' lang='lat'><strong>211</strong></span> <span class='ocrx_word' id='word_1_435' title='bbox 951 4653 984 4701; x_wconf 81' lang='lat'><strong>27</strong></span> <span class='ocrx_word' id='word_1_436' title='bbox 1000 4653 1088 4702; x_wconf 87' lang='lat' dir='ltr'><strong>celeno</strong></span> <span class='ocrx_word' id='word_1_437' title='bbox 1107 4651 1250 4702; x_wconf 85' lang='lat' dir='ltr'><strong>secitBSc</strong></span> <span class='ocrx_word' id='word_1_438' title='bbox 1266 4651 1353 4702; x_wconf 86' lang='lat' dir='ltr'><strong>celeno</strong></span> 
     </span>
     <span class='ocr_line' id='line_1_45' title="bbox 72 4717 1355 4786; baseline 0.007 -24"><span class='ocrx_word' id='word_1_439' title='bbox 72 4717 108 4764; x_wconf 88' lang='lat' dir='ltr'><strong>dia</strong></span> <span class='ocrx_word' id='word_1_440' title='bbox 124 4717 181 4769; x_wconf 87' lang='lat' dir='ltr'><strong>lecit</strong></span> <span class='ocrx_word' id='word_1_441' title='bbox 197 4721 237 4770; x_wconf 81' lang='lat' dir='ltr'><strong>Ob</strong></span> <span class='ocrx_word' id='word_1_442' title='bbox 324 4721 358 4772; x_wconf 76' lang='lat'><strong>28</strong></span> <span class='ocrx_word' id='word_1_443' title='bbox 375 4721 418 4771; x_wconf 85' lang='lat' dir='ltr'><strong>diu</strong></span> <span class='ocrx_word' id='word_1_444' title='bbox 440 4721 541 4770; x_wconf 83' lang='lat' dir='ltr'><strong>camille</strong></span> <span class='ocrx_word' id='word_1_445' title='bbox 561 4737 575 4769; x_wconf 90' lang='lat' dir='ltr'><strong>e</strong></span> <span class='ocrx_word' id='word_1_446' title='bbox 595 4721 657 4770; x_wconf 88' lang='lat' dir='ltr'><strong>diua</strong></span> <span class='ocrx_word' id='word_1_447' title='bbox 674 4719 773 4770; x_wconf 87' lang='lat' dir='ltr'><strong>camilla</strong></span> <span class='ocrx_word' id='word_1_448' title='bbox 794 4719 883 4770; x_wconf 78' lang='lat' dir='ltr'><em>BOS:</em></span> <span class='ocrx_word' id='word_1_449' title='bbox 906 4723 985 4786; x_wconf 76' lang='lat' dir='ltr'><strong>Verp.</strong></span> <span class='ocrx_word' id='word_1_450' title='bbox 1002 4723 1067 4772; x_wconf 81' lang='lat' dir='ltr'><strong>Aen.</strong></span> <span class='ocrx_word' id='word_1_451' title='bbox 1084 4721 1120 4771; x_wconf 89' lang='lat' dir='ltr'><strong>Xl</strong></span> <span class='ocrx_word' id='word_1_452' title='bbox 1139 4722 1189 4772; x_wconf 87' lang='grc'><strong>657</strong></span> <span class='ocrx_word' id='word_1_453' title='bbox 1279 4723 1355 4772; x_wconf 88' lang='lat' dir='ltr'><strong>diac</strong></span> 
     </span>
     <span class='ocr_line' id='line_1_46' title="bbox 72 4785 1354 4860; baseline 0.007 -26"><span class='ocrx_word' id='word_1_454' title='bbox 72 4785 125 4836; x_wconf 81' lang='lat' dir='ltr'><strong>diua</strong></span> <span class='ocrx_word' id='word_1_455' title='bbox 140 4789 216 4841; x_wconf 78' lang='lat' dir='ltr'><strong>BOS</strong></span> <span class='ocrx_word' id='word_1_456' title='bbox 285 4789 318 4843; x_wconf 79' lang='lat'><strong>33</strong></span> <span class='ocrx_word' id='word_1_457' title='bbox 336 4793 383 4841; x_wconf 81' lang='lat' dir='ltr'><strong>aed</strong></span> <span class='ocrx_word' id='word_1_458' title='bbox 401 4791 541 4841; x_wconf 85' lang='lat' dir='ltr'><strong>substantia</strong></span> <span class='ocrx_word' id='word_1_459' title='bbox 557 4791 607 4840; x_wconf 87' lang='lat' dir='ltr'><strong>illis</strong></span> <span class='ocrx_word' id='word_1_460' title='bbox 622 4807 667 4842; x_wconf 81' lang='lat' dir='ltr'><strong>cnr.</strong></span> <span class='ocrx_word' id='word_1_461' title='bbox 688 4791 745 4854; x_wconf 76' lang='grc' dir='ltr'><strong>ΟΡ,</strong></span> <span class='ocrx_word' id='word_1_462' title='bbox 765 4790 826 4842; x_wconf 84' lang='lat' dir='ltr'><strong>add.</strong></span> <span class='ocrx_word' id='word_1_463' title='bbox 841 4806 864 4851; x_wconf 84' lang='lat' dir='ltr'><strong>r,</strong></span> <span class='ocrx_word' id='word_1_464' title='bbox 885 4799 1012 4854; x_wconf 70' lang='lat' dir='ltr'><strong>experrecta</strong></span> <span class='ocrx_word' id='word_1_465' title='bbox 1028 4799 1087 4842; x_wconf 79' lang='grc' dir='ltr'><strong>εεει</strong></span> <span class='ocrx_word' id='word_1_466' title='bbox 1102 4794 1129 4842; x_wconf 79' lang='lat' dir='ltr'><strong>iu</strong></span> <span class='ocrx_word' id='word_1_467' title='bbox 1144 4793 1169 4842; x_wconf 88' lang='lat' dir='ltr'><em>B</em></span> <span class='ocrx_word' id='word_1_468' title='bbox 1237 4791 1272 4845; x_wconf 84' lang='grc'><strong>36</strong></span> <span class='ocrx_word' id='word_1_469' title='bbox 1289 4809 1354 4860; x_wconf 86' lang='lat' dir='ltr'><strong>pup-</strong></span> 
     </span>
     <span class='ocr_line' id='line_1_47' title="bbox 74 4857 457 4927; baseline 0.023 -24"><span class='ocrx_word' id='word_1_470' title='bbox 74 4857 169 4925; x_wconf 87' lang='lat' dir='ltr'><strong>pesque]</strong></span> <span class='ocrx_word' id='word_1_471' title='bbox 196 4862 274 4927; x_wconf 71' lang='lat' dir='ltr'><strong>Vcrp.</strong></span> <span class='ocrx_word' id='word_1_472' title='bbox 292 4863 357 4914; x_wconf 82' lang='lat' dir='ltr'><strong>Aen.</strong></span> <span class='ocrx_word' id='word_1_473' title='bbox 378 4864 385 4912; x_wconf 95' lang='lat' dir='ltr'><strong>l</strong></span> <span class='ocrx_word' id='word_1_474' title='bbox 405 4861 457 4912; x_wconf 84' lang='lat'><strong>399</strong></span> 
     </span>
    </p>

    <p class='ocr_par' dir='ltr' id='par_1_5' title="bbox 1086 4946 1153 5010">
     <span class='ocr_line' id='line_1_48' title="bbox 1086 4946 1153 5010; baseline 0.015 -1"><span class='ocrx_word' id='word_1_475' title='bbox 1086 4946 1153 5010; x_wconf 79' lang='lat' dir='ltr'><strong>ro*</strong></span> 
     </span>
    </p>
   </div>
   <div class='ocr_carea' id='block_1_5' title="bbox 0 0 1683 5442">
    <p class='ocr_par' dir='ltr' id='par_1_6' title="bbox 0 0 1683 5442">
     <span class='ocr_line' id='line_1_49' title="bbox 0 0 1683 5442; baseline 0 0"><span class='ocrx_word' id='word_1_476' title='bbox 0 0 1683 5442; x_wconf 95' lang='lat' dir='ltr'><strong> </strong></span> 
     </span>
    </p>
   </div>
  </div>
 </body>
</html>
