3350 5442
635 375 809 439 3333333
1153 324 1156 328 ’
1306 373 1371 440 333

1171 498 1193 539 p.
1208 484 1340 526 IPPMGP.

96 584 153 643 ceps
172 563 373 644 multicipitis‚
406 580 549 643 praeceps
576 564 761 642 praecipitis.
807 563 859 623 sed
881 564 949 624 ideo
971 565 1002 623 in
1026 566 1064 626 tis
1085 562 1228 643 syllabam
1251 571 1370 633 exeunt,

96 651 192 709 33313
215 650 279 727 pis,
309 655 343 708 nt
369 649 516 727 principis
543 649 704 727 mancipis,
733 650 802 727 quia
825 667 841 709 a
864 650 971 727 capitis
999 650 1216 726 significatione
1238 651 1369 718 veniunt,

96 734 134 795 illa
154 741 249 793 autem
271 734 428 812 superiora
451 753 467 793 a
490 733 627 811 capiendi
656 734 881 810 significatione.
924 736 1066 813 princeps
1088 736 1168 794 enim
1196 734 1294 794 dictus
1315 743 1370 802 est,

96 819 159 897 quod
179 821 295 897 primus
316 820 428 897 capiat,
452 826 482 878 et
503 836 657 896 33333333,
681 818 760 897 quod
782 836 872 879 manu
889 821 1001 897 capiat;
1025 810 1134 899 anceps
1149 826 1248 879 autem
1263 818 1370 887 dictus,

73 904 160 983 aquod
180 903 394 982 dubiicapitls
415 904 454 963 sit
476 902 522 963 vel
544 902 679 963 inclinati
702 905 809 983 capitis
831 906 863 963 in
884 910 1041 983 utramque
1063 912 1187 983 partem.
1234 905 1296 963 exit
1320 920 1370 980 ge·

95 1008 140 1049 333
152 1006 304 1049 commune
320 996 350 1048 et
364 991 396 1048 in
412 990 462 1048 iux
478 987 635 1067 syllabam,
661 995 692 1048 ut
714 989 832 1057 coniux,
856 987 905 1048 bic
921 996 951 1048 et
972 988 1046 1049 haec
1061 990 1179 1050 coniux.
1216 990 1278 1049 exit
1293 997 1324 1047 et
1339 991 1370 1049 in

95 1093 137 1142 ux,
157 1080 188 1133 ut
208 1074 257 1133 1313
280 1073 404 1134 ethaeo
427 1073 486 1133 dux
507 1073 612 1133 redux.
657 1074 718 1133 exit
740 1075 772 1133 in
794 1090 862 1151 ops,
886 1073 965 1151 quod
987 1074 1109 1153 quidem
1130 1077 1161 1135 in
1176 1092 1262 1133 omne
1277 1090 1371 1151 genus

95 1157 199 1221 redibit.
245 1161 306 1219 exit
329 1166 359 1219 et
380 1160 412 1217 in
435 1155 502 1228 ebe,
527 1165 558 1218 ut
580 1156 699 1218 caelebs
723 1154 856 1237 [caelebs
871 1158 983 1218 dicitnr
999 1160 1050 1238 qui
1065 1157 1231 1219 nonhabet
1246 1177 1369 1219 uxorem

94 1244 221 1323 reiquae
244 1241 415 1305 nonhabet
437 1245 591 1312 maritum;
619 1242 716 1322 qualia
743 1249 812 1303 sunt
838 1245 960 1303 numina
983 1246 1015 1303 13
1037 1243 1132 1314 33313,
1161 1261 1236 1324 3333
1259 1243 1371 1323 absque

63 1350 85 1387 ro
94 1331 204 1406 coniuge
226 1336 311 1398 sunt,
341 1330 367 1389 31
395 1328 431 1388 ad
459 1335 561 1407 poetas
589 1346 649 1387 non
671 1326 888 1407 attendamus],
917 1327 1019 1389 hicet
1046 1329 1120 1389 haec
1142 1327 1259 1389 caelebs
1282 1329 1370 1389 buius

94 1412 203 1476 caelibis
229 1413 301 1474 13313
322 1412 432 1473 33311131
458 1413 537 1473 bunc
560 1420 589 1472 et
611 1412 688 1473 bane
709 1412 855 1474 caelibem
877 1433 894 1472 o
916 1412 1034 1474 caelebs
1062 1413 1099 1474 ab
1127 1414 1182 1474 hoc
1204 1420 1235 1473 et
1256 1412 1293 1475 ab
1315 1414 1370 1474 bac

94 1498 192 1559 caelibe
214 1498 245 1559 hi
268 1498 375 1559 311333
398 1497 527 1559 caelibes
549 1497 654 1557 horum
682 1504 712 1557 et
739 1498 846 1559 barum
873 1497 1020 1558 caelibum
1047 1498 1094 1559 his
1122 1497 1289 1559 caelibibus
1316 1499 1370 1559 hos

94 1592 117 1643 et
135 1584 183 1644 has
204 1582 333 1645 caelibes
348 1601 365 1642 o
381 1582 511 1643 caelibes
533 1581 571 1643 ab
593 1582 640 1642 bis
663 1582 840 1643 caelibibus.
885 1585 946 1643 exit
967 1591 997 1643 et
1019 1586 1050 1644 in
1073 1591 1160 1663 yx,ut
1181 1583 1298 1663 Phryx,
1321 1583 1371 1644 hic

95 1669 203 1730 ethaeo
230 1668 328 1747 Phryx
350 1667 438 1729 huius
458 1668 584 1746 Phrygis
606 1668 674 1727 huic
690 1667 800 1747 Phrygi
822 1667 901 1728 hune
924 1675 954 1728 et
974 1668 1050 1729 hanc
1068 1669 1215 1748 Phrygem
1236 1668 1371 1749 oyPhryx

63 1752 248 1815 3313133331
275 1752 312 1813 ab
341 1754 394 1813 hac
417 1752 534 1835 Phryge
562 1752 593 1813 hi
617 1762 647 1813 31
668 1751 722 1813 1333
745 1752 879 1831 Phryges
903 1751 1009 1813 horum
1031 1762 1060 1814 et
1087 1754 1193 1815 harum
1219 1753 1371 1833 Phrygum

94 1838 132 1898 his
152 1837 315 1917 Phrygibus
337 1838 390 1897 bos
413 1845 444 1897 et
470 1838 522 1898 has
545 1837 677 1916 Phryges
699 1856 716 1897 o
738 1837 871 1917 Phryges
899 1835 937 1897 ab
964 1838 1012 1899 bis
1034 1839 1212 1918 Phrygibus.
1256 1842 1319 1900 exit
1340 1847 1371 1899 et

93 1925 120 1983 13
138 1943 182 1993 us,
204 1932 237 1983 ut
258 1922 349 2000 Ligus
373 1920 527 2003 [similiter
549 1928 581 1982 ut
602 1922 701 2000 Phryx
723 1921 815 1984 locale
837 1940 946 1983 nomen
969 1919 1045 2006 est]!,
1068 1924 1118 1985 hic
1140 1932 1170 1985 et
1191 1923 1264 1985 haee
1279 1924 1371 2003 Ligus
1407 1930 1410 1935 '

93 2007 169 2069 huius
189 2008 309 2086 Liguris
334 2007 405 2068 13313
431 2007 537 2085 Liguri
565 2007 643 2067 bunc
670 2016 699 2067 31
725 2007 801 2068 13333
823 2008 964 2085 Ligurem
986 2028 1004 2069 o
1025 2010 1117 2087 Ligus
1139 2008 1175 2070 ab
1203 2009 1259 2070 hoc
1281 2017 1311 2069 et
1333 2008 1369 2069 ab

93 2092 139 2153 1333
163 2092 270 2171 Ligure
300 2092 330 2152 131
358 2099 389 2153 31
415 2092 470 2153 1333
498 2092 622 2169 Ligures
650 2092 755 2153 horum
782 2100 813 2153 et
840 2093 946 2154 barum
966 2091 1120 2174 Ligulrum
1141 2095 1189 2155 bis
1209 2092 1371 2173 Liguribus

63 2177 138 2238 331333
159 2187 185 2239 31
206 2178 260 2239 has
281 2177 408 2255 Ligures
430 2196 447 2237 o
468 2177 595 2255 Ligures
617 2176 654 2237 ab
676 2177 723 2238 his
745 2177 917 2256 Liguribus.
962 2181 1023 2239 exit
1048 2196 1141 2257 genus
1163 2198 1318 2241 commune
1341 2186 1370 2238 et

94 2263 170 2333 1311,
193 2270 224 2323 31
245 2262 331 2340 vigil,
364 2263 413 2323 hic
441 2270 470 2323 et
498 2263 570 2324 haec
598 2262 669 2340 vigil
696 2262 785 2322 huius
812 2262 911 2339 vigilis
938 2262 1008 2323 huie
1030 2265 1114 2341 vigili
1140 2264 1220 2324 hunc
1242 2272 1272 2325 et
1293 2264 1369 2324 banc

94 2348 199 2425 vigilem
221 2367 239 2409 o
261 2348 332 2425 vigil
354 2346 392 2409 ab
414 2348 470 2407 boc
492 2355 522 2408 et
544 2346 581 2409 ab
604 2346 659 2407 hac
679 2347 761 2425 vigili
784 2348 814 2408 hi
838 2356 867 2408 31
889 2348 944 2409 1333
960 2349 1064 2426 vigiles
1086 2349 1192 2410 borum
1213 2358 1242 2410 31
1264 2349 1369 2410 harum

94 2433 212 2509 vigilium
235 2432 282 2493 bis
304 2431 446 2509 vigilibus
474 2432 527 2493 1333
554 2438 584 2491 31
610 2432 664 2493 1333
692 2432 797 2509 vigiles
819 2452 836 2493 o
859 2433 963 2512 vigiles
989 2433 1026 2495 ab
1055 2435 1103 2495 his
1131 2433 1281 2512 vigilibus.
1333 2434 1369 2495 ad

94 2517 158 2577 bane
177 2518 311 2595 regulam
334 2516 496 2579 declinabis
519 2517 568 2577 1313
592 2525 621 2577 31
643 2517 716 2577 13333
737 2518 831 2597 pugil.
876 2520 937 2578 exit
951 2525 982 2579 et
997 2520 1028 2579 in
1044 2520 1088 2589 ul,
1111 2527 1144 2579 31
1165 2519 1246 2589 exul,
1270 2520 1370 2579 hicet

64 2602 156 2662 313333
177 2603 243 2664 exul
264 2602 354 2663 buius
375 2602 471 2663 exulis
493 2602 562 2662 13313
585 2602 664 2662 exuli
685 2601 763 2663 13333
786 2610 816 2663 31
837 2601 913 2663 13333
935 2602 1051 2665 exulem
1073 2624 1090 2664 o
1113 2604 1181 2665 exul
1202 2603 1239 2665 ah
1261 2605 1317 2665 hoc
1340 2612 1369 2663 31

93 2686 125 2746 ab
144 2688 195 2748 hac
216 2687 302 2749 exule
329 2686 361 2747 bi
383 2694 414 2747 et
434 2686 490 2747 bae
513 2687 615 2747 exules
637 2687 743 2747 horum
766 2694 796 2747 31
817 2686 922 2748 barum
945 2689 1063 2749 exulum
1086 2689 1133 2749 bis
1155 2688 1294 2750 exubbus
1315 2689 1370 2749 hos

93 2780 118 2831 et
137 2773 185 2834 has
206 2772 308 2835 exules
329 2791 347 2832 o
368 2772 471 2833 exules
494 2770 532 2833 ab
554 2772 601 2833 his
616 2771 763 2833 exulibus.
802 2773 838 2833 ad
861 2772 937 2833 hanc
955 2774 1081 2835 lormam
1096 2773 1262 2835 declinabis
1283 2793 1369 2854 prae-

94 2856 189 2929 sulem,
211 2858 261 2918 hio
284 2864 314 2917 31
336 2857 409 2918 baec
431 2858 550 2937 praesul
574 2855 776 2936 [quodmodo
798 2858 994 2919 masculinum
1017 2858 1213 2944 estconsul].
1258 2862 1318 2920 exit
1340 2868 1370 2920 et

94 2944 119 3001 13
139 2962 184 3013 ur,
207 2944 325 3013 31133,
348 2942 397 3003 1313
420 2942 614 3003 3113333133
636 2942 725 3003 133133
750 2942 918 3004 1331313313
940 2945 1000 3004 1331
1022 2944 1101 3005 13333
1124 2954 1154 3006 31
1175 2944 1251 3006 13333
1272 2946 1368 3006 iurem

64 3028 169 3089 33133
190 3028 226 3089 ab
249 3026 305 3088 hoc
328 3034 359 3087 31
379 3026 416 3088 ab
438 3027 493 3089 bac
515 3029 596 3096 lure,
620 3027 651 3088 hi
674 3036 703 3089 et
726 3027 781 3088 bae
802 3030 885 3089 iures
906 3028 1014 3089 borum
1029 3037 1060 3090 31
1080 3029 1187 3091 barum
1208 3032 1309 3092 lurum
1322 3031 1370 3091 bis

93 3112 197 3173 iuribus
219 3112 273 3173 hos
296 3120 325 3173 31
346 3112 400 3173 1333
421 3114 503 3173 iures
526 3132 543 3172 ο
565 3114 648 3173 13333
670 3112 707 3173 ab
734 3112 781 3174 1313
803 3112 931 3175 laribus.
975 3114 1012 3176 ad
1033 3116 1108 3176 13333
1130 3116 1254 3177 13333333
1277 3116 1369 3177 decli-

94 3196 167 3258 nabis
187 3214 343 3277 augurem,
366 3197 416 3258 1313
439 3205 469 3258 31
490 3197 563 3258 13333
585 3216 688 3277 augur.
733 3200 794 3259 exit
815 3216 911 3277 genus
931 3218 1086 3263 commune
1108 3203 1140 3261 13
1155 3219 1204 3271 33,
1228 3208 1259 3263 31
1273 3204 1369 3263 maior

94 3300 201 3344 memor.
247 3283 298 3343 sed
321 3301 450 3352 memor,
474 3285 499 3345 si
522 3281 589 3343 talis
615 3284 716 3361 regula
740 3292 800 3355 331,
829 3304 888 3345 333
911 3285 1040 3347 admittit
1062 3304 1156 3365 genus
1178 3295 1315 3348 neutrum
1338 3290 1368 3347 13

94 3383 129 3437 us,
150 3387 206 3448 333
220 3368 308 3429 modo
323 3370 418 3429 maior
433 3366 562 3429 admittit
576 3370 607 3427 13
623 3378 743 3438 333133,
768 3376 801 3429 31
822 3372 932 3430 maius:
955 3369 1005 3430 1313
1020 3371 1137 3432 ethaeo
1152 3390 1266 3432 memor
1280 3371 1369 3437 buius

66 3456 221 3515 anemoria
242 3453 312 3514 13313
334 3455 458 3514 memori
480 3453 559 3513 13333
581 3460 612 3513 31
632 3453 707 3515 13333
722 3470 886 3515 memorem
900 3473 918 3514 3
933 3473 1046 3515 memor
1067 3455 1103 3516 ab
1125 3456 1181 3517 boc
1204 3465 1234 3517 31
1255 3456 1292 3517 ab
1314 3456 1369 3517 1333

94 3541 206 3599 memori
232 3539 263 3598 hi
292 3546 322 3598 et
348 3538 403 3599 bae
431 3556 579 3599 memores
604 3540 711 3601 borum
739 3545 769 3598 et
795 3538 901 3599 barum
922 3558 1087 3601 memorum
1114 3540 1161 3601 his
1187 3540 1369 3603 membribus

95 3621 187 3685 hosat
208 3624 262 3685 1333
284 3641 431 3685 memores
453 3642 470 3683 3
492 3642 639 3685 memores
662 3623 698 3685 ab
720 3623 767 3684 bis
790 3622 982 3685 memoribus.
1020 3625 1148 3687 admittit
1170 3634 1199 3687 et
1220 3634 1368 3696 neutrum,

94 3707 137 3767 sed
158 3728 213 3769 non
236 3711 267 3769 13
289 3708 423 3787 regulam
444 3712 564 3787 generis
586 3711 695 3779 omnis,
720 3717 751 3771 ut
773 3708 829 3769 boo
851 3727 978 3780 memor,
1002 3711 1080 3771 unde
1103 3721 1132 3772 31
1154 3710 1295 3789 Virgilius

483 3820 557 3871 tum
580 3810 713 3890 siquod
735 3830 944 3891 nonaeque
966 3812 1118 3873 loedere
1141 3817 1298 3876 amantis

65 3914 85 3955 3
233 3913 342 3957 33333
367 3914 496 3957 numen
517 3895 644 3965 habet,
667 3898 880 3977 lustumque
903 3915 1112 3977 memorque
1135 3902 1325 3978 precatum

94 3995 226 4073 pluralem
249 4016 307 4059 non
331 3998 470 4059 admittit.
509 3998 577 4058 inde
600 4016 657 4057 non
680 4005 726 4059 331
747 4001 868 4075 generis
888 4002 997 4060 omnis:
1020 4018 1118 4080 neque
1140 4003 1220 4062 enim
1242 4002 1369 4063 dicimus

170 4322 185 4370 2
204 4318 390 4387 significatione
404 4334 454 4369 non
472 4322 577 4371 3331331
594 4320 619 4371 F
692 4323 709 4373 a
727 4323 788 4371 1333
805 4330 828 4373 et
848 4322 959 4374 coniunx
975 4338 991 4381 ς
1060 4324 1077 4375 8
1097 4325 1212 4378 redibunt
1230 4326 1283 4377 exit
1300 4327 1367 4377 3113

94 4401 116 4435 33
132 4398 157 4439 31
173 4390 273 4442 satelles
293 4419 326 4429 —
345 4390 377 4439 ab
394 4388 435 4440 his
454 4391 613 4442 satellitibus.
632 4391 665 4440 ad
686 4391 751 4443 hanc
774 4392 881 4443 lormam
902 4395 995 4444 similia
1019 4393 1159 4445 declinabis
1176 4395 1271 4461 hospes
1293 4398 1367 4448 deses

94 4472 185 4521 praeses
203 4460 257 4510 ales
272 4460 345 4510 diues
360 4460 435 4510 miles
451 4475 522 4510 ceres
535 4461 604 4510 ueles
618 4458 718 4511 33111133
730 4463 773 4527 qui
791 4471 850 4512 suut
863 4463 928 4514 leuis
941 4474 1082 4514 armaturae
1094 4465 1188 4515 milites
1199 4466 1267 4518 celes
1280 4468 1367 4518 3311133

94 4528 129 4589 331
145 4530 190 4581 1133
207 4530 304 4581 iaciant
320 4528 354 4579 ad
371 4530 468 4579 caelum
485 4532 522 4579 313
542 4530 643 4595 indiges
658 4530 788 4597 indigetis.
809 4534 860 4584 exit
875 4541 899 4583 et
917 4534 1004 4599 ineps
1022 4541 1049 4583 ut
1065 4536 1166 4601 caeleps
1182 4538 1208 4586 11·
1290 4536 1308 4588 9
1325 4539 1367 4588 vel

93 4596 159 4664 3333]
179 4600 218 4650 331
234 4600 277 4665 qni
296 4599 323 4649 F
371 4614 436 4662 quae
453 4613 500 4652 om.
513 4598 539 4649 F
587 4599 621 4650 10
639 4600 745 4665 adpetes
762 4616 812 4651 non
824 4603 850 4652 F
860 4614 983 4669 agapetas
1001 4617 1082 4661 none
1099 4614 1221 4671 agapetas
1236 4604 1368 4660 Puteehtm

154 4669 184 4720 15
201 4669 313 4737 Phrygel
333 4668 421 4736 phrigi
437 4669 462 4717 F
539 4670 573 4721 22
591 4668 622 4719 ab
642 4668 690 4719 bae
707 4672 821 4738 uigiles
900 4672 933 4723 23
952 4674 1091 4739 uigilums
1160 4676 1194 4725 27
1211 4677 1365 4743 praesulem]

93 4739 198 4799 praesule
215 4740 240 4789 F
289 4738 462 4803 ’2833331333
478 4739 886 4798 33333311333333131333331ς
955 4740 989 4795 33
1007 4744 1031 4793 31
1046 4744 1095 4794 alia
1112 4744 1203 4812 regola
1216 4756 1255 4797 331
1272 4749 1318 4805 Fe

94 4804 122 4856 31
138 4809 166 4857 ab
182 4808 230 4861 hac
245 4822 357 4860 memora
376 4823 393 4867 ς
472 4808 505 4860 38
524 4809 572 4861 1333
589 4806 695 4877 memor]
714 4810 777 4861 haec
795 4825 920 4863 memores
938 4812 963 4861 F
1042 4813 1077 4865 39
1097 4823 1151 4864 tum
1173 4815 1206 4866 sit
1229 4817 1298 4880 quod
1316 4833 1366 4870 non

95 4890 163 4940 33333
178 4880 252 4930 edere
270 4887 384 4932 amentes
403 4894 463 4931 cure
481 4894 571 4931 nomen
590 4881 625 4931 F:
647 4882 724 4948 Verp.
745 4882 811 4935 Aen.
833 4883 879 4932 llll
898 4882 949 4935 520
1012 4892 1160 4942 amantescs
