3350 5442
676 341 747 402 aas
1319 339 1362 405 35

1168 461 1190 502 p.
1204 450 1263 491 1890.
1275 451 1300 491 91
1314 448 1338 490 Ρ.

89 527 200 608 quidem,
212 535 245 587 ut
259 526 326 588 dico
338 527 432 591 Roma
443 526 585 608 Tiberis]¹
602 527 681 606 apud
696 533 813 588 veteres
829 526 901 589 haec
917 537 981 590 erat
995 527 1135 590 diseretio
1150 530 1228 590 inter
1243 531 1362 590 nomina

89 638 112 690 et
127 628 279 699 vocabula;
303 627 474 690 nominibus
493 648 542 690 res
563 628 708 690 animales
728 628 969 708 appellabantur,
991 629 1141 692 vocabulis
1156 649 1204 691 res
1219 631 1363 692 inanima·

89 730 129 792 les.
156 730 206 792 sed
228 730 284 791 hoc
306 749 379 792 usus
401 730 535 792 contudit
558 737 587 790 et
608 731 768 811 usurparit.
791 765 834 774 —
858 731 1009 793 Tarnis:
1031 734 1261 813 quiaquantum
1284 732 1361 794 litte·
1375 744 1435 806 373,
1449 744 1478 792 11
1540 795 1545 805 ,

88 837 120 894 ris
145 836 234 896 notari
261 851 443 913 praenomen
472 831 580 902 noluit,
616 851 653 892 ne
682 834 801 893 nomina
829 833 981 894 iaciamus.
1004 869 1046 878 -
1067 833 1184 894 Primae
1206 836 1364 914 positionis
1378 847 1409 894 13

64 938 278 997 aluminosum
301 952 378 1013 quae
401 933 482 996 dedit
505 942 618 996 natura.
642 969 685 978 -
707 933 960 1014 Appellativorum
984 938 1136 997 nominum
1159 939 1273 1018 species
1294 944 1365 999 sunt
1378 947 1408 995 11
1471 950 1476 963 ¹

86 1039 172 1116 riginti
192 1044 315 1116 septem.
363 1035 449 1117 [item
471 1036 549 1098 alind
573 1038 649 1098 ‘cui
671 1035 825 1098 Remulo
848 1055 1054 1116 cognomen
1077 1037 1195 1120 erat']
1221 1073 1258 1084 -
1275 1038 1393 1100 Prae-9

82 1141 187 1200 nomina
213 1145 283 1198 sunt
309 1158 386 1219 quae
414 1146 484 1202 ante
512 1141 635 1201 nomina
661 1147 827 1218 ponuntur,
857 1141 978 1201 nomina
1000 1147 1069 1201 sunt
1090 1142 1224 1221 propria,
1253 1158 1363 1218 cogno·

82 1250 167 1302 menta
191 1235 196 1322 Ι
219 1240 364 1314 familiae,
398 1250 576 1320 agnomento
603 1243 729 1302 virtutis.
775 1241 930 1304 sciendum
957 1258 1029 1302 vero
1053 1241 1131 1319 quod
1154 1241 1229 1303 haec
1250 1250 1365 1303 veteres

83 1343 189 1404 coniuse
217 1343 381 1422 proferant.
434 1362 502 1404 nam
533 1350 562 1403 et
589 1345 707 1403 nomina
737 1346 915 1422 cognomina
942 1343 1101 1418 vocabant,
1132 1351 1162 1404 et
1189 1346 1365 1422 cognomina

55 1437 186 1505 innomine
214 1443 367 1514 dicebant,
402 1444 459 1506 hoo
482 1444 632 1525 exemplo,
670 1453 701 1505 ut
731 1446 809 1506 ‘cui
838 1463 936 1508 nune
966 1445 1303 1523 cognomen'lulo'
1337 1455 1366 1508 et

84 1553 218 1624 ‘magno
247 1545 449 1607 demissum
479 1564 611 1608 nomen
634 1544 740 1606 lulo'.
786 1565 856 1608 ecce
878 1547 967 1609 modo
990 1566 1114 1618 nomen,
1144 1547 1233 1609 modo
1256 1565 1365 1626 cogno·

81 1667 137 1710 nen
163 1648 241 1710 dixit
265 1648 426 1710 -Sunt
459 1651 585 1710 etiam:
622 1649 699 1709 sieut
724 1647 774 1708 illa
803 1651 959 1729 superiora
981 1649 1018 1710 ab
1041 1651 1157 1729 origine
1180 1649 1365 1711 descendunt
1379 1653 1410 1702 la

82 1749 289 1830 principalium,
313 1757 446 1811 amente
464 1757 622 1840 montanus
637 1750 830 1822 monticulus,
855 1754 896 1812 ita
918 1751 993 1814 haec
1009 1753 1153 1830 originem
1169 1771 1229 1813 non
1245 1751 1364 1824 habeut,

81 1851 148 1913 unde
166 1851 358 1913 descendant.
406 1870 441 1912 ex
464 1871 496 1913 se
518 1851 657 1913 videntur
678 1871 745 1914 esse
767 1853 955 1934 principalia,
991 1855 1036 1915 ex'
1054 1873 1086 1915 se
1108 1854 1290 1915 diminutiva.
1322 1889 1366 1900 -

54 1957 115 2014 ol‘t
134 1954 340 2015 Themisto:
380 1953 454 2026 haec
475 1954 643 2025 Themisto,
673 1955 761 2016 huius
785 1955 971 2026 Themistus,
998 1955 1069 2016 huic
1092 1955 1259 2027 Themisto,
1288 1956 1365 2018 lianc
1379 1969 1410 2018 18
1495 1958 1497 1961 ’

81 2055 232 2126 Themisto,
256 2076 275 2117 o
297 2056 464 2117 Themisto:
493 2058 622 2136 quinque
650 2055 735 2118 casus
762 2055 874 2118 habent
901 2057 1017 2118 Graeci.
1060 2055 1152 2118 latine
1174 2060 1214 2120 ita
1236 2058 1364 2121 declina·

81 2165 133 2226 tur,
161 2156 234 2219 hacc
256 2157 425 2229 Thesauro,
460 2159 547 2220 hniirs
571 2157 786 2227 Themistonis,
823 2165 855 2219 ut
877 2158 979 2220 Cicero
1003 2159 1169 2232 Ciceronis,
1197 2160 1268 2222 huie
1287 2161 1364 2222 'l'he-

81 2261 199 2328 mistoni,
228 2259 306 2322 hano
329 2260 566 2331 Themistonem,
595 2279 614 2321 o
636 2260 803 2330 Themisto,
827 2259 865 2322 ab
886 2254 976 2344 ll'lrac
998 2261 1199 2325 Themistone.
1245 2265 1288 2325 sic
1311 2264 1364 2326 Ca·

79 2361 165 2441 lypso,
198 2364 241 2424 sic
262 2362 378 2434 illecto,
404 2359 408 2442 Ι
433 2364 476 2424 sic
498 2362 573 2424 Dido
606 2361 683 2423 hanc
711 2362 800 2424 Dido:
824 2362 986 2442 Vergilius,
1016 2368 1070 2425 ‘et
1101 2366 1251 2427 nomine
1273 2366 1365 2428 Dido

52 2481 70 2518 o
81 2483 178 2544 saepe
200 2472 416 2526 vocaturum
426 2469 445 2524 ’.
461 2464 625 2526 —Omnia
641 2466 760 2526 nomina
776 2466 898 2544 quaein
914 2485 953 2527 on
967 2468 1167 2529 terminantur
1181 2466 1261 2548 apud
1272 2469 1363 2530 Grae·
1375 2480 1409 2530 20

80 2585 123 2626 cos
152 2564 282 2645 perdunt
312 2584 332 2627 n
369 2565 503 2628 ultimam
534 2573 563 2628 et
584 2565 674 2628 latina
696 2569 785 2642 liunt,
818 2573 852 2626 ut
881 2575 951 2646 puta
973 2567 1098 2647 Apollon
1126 2568 1196 2630 dicit
1224 2569 1363 2642 Graecus,

81 2667 189 2728 tanaus
208 2667 314 2747 Apollo
336 2669 417 2730 dicit.
439 2703 482 2712 -
504 2667 659 2748 Calypso
682 2669 775 2730 Pan:
798 2668 847 2729 hic
861 2669 924 2730 Pan
945 2669 1041 2731 Panos
1063 2670 1136 2733 Pani
1157 2670 1237 2733 Pana
1258 2671 1408 2741 oPan,18

79 2769 223 2832 ablativum
247 2789 307 2832 non
329 2769 419 2832 habet
441 2771 510 2848 quia
531 2788 637 2848 graeca
661 2778 707 2832 est
728 2769 895 2842 declinatio.
940 2770 1030 2833 latine
1052 2773 1142 2834 lnuus
1164 2774 1231 2834 lnui
1246 2773 1362 2845 dicitur,

80 2873 105 2932 id
125 2881 165 2934 est
182 2873 295 2934 Panos:
325 2873 472 2951 Vergilius
495 2872 701 2934 ‘Pometios
724 2880 964 2959 castrumque
985 2871 1094 2935 lnui'.
1141 2875 1191 2936 alii
1211 2874 1294 2936 illum
1316 2877 1363 2937 ln-

50 2973 213 3036 urubcnem
237 2975 356 3045 dieunt,
379 2973 427 3036 hic
448 2974 560 3037 lncubo
583 2975 671 3038 huius
692 2974 866 3046 lncubouis,
891 2977 961 3037 huic
983 2976 1095 3038 Incubo
1117 2978 1198 3040 hunc
1219 2977 1363 3039 lucabum

80 3075 214 3138 olncuho
237 3075 276 3137 ab
298 3077 356 3140 hoc
377 3077 543 3148 lncubone,
578 3079 656 3139 sicut
676 3077 724 3138 hic
747 3076 855 3138 botruo
877 3077 965 3139 huius
988 3077 1143 3140 botruonis
1164 3079 1234 3141 huie
1255 3080 1363 3142 botruo

79 3177 110 3238 ab
131 3178 183 3240 hoc
205 3177 364 3240 botruone.
388 3212 429 3224 -
453 3180 495 3239 Vt
516 3176 764 3260 Polydeuces:
788 3198 911 3259 graece,
945 3179 1036 3242 latine
1063 3180 1182 3252 Pollux,
1216 3180 1364 3262 Odysseus
1378 3197 1409 3246 19

79 3297 188 3356 graece,
215 3279 308 3340 latine
331 3279 437 3342 Vlixes.
455 3315 511 3332 ,-
539 3278 635 3350 Quae
663 3281 773 3343 notha
791 3268 1058 3362 appellantur:
1086 3291 1242 3364 corrupta,
1266 3284 1408 3347 mediano

80 3363 147 3443 inter
166 3401 270 3462 graeca
296 3390 326 3444 et
347 3381 449 3452 latina,
474 3389 507 3444 nt
522 3382 639 3462 Apollo,
663 3395 696 3445 ut
708 3382 836 3446 Achilles
852 3401 915 3461 pro
929 3384 1088 3456 Achilleus,
1111 3388 1293 3464 Agamemno
1306 3404 1363 3466 pro

51 3487 279 3562 ssAganemnon.
301 3481 306 3568 Ι
339 3517 382 3528 -
398 3478 500 3568 [unum
521 3483 614 3552 multa
633 3485 801 3562 significant
823 3485 898 3566 non]
922 3483 1015 3548 Sunt
1037 3488 1109 3550 alia
1132 3488 1361 3568 homonyma:
1375 3502 1407 3550 21

80 3585 280 3666 homonymum
314 3593 359 3647 est
392 3588 469 3664 quod
506 3605 564 3648 una
597 3587 811 3664 significatione
833 3585 945 3651 multos
965 3589 1136 3653 intellectus
1157 3589 1260 3660 habet,
1295 3592 1363 3670 quia

141 3771 511 3828 CadBern.V8*-V12.
567 3774 658 3840 lupar
725 3775 903 3827 dternisom.
960 3777 1362 3830 domniasnnteormomina

81 3851 145 3894 sent.
178 3841 322 3909 nominum]
338 3845 487 3895 nominatim
557 3841 661 3911 dstrnt]
680 3860 737 3894 sum
791 3847 854 3895 aliut
923 3847 1143 3914 iooguominate
1159 3864 1227 3900 corr.
1243 3850 1278 3901 ai,
1297 3865 1361 3899 mon.

80 3925 235 3979 cognomenta
324 3911 432 3980 sshace]
453 3929 499 3964 nec
585 3913 748 3965 Pcoml'usae
766 3914 928 3982 praelereant
1015 3918 1047 3969 10
1065 3917 1114 3968 hoc
1131 3920 1258 3985 exemplu·
1275 3928 1302 3968 nt
1319 3921 1363 3981 qui

141 3985 173 4034 rt
192 3984 319 4034 decedunt
391 3986 424 4036 14
450 3983 628 4035 descendentia
652 4001 720 4038 corr.
746 3985 902 4036 descendant
971 4001 1004 4037 ex
1021 3985 1060 4054 se]
1087 4003 1221 4039 exeeorr.
1240 3989 1276 4038 al.
1296 4003 1361 4041 man.

80 4067 145 4103 erse
201 4053 287 4120 exse]
305 4069 353 4104 exe
424 4054 457 4106 16
471 4055 563 4105 latinae
633 4055 664 4105 17
685 4055 761 4104 hcine
779 4055 970 4107 themistudinis
1028 4058 1087 4108 hnic
1103 4058 1276 4108 themistudini
1295 4059 1362 4109 hunc

81 4123 277 4174 themistudinem
350 4123 383 4176 18
403 4124 450 4175 hac
468 4123 650 4175 themistndine
722 4123 756 4174 20
774 4140 891 4190 quaenon
961 4136 1023 4193 aput
1092 4129 1124 4179 21
1141 4125 1214 4195 liunt]
1235 4137 1293 4177 saint

81 4193 108 4240 2²
124 4193 224 4260 calypso
242 4194 285 4244 hic
303 4195 366 4260 petit
382 4211 464 4261 panos
482 4191 517 4258 (l)
569 4209 635 4260 pann
651 4210 666 4245 o
684 4210 754 4261 puna
806 4195 839 4246 23
855 4195 949 4246 latinae
966 4198 1032 4248 iulos
1045 4198 1129 4264 ipsius
1151 4199 1194 4249 det
1209 4199 1236 4248 id
1255 4207 1294 4248 est

81 4262 253 4331 ursmarus]
270 4267 388 4330 panetius
440 4265 510 4314 illum
530 4265 652 4315 eubonem
708 4267 742 4317 26
760 4265 837 4316 huius
854 4282 900 4319 om.
956 4267 991 4318 28
1008 4277 1124 4334 correpta
1193 4269 1366 4334 euprepes:

82 4331 182 4384 Achilles
200 4349 244 4384 one
330 4333 366 4386 30
384 4350 430 4400 pro
448 4349 609 4402 agamnenon
685 4350 820 4399 omonyma
840 4351 1003 4400 omonymum
1089 4338 1120 4389 31
1140 4339 1292 4405 significatio

137 4492 153 4540 n
172 4489 223 4558 eni]
247 4494 328 4555 Verp.
350 4493 416 4543 Aen.
435 4489 504 4540 Vllll
523 4489 582 4542 593.
603 4496 740 4556 exemplam
754 4493 864 4556 Vergilii
876 4492 913 4542 od
923 4507 954 4542 ea
966 4509 1032 4558 puae
1044 4493 1115 4552 infra
1132 4509 1155 4543 o.
1170 4493 1212 4544 10.
1231 4495 1363 4558 adscripta

82 4563 247 4622 mtpercnet
321 4561 353 4612 10
371 4561 411 4609 cui
429 4555 505 4626 nune]
532 4563 610 4626 Verp.
628 4562 694 4612 Aen.
716 4565 722 4610 Ι
743 4563 792 4612 261
866 4562 896 4613 11
917 4561 1022 4628 magno]
1048 4563 1208 4628 Verp.Aen.
1232 4567 1240 4614 1
1260 4565 1311 4615 288
1366 4573 1371 4584 '

84 4628 273 4684 lacescendum
292 4631 428 4682 Pataclliur
484 4631 517 4682 10
536 4629 676 4698 Vergilius]
703 4634 782 4696 Verp.
801 4631 867 4682 Aen.
890 4631 1002 4683 1111383
1063 4634 1097 4685 23
1117 4635 1193 4683 latine
1214 4635 1290 4684 lnnns
1307 4637 1362 4684 lnnl

82 4698 201 4751 Pmoun
286 4702 321 4751 24
339 4701 479 4768 Vergilius]
504 4703 583 4766 Verp.
602 4706 665 4752 Aen.
688 4701 785 4752 111776
875 4701 983 4752 25huie
1001 4704 1095 4754 lnenbo
1112 4704 1180 4754 huuc
1197 4705 1318 4754 lncnbum
1337 4713 1363 4755 et

84 4765 129 4818 irie
145 4771 234 4822 botruo
247 4773 286 4822 nic
301 4777 330 4820 ct
345 4772 371 4820 ia
387 4771 472 4822 codice
488 4775 587 4836 scripta
606 4780 663 4822 aaut
681 4773 779 4838 reliqui.
802 4787 858 4822 nom
874 4771 922 4823 dee
935 4774 1050 4826 doram
1067 4777 1166 4826 videtur
1177 4777 1362 4841 pronuntiem,

84 4835 113 4888 lie
125 4840 217 4891 incubo
234 4848 261 4894 et
276 4839 321 4892 hie
338 4841 447 4892 incubus
464 4841 522 4908 dici,
540 4843 604 4893 sient
620 4841 661 4892 hie
680 4844 769 4894 botruo
787 4850 812 4894 et
830 4842 871 4892 hic
887 4843 993 4896 botrano

1114 4927 1160 4994 3*
