3350 5442
651 375 746 438 aas
907 320 911 328 ⁸
1287 368 1348 436 491

61 561 133 647 ipse
167 560 373 646 Augustinus
406 568 536 624 retract.
565 560 582 624 I
609 560 646 642 6,
669 581 732 640 per
758 565 835 624 icem
863 570 991 640 terapra,
1020 580 1080 639 quo
1108 563 1279 623 Mediolani
1300 561 1354 634 sui

60 667 241 743 baptismum
260 671 474 744 peroptans,
497 645 588 727 etictti
611 667 843 742 dr'scipiiaorum
864 667 957 727 Istros
977 672 1105 729 conotus
1124 682 1189 726 nott
1209 665 1351 741 aritae,

60 771 258 844 interceptas
283 785 335 829 eos
361 772 415 844 qui
440 785 554 830 mecum
582 773 671 828 cram
698 775 788 844 atoue
815 769 854 828 ab
875 769 965 829 ttius
985 769 1068 830 modi
1086 769 1193 830 aad&
1213 783 1275 828 noa
1295 767 1354 827 al>-

59 872 236 946 torrcbont,
258 887 317 948 per
338 872 512 947 capuciis
533 872 657 946 cupiens
678 871 722 928 ad
741 872 951 945 incorporalia
972 871 1149 945 cubadum
1171 873 1261 946 quasi
1274 886 1355 946 pas-

58 975 143 1035 sibus
168 976 260 1036 certis
288 975 335 1034 oct
357 975 521 1049 perenm
547 974 594 1032 vet
621 973 741 1033 ducac.
778 972 835 1032 sed
854 988 958 1032 eonon
978 974 1074 1032 soluta
1095 973 1135 1032 dc
1152 975 1355 1046 orcmmotico

58 1078 170 1137 libram
193 1077 347 1137 citavere
361 1078 465 1152 potui,
498 1091 584 1150 qam
612 1080 717 1150 posteo
745 1074 784 1133 dc
810 1075 948 1134 amorio
975 1081 1079 1136 nostro
1094 1075 1237 1152 perdidi,
1266 1081 1296 1135 et
1317 1076 1355 1134 de

58 1183 178 1241 musica
203 1195 259 1240 eea
285 1179 452 1252 volumino,
481 1183 625 1253 quantum
652 1179 760 1237 attinet
787 1176 830 1236 ad
860 1192 928 1236 com
956 1183 1079 1252 portem
1106 1194 1186 1253 quae
1219 1178 1355 1252 rythmus

58 1289 199 1343 vocatur.
236 1297 336 1363 quare
357 1298 432 1341 cum
454 1284 487 1340 et
507 1275 593 1340 hunc
615 1273 656 1340 de
678 1283 748 1339 arte
769 1274 985 1359 grammatica
1004 1274 1125 1341 librum
1140 1284 1173 1339 et
1193 1275 1356 1360 principia

58 1379 254 1444 dialecticae
276 1388 309 1444 et
329 1376 512 1444 rhetoricae
540 1377 582 1443 ab
610 1377 797 1462 Augustino
826 1378 949 1464 scripta
976 1377 1049 1442 esse
1075 1386 1248 1462 negarent,
1276 1376 1356 1440 haec

59 1481 173 1546 omnia
193 1481 278 1546 inter
300 1501 400 1567 opera
422 1479 516 1544 ‘olim
538 1480 602 1567 ipsi
616 1501 789 1567 perperam
804 1479 989 1565 adscripta'
1012 1479 1047 1543 in
1067 1478 1248 1566 appendice
1275 1478 1357 1543 tomi

57 1584 158 1671 primi
185 1606 217 1670 p.
240 1581 303 1648 599
332 1605 403 1669 sqq.
433 1583 662 1648 exhibuerunt.
706 1591 881 1670 postquam
912 1604 991 1647 vero
1023 1604 1129 1647 novus
1162 1590 1195 1646 et
1227 1581 1269 1646 ab
1300 1579 1356 1645 illo

56 1685 159 1772 plane
181 1685 331 1751 diversus
354 1683 396 1748 de
418 1693 488 1750 arte
510 1685 725 1770 grammatica
739 1683 823 1751 liber
837 1687 991 1750 inventus
1007 1693 1071 1766 est,
1093 1682 1151 1747 illo
1172 1683 1357 1770 antiquiore

57 1787 140 1851 iam·
160 1785 260 1872 vulgo
293 1786 379 1850 inter
412 1786 581 1873 supposita
613 1788 751 1870 reiecto,
789 1787 879 1852 huno
908 1809 967 1874 pro
1003 1787 1144 1871 genuino
1176 1785 1357 1871 Augustini

58 1888 219 1976 opusculo
251 1888 373 1954 habere
405 1910 470 1952 non
499 1887 666 1956 dubitavit
697 1889 821 1972 Maius,
854 1890 1004 1977 quamvis
1032 1887 1075 1953 ab
1101 1889 1142 1952 iis
1171 1909 1257 1974 quae
1284 1888 1356 1975 ipse

58 1993 267 2077 Augustinus
291 1989 333 2056 de
355 1990 471 2056 studiis
495 1993 562 2057 suis
584 1991 805 2078 grammaticis
820 1993 856 2056 in
875 1990 959 2057 libro
973 1992 1242 2057 retractationum
1263 2013 1356 2078 prae·

57 2094 152 2159 dicat
172 2116 239 2159 non
267 2093 375 2158 minus
403 2092 530 2158 alienus
558 2097 609 2160 sit.
655 2096 781 2159 saniore
810 2079 930 2159 iudicii>
951 2117 1031 2159 usus
1053 2093 1109 2159 W.
1132 2092 1299 2158 Crecelius
1321 2095 1357 2157 in

56 2197 205 2281 August.
232 2196 273 2261 de
301 2194 431 2261 dialect.
462 2194 686 2281 (Elberfeldae
708 2219 738 2260 a.
764 2195 859 2276 1857)
881 2217 915 2282 p.
937 2197 957 2261 3
984 2197 1150 2284 epitomen
1176 2195 1263 2260 hano
1283 2217 1355 2259 esse

57 2299 206 2381 censuit,
235 2319 334 2384 quam
361 2295 577 2364 Cassiodorus
607 2319 627 2362 a
655 2320 690 2362 se
717 2298 901 2364 confectam
927 2320 999 2362 esse
1027 2299 1151 2363 diceret
1173 2296 1215 2363 de
1237 2306 1300 2363 art.
1323 2305 1356 2362 et

57 2399 189 2487 discipl.
216 2421 244 2463 c.
270 2402 303 2480 l,
326 2406 381 2466 red
400 2412 430 2465 et
449 2410 584 2466 sanctum
607 2405 805 2479 lauritium
825 2411 959 2481 propter
979 2407 1198 2482 simplicitatem
1215 2404 1356 2476 frattina

56 2507 193 2566 monier
212 2508 420 2567 marcentium
443 2508 548 2583 aliquo
570 2507 609 2566 dc
629 2508 732 2566 codem
753 2508 838 2566 tituto
853 2501 911 2586 (de
932 2511 1002 2567 arte
1023 2503 1250 2588 grammatica)
1271 2509 1356 2567 scri-

51 2611 155 2684 psisse
175 2609 357 2684 reperimus,
389 2625 468 2684 qaue
494 2609 574 2669 cotis
595 2609 763 2668 lectitanda
785 2610 974 2683 reliquimus,
998 2624 1036 2669 ne
1055 2610 1130 2684 qitid
1149 2610 1276 2670 radiosa
1297 2610 1354 2668 de-

54 2727 125 2771 esse
147 2711 301 2785 adeatur,
332 2713 385 2785 qui
411 2711 454 2770 cd
480 2715 584 2770 tentae
610 2712 752 2784 scientiae
778 2711 911 2771 camma
934 2718 1176 2788 memorantur.
1213 2706 1354 2793 denique

55 2807 225 2873 Weberus
253 2830 287 2894 p.
308 2808 331 2872 4
356 2807 603 2894 inscriptionem
629 2806 722 2892 libri,
751 2817 855 2873 artem
881 2830 941 2894 pro
967 2807 1109 2874 fratrum
1130 2808 1354 2874 mediocritate

54 2909 261 2992 breviatam,
284 2910 332 2974 ita
353 2910 585 2996 interpretatus
608 2918 673 2994 est,
701 2917 738 2973 ut
765 2930 804 2974 ea
825 2931 909 2995 quae
930 2911 1138 2996 Augustinus
1160 2911 1284 2996 scripta
1305 2932 1354 2975 re·

55 3012 214 3099 liquisset
234 3021 310 3098 post
332 3022 470 3078 mortem
493 3012 562 3076 eius
585 3009 628 3074 in·
640 3033 737 3076 usum
759 3009 900 3076 fratrum
914 3011 1202 3077 Benedictinorum
1221 3013 1257 3076 in
1277 3034 1354 3078 con-

55 3113 218 3201 pendium
245 3113 377 3179 redacta
403 3136 476 3178 esse
504 3113 636 3179 diceret.
682 3135 723 3178 ex
751 3113 893 3195 genuino
919 3123 1031 3180 autem
1057 3114 1238 3201 Augustini
1268 3113 1354 3180 libro

54 3217 147 3281 hanc
168 3225 272 3280 artem
294 3223 456 3302 sumptam
485 3237 556 3280 esse
584 3215 779 3304 conprobari
808 3215 914 3283 voluit
935 3216 1053 3304 punico
1075 3215 1234 3283 vocabulo
1256 3221 1355 3282 deltos

55 3319 94 3382 in
122 3325 265 3384 trmtatu
291 3317 333 3381 de
360 3316 565 3384 barbarismo
593 3319 714 3405 posito,
743 3339 807 3405 quo
835 3326 911 3383 ante
939 3340 1014 3384 eum
1033 3341 1114 3384 usus
1143 3328 1213 3383 erat
1233 3317 1353 3401 Maius,

54 3430 96 3484 ut
118 3419 182 3486 hoc
202 3427 370 3506 tamquam
390 3419 568 3484 certissimo
591 3429 783 3504 argumento
805 3420 1031 3506 Augustinum
1051 3443 1124 3486 esse
1144 3420 1221 3485 libri
1243 3429 1353 3486 aucto·

55 3544 131 3586 rem
155 3519 403 3588 demonstraret.
431 3544 507 3604 nos,
531 3543 613 3606 quae
635 3532 745 3607 partes
761 3521 797 3586 in
810 3521 861 3586 his
883 3520 978 3587 libris
1000 3523 1187 3608 Augustino
1208 3521 1353 3589 tribuen-

55 3624 124 3689 dae
148 3623 227 3706 sint,
255 3646 321 3688 uon
349 3623 481 3710 copiose
508 3622 760 3709 disputabimus.
804 3622 862 3687 sed
888 3622 953 3687 fide
975 3621 1134 3690 librorum
1154 3646 1253 3690 manu
1274 3625 1353 3690 scri-

56 3735 207 3811 ptorum,
241 3747 377 3812 quorum
409 3724 637 3813 inscriptiones
671 3745 772 3812 supra
804 3725 930 3809 positae
967 3734 1058 3806 sunt,
1093 3723 1176 3791 illud
1212 3735 1353 3809 constat,

53 3836 235 3913 utrumque
255 3825 393 3911 librum,
421 3826 572 3915 quamvis
600 3827 635 3892 in
662 3826 777 3892 eodem
803 3836 995 3910 argumento
1016 3837 1181 3910 versetur,
1202 3838 1313 3894 tamen
1334 3850 1355 3892 a

54 3929 295 4018 posterioribus
319 3929 540 4014 grammaticis
561 3931 618 3994 uni
639 3928 825 4015 Augustino
852 3928 1013 3994 tributum
1043 3952 1126 3994 esse.
1169 3951 1246 3994 nam
1267 3929 1354 3994 sicut

55 4057 79 4098 a
101 4032 235 4097 Donato
266 4029 401 4118 eiusque
428 4032 661 4120 interpretibus
690 4053 729 4096 ea
755 4052 831 4117 pars
859 4041 1017 4117 quaeest
1044 4030 1085 4095 de
1108 4039 1181 4097 octo
1202 4031 1353 4119 partibus

55 4133 219 4199 orationis
240 4134 292 4199 bis
315 4142 458 4224 tractata
480 4143 545 4217 est,
568 4134 616 4199 ita
638 4155 680 4198 ex
701 4132 753 4198 his
768 4132 949 4218 Augustini
969 4130 1063 4198 libris
1085 4135 1143 4220 qni
1164 4133 1355 4201 ferebantur

57 4233 201 4300 alterum
222 4234 349 4321 primae
371 4233 522 4301 editionis
545 4233 653 4301 locum
675 4234 821 4302 obtinere
836 4234 1011 4302 voluerunt
1024 4236 1230 4322 grammatici
1252 4257 1354 4323 eaque

57 4338 102 4405 de
137 4358 238 4402 causa
269 4359 328 4424 pro
360 4335 585 4403 mediocritate
617 4335 756 4402 fratrum
790 4337 977 4404 breviatum
1009 4339 1177 4423 dicebant,
1214 4336 1354 4403 alterum

56 4441 157 4530 quasi
180 4437 405 4523 eruditiorem,
427 4448 603 4527 propterea
624 4438 711 4526 quod
737 4438 948 4527 amplioribus
977 4439 1160 4527 praeceptis
1186 4447 1220 4503 et
1247 4460 1354 4504 exem-

56 4543 125 4631 plis
159 4541 246 4606 illius
278 4542 472 4606 tenuitatem
504 4540 685 4628 suppleret,
717 4541 905 4628 regularum
941 4543 1072 4606 nomine
1107 4542 1354 4629 inscripserunt.

57 4647 128 4709 iam
151 4665 229 4709 vero
251 4641 331 4732 quid
353 4665 396 4708 ex
416 4641 501 4710 libro
517 4642 711 4730 Augustini,
734 4667 829 4731 quem
851 4642 906 4709 ille
929 4642 970 4708 de
992 4644 1206 4730 grammatica
1228 4653 1298 4709 arte
1320 4666 1355 4709 se

58 4745 239 4833 scripsisse
262 4743 358 4828 dicit,
383 4744 425 4810 ad
447 4745 548 4812 libros
570 4749 605 4812 in
626 4745 711 4813 hanc
731 4746 871 4812 formam
891 4744 1042 4812 redactos
1063 4754 1281 4833 propagatum
1302 4748 1355 4831 sit,

59 4848 130 4914 dici
152 4869 219 4914 non
239 4857 364 4936 potest,
388 4847 549 4934 siquidem
570 4858 685 4915 neuter
710 4850 932 4937 incorruptam
953 4846 1043 4915 illins
1065 4870 1199 4914 manum
1220 4869 1300 4937 prae
1320 4868 1356 4912 se

1086 4951 1153 5019 32*
