3350 5442
317 334 382 402 470
869 335 1052 398 EVTYClllS
1085 358 1087 367 ·

344 459 366 499 p.
380 447 423 486 17⁷.
439 446 463 486 aa
478 443 499 484 t
948 485 951 488 ,
1415 454 1436 496 p.
1449 443 1510 483 arn.
1524 445 1549 482 aa
1562 436 1583 484 Ρ.

319 545 333 584 s
356 525 462 586 habeat
490 531 557 584 ante
586 542 636 594 co;
665 524 743 604 quod
771 542 787 584 a
815 525 934 584 nominc
963 542 1030 584 esca
1059 523 1218 585 deductum
1245 530 1305 583 tana
1328 525 1460 584 taonrinis
1483 527 1602 584 servavit

318 630 496 707 scripturam
524 628 555 686 in
588 625 694 696 verbo,
728 644 816 706 quam
849 626 982 704 regulam
1011 645 1028 686 a
1054 629 1174 686 nomine
1208 626 1411 686 derivatorum
1439 625 1602 686 verborum.

319 736 459 790 notantur
481 709 587 789 tertiae
610 731 695 788 vinco
718 730 811 788 vincis
834 736 865 788 et
886 726 922 788 ah
945 745 981 787 eo
1003 729 1179 806 composita,
1203 729 1348 788 convinco
1367 729 1537 797 convincis,
1561 729 1603 787 dc-

319 832 406 890 vinco
428 829 576 900 devincis;
604 846 694 908 parco
721 848 854 909 quoque,
882 830 960 909 quod
988 828 1084 890 solum
1113 837 1218 890 rante
1240 848 1276 889 co
1297 828 1412 889 hahens
1435 839 1484 890 est
1505 833 1603 889 tertiae

321 932 547 1009 coniugationis.
593 951 607 990 s
630 950 699 992 vero
722 931 931 1000 antecedente,
954 932 1101 1010 siquidem
1124 934 1185 992 sint
1206 931 1386 1001 inchoativa,
1409 935 1520 993 tertiae
1543 941 1621 992 suntz

224 1019 227 1032 ⁸
320 1035 384 1093 sine
407 1032 512 1103 dnbio,
537 1051 593 1093 cen
613 1033 799 1112 praedictum
813 1039 874 1103 cst,
897 1034 1130 1111 coniugationis,
1154 1041 1186 1094 ut
1201 1033 1342 1094 horresco
1358 1042 1481 1112 tepesco
1495 1033 1603 1093 calesco

321 1134 477 1195 erubesco.
503 1129 506 1210 l
530 1153 605 1215 quae
628 1153 687 1197 non
710 1136 804 1198 solum
827 1135 959 1197 averhis
981 1135 1127 1196 secundae
1150 1137 1382 1213 coniugationis,
1405 1135 1458 1195 sed
1482 1137 1602 1194 etiamn

322 1237 388 1298 labo
411 1237 508 1307 lahas,
537 1237 615 1317 quod
638 1245 684 1298 est
705 1241 818 1318 primae
842 1239 1073 1314 coniugationis,
1096 1237 1215 1298 lahasco
1237 1245 1283 1305 et,
1318 1238 1388 1298 licet
1411 1254 1498 1306 raro,
1521 1256 1538 1296 a
1561 1256 1603 1295 no-

321 1338 453 1399 minibus
482 1341 570 1400 etiam
599 1339 731 1400 derivata
760 1341 965 1408 inveniuntur,
994 1345 1027 1398 ut
1049 1358 1224 1418 vesperasco
1253 1341 1411 1400 iuvenesco
1432 1340 1540 1417 glisco.
1581 1351 1602 1396 at

322 1443 347 1500 si
369 1459 429 1502 non
457 1443 517 1502 sint
545 1441 713 1501 inchoativa
743 1439 771 1520 [s
794 1448 862 1501 ante
884 1460 920 1500 co
941 1439 1114 1521 habentia],
1143 1443 1169 1501 si
1195 1448 1376 1502 tamennon
1398 1461 1416 1501 a
1438 1441 1619 1500 nominibus

323 1543 512 1612 deriventur,
542 1545 647 1604 tertiae
675 1550 744 1603 sunt
772 1543 925 1612 similiter,
954 1550 989 1604 ut
1010 1561 1104 1628 pasco
1131 1545 1230 1623 pascis
1256 1545 1339 1621 pavi,
1368 1560 1474 1602 cresco
1501 1546 1604 1602 cresci

323 1645 418 1715 crevi,
450 1663 606 1724 compesco
634 1647 798 1724 compescis
826 1647 1010 1725 compescui,
1040 1645 1122 1705 disco
1144 1645 1235 1705 discis
1256 1643 1363 1712 didici,
1392 1644 1541 1704 adsuesco
1562 1645 1604 1704 ad·

323 1749 421 1813 suevi.
445 1766 534 1828 posco
549 1749 685 1826 poposci,
709 1749 830 1827 quiesco
852 1749 964 1827 quievi,
988 1746 1066 1807 unde
1082 1765 1189 1808 nomen
1210 1746 1375 1807 derivatum
1395 1749 1483 1826 quies
1502 1749 1605 1826 quietis

323 1852 460 1931 inquieto
483 1850 631 1927 inquietas
647 1846 771 1908 verbum
794 1850 909 1928 prImae
932 1850 1149 1927 coniugationis
1171 1849 1256 1918 lacit,
1282 1846 1503 1909 rationabiliter
1525 1848 1605 1926 salla·

324 1951 371 2012 his
394 1951 516 2028 genitivi
539 1951 669 2010 nominis
691 1949 884 2029 respondens.
914 1950 1066 2030 praedicta
1088 1958 1187 2011 autem
1209 1950 1298 2011 verha
1321 1969 1379 2011 non
1403 1969 1468 2010 csse
1492 1951 1628 2009 inchoa-t

325 2055 384 2113 tiva
407 2054 603 2130 praeteritum
624 2053 790 2132 perlectum
812 2059 929 2131 tempus
951 2052 1091 2113 ostendit.
1136 2055 1236 2113 inesco
1258 2071 1329 2112 vero
1353 2054 1479 2121 mesces,
1502 2060 1538 2112 ut
1560 2072 1606 2111 nec

325 2153 524 2214 inchoativum
546 2173 601 2214 nec
623 2155 821 2233 primitivum,
851 2153 903 2214 sed
930 2173 947 2214 a
975 2157 1095 2217 nomine
1120 2172 1189 2215 esca
1210 2153 1385 2221 deductum,
1408 2157 1475 2214 iure
1497 2157 1605 2233 primas

325 2257 544 2334 coniugationis
566 2263 620 2316 est.
665 2257 696 2316 in
719 2273 771 2315 cor
792 2255 967 2325 desinentia,
991 2259 1204 2335 cuiuscumque
1226 2258 1286 2317 sint
1306 2258 1427 2334 generis
1450 2256 1497 2316 vel
1520 2259 1606 2333 signi·

324 2358 485 2428 ticationiS,
513 2360 570 2418 nisi
594 2377 626 2419 as
653 2357 698 2417 vel
727 2376 759 2418 es
785 2357 831 2418 vel
861 2361 887 2418 is
909 2366 976 2419 ante
1003 2376 1055 2417 cor
1077 2360 1259 2428 inveniatur,
1283 2361 1397 2437 primae
1419 2367 1490 2420 sunt
1510 2362 1606 2418 conisa·

323 2462 451 2538 gationis
478 2479 663 2540 quacumque
692 2460 784 2520 vocali
814 2479 868 2520 sen
890 2469 1070 2520 consonante
1094 2461 1300 2530 antecedente,
1323 2469 1356 2520 ut
1378 2478 1488 2539 precor
1510 2478 1626 2540 preca-³

326 2565 381 2632 ris,
410 2565 545 2642 suspicor
574 2564 748 2642 suspicaris,
778 2561 914 2623 ludificor
935 2561 1112 2632 ludificaris
1143 2565 1224 2622 iocor
1247 2565 1369 2632 incuria,
1393 2580 1513 2623 mercor
1535 2581 1605 2622 viver·

325 2667 416 2735 caris,
445 2682 569 2743 graecor
597 2666 763 2742 graecaris,
793 2662 933 2724 Horatius
962 2665 994 2724 in
1021 2680 1191 2724 sermonum
1218 2663 1297 2725 libro
1322 2664 1348 2724 ll
1383 2665 1457 2725 ‘vel
1486 2667 1517 2724 si
1547 2664 1605 2724 llo·

326 2785 427 2828 anana
450 2768 588 2844 latiget
610 2765 751 2826 militia
780 2764 973 2826 adsuetum
1002 2768 1202 2844 graecari’.
1247 2765 1376 2827 bacchor
1403 2785 1522 2846 quoque
1546 2767 1605 2826 bac·

326 2867 441 2938 charis,
465 2876 498 2928 ut
519 2869 661 2946 Virgilius
683 2867 830 2928 Aeneidos
853 2867 931 2928 libro
953 2866 1008 2927 llll

481 2968 685 3039 bacchatur
707 2969 830 3050 qualis
853 2971 1047 3030 commotis
1068 2972 1194 3031 excita
1217 2972 1336 3031 sacris
1353 2968 1365 3052 {l

478 3071 596 3152 thyas,

327 3182 357 3234 ct
379 3173 547 3234 stomachor
570 3173 777 3244 stomacharis,
801 3182 834 3235 nt
855 3173 1014 3235 Terentius
1035 3175 1067 3234 in
1089 3173 1232 3235 Eunucho

478 3275 514 3336 id
537 3275 710 3356 equidem
733 3277 938 3338 adveniens
955 3294 1092 3336 mecum
1114 3275 1375 3337 stomachabar
1397 3278 1515 3346 modo,

327 3379 396 3439 licet
421 3380 451 3438 in
473 3377 546 3438 chor
568 3380 730 3457 aspiratum
754 3377 901 3446 desinunt,
926 3385 957 3437 ut
979 3370 1188 3439 a'nominihus
1210 3376 1321 3438 bacche
1343 3379 1512 3439 stomachus
1533 3379 1603 3437 devi-

328 3489 407 3550 vata,
437 3487 534 3541 tamen
563 3479 633 3540 huic
661 3479 780 3558 regulae
808 3486 879 3540 sunt
905 3481 1038 3559 inputata
1067 3486 1098 3539 ct
1124 3480 1160 3540 ad
1188 3482 1315 3558 primam
1342 3483 1408 3540 iure
1436 3483 1629 3560 perveniunta·

328 3584 577 3661 coniugationem.
623 3601 655 3644 as
683 3590 781 3643 atatem
808 3581 855 3642 vel
883 3599 916 3641 es
943 3582 989 3642 vel
1012 3583 1038 3642 is
1059 3589 1127 3643 ante
1150 3601 1203 3641 cor
1225 3584 1359 3652 inventa,
1383 3585 1498 3644 etiamsi
1519 3603 1537 3644 a
1556 3601 1602 3641 no·

328 3685 459 3747 minibus
481 3684 680 3754 deducantur,
711 3685 774 3743 sine
804 3682 895 3744 dubio
924 3684 1030 3759 tertiae
1053 3691 1136 3754 sunt,
1160 3690 1192 3744 nt
1214 3683 1326 3744 dictum
1348 3691 1407 3754 est,
1431 3687 1600 3762 coniugatio·

328 3790 389 3857 nis,
417 3794 451 3847 ut
479 3804 584 3846 nascor
611 3788 724 3848 irascor
757 3804 861 3845 vescor
895 3785 1023 3845 ulciscor
1048 3786 1205 3845 nanciscor
1238 3787 1372 3864 paciscor
1405 3787 1601 3847 comminiscor

328 3889 478 3968 adipiscor
500 3887 658 3949 obliviscor
682 3889 883 3967 expergiscor.
908 3924 911 3949 .

399 4179 412 4230 l
433 4179 533 4242 quoda
553 4176 655 4226 nomine
666 4177 685 4239 s
699 4177 767 4240 quod
785 4177 844 4241 quia
862 4192 877 4226 a
895 4175 995 4227 nomine
1014 4175 1037 4226 P
1055 4177 1115 4240 quia
1131 4192 1147 4226 a
1165 4177 1267 4228 nomine
1281 4175 1322 4227 Bt
1373 4174 1485 4227 aescaP
1531 4176 1598 4224 2de·

329 4249 532 4299 vinatiuoranaP
582 4246 761 4299 dcauescoP
811 4247 1596 4314 7sedetiam(auperscr.auerbisprimaeconingatioaisnat

327 4320 385 4369 labo
403 4317 475 4368 labes
493 4317 561 4382 quod
580 4326 618 4368 est
633 4318 730 4380 primae
746 4316 848 4367 lahasco
860 4317 885 4366 B
897 4318 942 4367 sed
956 4317 1032 4367 etiarn
1050 4332 1064 4365 a
1078 4317 1135 4366 labo
1148 4333 1177 4367 as
1189 4316 1258 4380 quod
1270 4325 1308 4366 est
1320 4317 1419 4381 primae
1436 4320 1530 4366 tabesco
1544 4325 1554 4365 t

328 4386 489 4438 tlluuenisco
505 4388 530 4436 P
597 4396 621 4436 et
635 4387 656 4435 si
676 4401 724 4436 non
742 4389 793 4436 sint
810 4389 982 4452 (aspernens
1001 4386 1096 4452 uerbis)
1117 4397 1201 4436 tamen
1222 4385 1366 4436 inchoativis
1385 4391 1522 4453 (saperacr,
1536 4385 1596 4433 suad

361 4466 419 4507 ante
438 4472 467 4508 co
486 4457 606 4508 habentia
622 4457 644 4505 ai
664 4471 713 4506 nen
731 4472 747 4505 a
766 4457 909 4507 nominihus
926 4456 1073 4507 deriaantnr
1085 4457 1110 4506 B
1125 4466 1150 4506 et
1167 4460 1189 4507 si
1206 4472 1255 4507 non
1273 4468 1332 4506 sunt
1349 4459 1431 4519 (corr.
1446 4457 1508 4515 'sinti
1524 4466 1595 4503 tamen

330 4527 474 4578 inchoatiua
491 4543 504 4578 s
522 4535 581 4577 ante
602 4541 631 4575 co
650 4525 767 4576 habentia
786 4529 807 4575 si
827 4541 877 4576 non
903 4541 918 4576 a
938 4527 1022 4576 vaerhia
1040 4528 1092 4576 sint
1109 4527 1154 4578 sed
1171 4542 1187 4576 a
1205 4528 1348 4578 nominihus
1366 4527 1538 4578 diribentan

331 4597 364 4649 16
381 4599 481 4646 inaesco
501 4611 561 4646 uero
581 4598 694 4646 inaescas
713 4597 738 4647 P
804 4599 838 4646 22
856 4598 883 4645 in
901 4611 976 4650 serm,
997 4597 1060 4646 libro
1079 4593 1111 4660 ll]
1130 4598 1155 4656 2,
1176 4595 1208 4645 10
1277 4599 1347 4647 uelut
1366 4600 1389 4647 si
1406 4599 1431 4649 P
1494 4597 1593 4647 tahan.

331 4667 393 4716 libro
415 4664 469 4733 llll]
488 4681 511 4720 a.
532 4665 582 4717 401
670 4667 703 4715 27
722 4675 760 4716 est
775 4665 1009 4716 stomachorPest
1026 4674 1051 4715 et
1069 4665 1213 4717 stomachor
1230 4667 1255 4716 B
1342 4667 1368 4716 in
1387 4683 1453 4717 enan
1469 4667 1592 4730 (asperar-

332 4737 412 4800 idem)
431 4736 548 4797 equidem
567 4737 592 4786 B
608 4737 633 4785 in
655 4736 770 4786 eunucho
790 4736 848 4786 inde
867 4737 968 4800 quidem
987 4736 1027 4799 tf:
1047 4737 1113 4788 Ena.
1135 4737 1156 4785 ll
1175 4735 1201 4797 3,
1219 4734 1253 4786 32
1323 4737 1357 4786 28
1376 4731 1595 4786 stomachabatur?

399 4803 433 4857 30
452 4806 601 4870 perueniunt
619 4806 667 4867 Pf
681 4807 807 4871 pertinent
822 4806 863 4856 Bt
931 4806 965 4856 34
983 4806 1131 4872 adaepiscor
1144 4806 1169 4855 B
