3350 5442
668 318 819 383 100011
1080 292 1083 305 ’
1327 317 1389 386 401

96 512 294 569 enarratam.
340 504 486 569 eiusdem
512 505 641 591 generis
669 504 803 571 videtur
835 528 908 571 esse
934 506 1183 571 commentarius
1212 506 1248 570 in
1279 506 1390 572 codice

94 604 260 671 Vaticano
281 604 500 672 bibliothecae
522 606 716 692 Reginensis
740 608 822 673 1560
845 630 928 674 saec.
951 607 1003 673 XI
1025 617 1100 674 ante
1121 608 1241 674 libnrm
1263 609 1391 675 Phocae

97 709 240 795 scriptus
262 708 285 772 f.
308 708 464 791 24-35,
493 716 601 790 incipit
624 713 759 786 feliciter
781 732 834 775 ars
857 717 958 775 Focuc
977 717 1180 790 grammatici.
1226 716 1285 775 Ars
1307 717 1390 776 dicta

96 822 143 873 cst
156 832 192 875 eo
206 816 289 899 qaod
302 817 379 876 artis
398 818 579 893 praeceptis,
596 818 630 876 td
650 821 693 876 001
714 819 826 877 strictis
848 819 973 895 repulia,
996 821 1140 878 uniuersa
1162 819 1391 895 conprehendut

94 948 141 959 —-
162 921 334 995 usurpauit,
358 920 391 977 ut
412 925 455 978 est
476 935 532 978 usu
555 920 699 994 empsit.
725 921 802 992 finit.
845 920 946 979 Focus
966 922 1022 980 istc
1044 922 1267 996 antiquissimus
1287 936 1390 995 urum·

95 1022 226 1080 malicus
243 1018 308 1092 suit
329 1027 399 1079 unte
420 1020 612 1080 Priscianum
633 1026 664 1079 ct
686 1020 851 1094 Donatum,
879 1022 957 1081 adeo
984 1028 1017 1083 ut
1040 1022 1216 1082 Priscianus
1237 1024 1332 1083 100110
1354 1022 1392 1081 dc

95 1139 133 1181 co
157 1126 188 1183 in
210 1122 287 1182 libro
307 1138 362 1182 suo
385 1123 518 1182 dicaret
539 1124 680 1198 exenplu
700 1130 808 1183 sumat.
838 1125 893 1198 qut
911 1126 1078 1199 composuit
1097 1124 1179 1184 tunc
1199 1124 1331 1183 libellum
1354 1124 1392 1183 de

96 1232 167 1283 arte
186 1226 390 1299 grammatica
412 1225 451 1284 dc
473 1225 591 1285 duabus
609 1226 751 1299 partibas
772 1226 973 1285 1050100010ἱί
992 1232 1021 1285 01
1041 1229 1146 1287 coculi
1165 1229 1226 1287 eto.

184 1322 427 1387 Grammaticae
448 1322 528 1385 artis
550 1322 715 1387 doctorem
737 1323 840 1387 fuisse
863 1302 1005 1388 Phocani
1029 1345 1132 1410 eaque
1154 1344 1236 1410 quae
1259 1321 1299 1387 de
1321 1330 1391 1386 arte

95 1423 268 1511 scripserit
288 1425 464 1511 praecipue
486 1423 719 1510 discipulorum
742 1446 873 1489 suorum
895 1426 970 1490 usui
991 1423 1155 1489 destinata
1177 1427 1224 1489 ita
1246 1447 1288 1489 ex
1310 1426 1392 1489 0011-

96 1528 249 1612 quiorum
270 1527 559 1611 grammaticorum
580 1524 675 1591 libris
691 1525 876 1611 collegisse,
899 1535 936 1591 ut
957 1525 1038 1591 nihil
1060 1528 1139 1592 novi
1161 1525 1309 1608 adderet,
1333 1524 1392 1589 sed

97 1627 202 1690 solam
228 1628 402 1694 brevitatis
430 1626 560 1693 laudem
589 1628 653 1693 sibi
681 1627 878 1712 vindicaret,
910 1629 981 1716 ipse
1012 1628 1047 1692 in
1079 1629 1283 1715 praefatione
1316 1626 1392 1691 libri

95 1730 265 1815 professus
288 1740 348 1796 est.
393 1727 535 1817 plurima
555 1739 664 1795 autem
687 1730 791 1795 exiis
814 1752 898 1817 quae
926 1730 1071 1805 breviter
1091 1730 1133 1796 ab
1157 1752 1195 1796 eo
1218 1739 1393 1816 praecepta

96 1841 177 1896 0001
203 1855 289 1897 0000
315 1834 414 1897 011010
441 1832 575 1897 uberius
604 1835 754 1920 exposita
781 1832 870 1920 apud
899 1832 1084 1898 Charisium
1113 1842 1145 1898 01
1172 1834 1206 1897 10
1228 1830 1391 1918 excerptis

96 1946 176 2019 post
208 1933 393 1999 Charisium
429 1934 525 1998 editis
558 1933 721 2019 leguntur.
764 1958 869 2022 neque
901 1943 1009 1999 tamen
1043 1958 1085 2000 ex
1113 1934 1255 1998 Charisii
1286 1932 1390 2013 libris,

96 2058 181 2121 quos
204 2036 336 2123 quidem
358 2058 445 2101 nunc
466 2036 640 2119 hahemus,
663 2038 745 2101 haec
767 2038 922 2123 decerpta
942 2060 1013 2101 esse
1034 2035 1112 2101 inde
1133 2038 1274 2101 maxime
1296 2033 1389 2099 intel-

95 2137 236 2223 legitur,
260 2138 345 2225 quod
368 2138 528 2226 quaedam
550 2161 593 2203 ex
614 2138 676 2205 hoc
698 2161 834 2224 genere,
857 2137 1026 2224 inquibus
1048 2138 1162 2203 eadem
1177 2136 1390 2223 110111111ορ0-

95 2242 161 2305 tita
184 2250 276 2322 0001,
299 2242 407 2327 potius
430 2263 504 2305 0010
527 2242 688 2327 excerptis
711 2239 792 2323 illis,
816 2264 900 2327 quae
921 2239 1041 2327 partim
1064 2262 1106 2304 ex
1127 2239 1277 2305 uberiore
1299 2241 1391 2304 fonte

96 2341 251 2406 derivata
276 2365 347 2407 esse
375 2364 476 2429 supra
503 2366 535 2429 p.
556 2342 618 2406 336
648 2341 736 2423 dixi,
765 2365 862 2429 quam
890 2366 964 2408 cum
990 2343 1062 2429 ipso
1086 2340 1235 2407 Charisio
1258 2363 1389 2406 consen-

95 2446 206 2512 tiunt„
229 2444 321 2509 cuius
343 2446 391 2509 rei
413 2443 673 2510 luculentissima
695 2444 846 2531 exempla
867 2455 944 2510 sunt
963 2446 1045 2508 haec
1065 2466 1149 2530 quae
1171 2445 1294 2531 scripta
1316 2454 1391 2507 0001

95 2570 128 2635 p.
156 2546 241 2611 1690
262 2548 304 2611 (10
326 2545 562 2633 monosyllabis
584 2546 655 2612 coll.
680 2546 775 2611 Char.
798 2571 831 2634 p.
854 2547 906 2629 42,
929 2548 949 2610 6
972 2570 1042 2611 exc.
1067 2546 1164 2611 Char.
1186 2569 1219 2633 p.
1241 2545 1315 2626 546,
1340 2546 1389 2626 173

94 2674 127 2736 p.
148 2648 232 2714 1692
254 2648 296 2713 de
311 2659 467 2736 quattuor
481 2649 667 2715 nominibus
690 2672 709 2715 o
730 2648 840 2714 littera
856 2648 971 2731 finitis,
1000 2654 1061 2715 duo
1081 2654 1168 2713 umbo
1189 2659 1256 2713 octo
1273 2653 1389 2729 pondu,

96 2749 173 2815 coll.
198 2751 294 2815 Char.
323 2775 354 2839 p.
378 2752 434 2833 64,
457 2753 477 2817 9
500 2776 569 2817 exc.
607 2752 702 2816 Char.
731 2776 764 2839 p.
786 2752 865 2833 545,
888 2752 923 2834 5,
948 2762 980 2815 01
1001 2774 1085 2839 quae
1106 2749 1160 2814 his·
1179 2749 1233 2816 1101
1256 2749 1390 2836 abipso

95 2854 314 2939 grammatico
343 2853 567 2940 neglegentius
597 2854 790 2941 interposita
813 2852 864 2919 vel
887 2863 1001 2941 postea
1023 2854 1153 2918 adiecta
1175 2862 1251 2917 sunt
1273 2851 1313 2917 de
1335 2875 1390 2917 no·

97 2957 189 3020 mine
206 2962 312 3038 pondo
335 2955 408 3021 coll.
433 2956 531 3021 Char.
553 2980 585 3043 p.
601 2956 657 3035 35,
681 2957 722 3020 21
746 2979 814 3024 exc.
837 2955 934 3021 Char.
958 2980 990 3043 p.
1013 2956 1086 3037 551,
1112 2956 1165 3035 103
1188 2978 1220 3041 p.
1246 2955 1327 3019 1713
1349 2954 1392 3018 de

96 3059 213 3124 verbis
234 3080 270 3122 eo
292 3057 428 3144 syllabis
451 3058 551 3122 finitis
574 3056 646 3122 coll.
669 3082 741 3123 exe.
764 3057 862 3124 Char.
886 3081 917 3145 p.
938 3058 1012 3140 565,
1035 3057 1086 3122 39.
1119 3080 1221 3144 quare
1243 3058 1327 3122 01001
1350 3056 1391 3120 (10

96 3162 174 3226 aliis
197 3161 435 3245 grammaticis,
458 3162 492 3224 10
514 3162 632 3248 quibus
649 3160 787 3225 similem
804 3184 999 3226 consensum
1015 3158 1299 3247 deprehendimus,
1323 3181 1392 3223 sae·

96 3264 174 3351 pius
198 3260 356 3345 diximus,
384 3264 432 3328 ita
453 3262 596 3328 Phocum
618 3286 746 3352 quoque
774 3264 855 3328 haec
877 3286 961 3351 quae
984 3264 1109 3327 010010
1132 3260 1282 3326 Charisio
1305 3283 1392 3327 com-

96 3367 213 3430 munia
234 3374 310 3429 sunt
331 3388 396 3457 non
419 3366 461 3431 ab
484 3366 544 3429 hoc
566 3366 656 3452 ipso,
680 3365 738 3431 sed
761 3368 802 3431 ab
825 3366 943 3431 iisdem
966 3364 1167 3446 auctoribus,
1195 3363 1313 3449 quibus
1335 3362 1391 3427 ille

95 3476 269 3549 0000001,
296 3468 330 3530 10
357 3467 488 3554 primis,
512 3468 545 3531 01
568 3466 680 3549 fallor,
709 3492 751 3535 ex
778 3481 849 3534 arte
872 3466 1094 3550 Palaemonis,
1116 3466 1275 3553 petivisse
1298 3476 1392 3552 puta-

94 3571 218 3638 bimus.
263 3569 376 3636 eodem
406 3569 578 3636 referenda
605 3581 682 3634 0001
708 3593 748 3635 00
769 3593 853 3658 quae
874 3570 962 3658 apud
983 3568 1194 3652 Diomedem,
1218 3590 1314 3655 quem
1336 3568 1391 3631 iis·

97 3673 175 3740 dem
197 3672 386 3739 auctoribus
409 3696 505 3738 usum
527 3696 600 3737 esse
622 3681 767 3753 constat,
791 3671 832 3737 de
856 3672 964 3737 verbis
987 3670 1137 3735 similiter
1160 3670 1282 3756 scripta
1303 3679 1389 3735 sunt.

97 3774 220 3842 deinde
252 3799 295 3840 ex
326 3773 495 3840 catholicis
527 3773 643 3859 Probi,
674 3798 759 3862 quae
790 3776 824 3838 in
857 3773 956 3839 simili
989 3782 1179 3858 argumento
1207 3782 1390 3853 versantur,

97 3879 260 3969 quaedam
294 3876 457 3943 translata
490 3900 561 3942 0000
589 3877 623 3941 10
650 3876 763 3965 primis
793 3899 833 3941 00
859 3899 944 3964 quae
972 3875 1013 3940 de
1045 3874 1172 3960 graecis
1205 3874 1389 3967 nominihus

97 3983 269 4072 disputata
296 3991 371 4047 sunt
398 4004 431 4069 p.
456 3978 538 4045 1704
565 3979 640 4045 0011.
668 3981 765 4045 Proh.
789 3980 877 4045 cath.
900 3979 936 4061 9,
961 3978 1016 4062 183
1045 3978 1096 4043 33.
1130 3979 1184 4059 18,
1207 3978 1258 4041 24.
1286 3976 1391 4059 21,4

97 4087 240 4174 probare
261 4083 425 4150 videntur.
468 4082 575 4147 miuus
598 4092 724 4148 certum
751 4094 817 4165 est,
846 4106 923 4148 num
945 4081 1112 4147 Donatum
1140 4102 1268 4168 quoque
1290 4078 1389 4143 0110·

98 4198 259 4276 terpretes
281 4187 422 4269 Donati,
451 4185 645 4274 quibuscum
673 4183 842 4271 complura
864 4205 942 4249 0000
965 4184 1148 4250 communia
1169 4181 1284 4264 hahet,
1306 4180 1390 4245 Pho·
1435 4236 1437 4244 .

33 4293 41 4309 ’
98 4314 153 4357 cas
177 4288 375 4357 adhibuerit.
419 4311 496 4353 nam
524 4311 596 4353 cum
624 4287 797 4355 brevitatis
826 4284 934 4351 studio
963 4284 1079 4351 ductus
1103 4295 1135 4349 et
1156 4282 1389 4371 discipulorum
1477 4360 1481 4371 Ι

98 4392 237 4460 utilitati
260 4390 433 4458 consulens
456 4391 565 4455 omnia
586 4389 668 4454 adeo
691 4391 725 4453 10
747 4388 965 4475 conpendium
987 4384 1163 4472 redigeret,
1185 4384 1390 4451 01001001·

101 4490 141 4561 110
166 4507 225 4562 001
246 4497 360 4584 pauois
381 4494 504 4560 veteris
528 4492 695 4558 doctrinae
717 4491 864 4576 vestigiis
891 4488 1012 4557 relictis
1034 4488 1163 4575 regulas
1186 4512 1206 4553 a
1226 4487 1391 4575 plerisque

102 4595 223 4665 artium
239 4595 455 4683 scriptoribus
471 4592 609 4659 traditas
626 4603 835 4681 conponeret,
860 4590 925 4657 dici
946 4590 1075 4680 nequit,
1098 4615 1119 4656 a
1140 4591 1258 4680 quibus
1282 4601 1392 4657 00010·

98 4701 190 4767 ribus
214 4719 361 4788 quaeque
382 4705 488 4786 petita
509 4698 584 4762 sint.
629 4695 687 4759 sed
708 4704 745 4759 ut
765 4692 1024 4779 intellegeretur,
1048 4705 1203 4781 quantum
1224 4692 1296 4758 fieri
1317 4715 1391 4783 pos·

99 4812 170 4886 set,
198 4824 240 4867 ex
268 4802 387 4889 quibus
415 4798 562 4866 fontibus
590 4795 821 4883 grammaticus
849 4806 1028 4884 praecepta
1045 4797 1125 4863 artis
1148 4794 1312 4882 duxisset,
1336 4817 1391 4862 eos
